{"gold_per_floor":[115,131,68,45,60,60,79,108,408,441,452,186,199,229,229,334,334,350,350,52,63,82,112,112,126,197,231,173,173,204,223,223,319,319,329,342,359,376,376,376,402,402,402,437,437,468,518,518,518,518],"floor_reached":51,"playtime":2994,"items_purged":[],"score":1113,"play_id":"0e352f86-178e-4093-ab6f-fd8bafb84f37","local_time":"20190825134450","is_ascension_mode":true,"campfire_choices":[{"data":"True Grit","floor":6.0,"key":"SMITH"},{"floor":15.0,"key":"REST"},{"floor":24.0,"key":"REST"},{"floor":29.0,"key":"REST"},{"floor":32.0,"key":"REST"},{"floor":40,"key":"REST"},{"floor":42,"key":"REST"},{"floor":49,"key":"REST"}],"neow_cost":"NONE","seed_source_timestamp":334378304243386,"circlet_count":0,"master_deck":["Strike_R","Strike_R","Strike_R","Strike_R","Defend_R","Defend_R","Defend_R","Defend_R","Bash","Offering","Inflame","True Grit+1","Armaments","Heavy Blade","Sentinel","Shrug It Off","Infernal Blade","Spot Weakness","Inflame","Apotheosis","Feed","Uppercut","Reaper","Headbutt","Inflame","Battle Trance","Hemokinesis","Rage+1","Corruption","Wild Strike","Inflame","Shockwave","Pummel","Reaper","Thunderclap+1","Whirlwind+1","Flex+1","Burning Pact","Evolve","Enlightenment","Dual Wield","Madness","Madness"],"special_seed":0,"relics":["Burning Blood","Ginger","StoneCalendar","Old Coin","Anchor","Oddly Smooth Stone","Fusion Hammer","Happy Flower","Bottled Tornado","Pantograph","MawBank","Sundial","Philosopher\u0027s Stone","Potion Belt","Gremlin Horn","Art of War","Charon\u0027s Ashes","Girya"],"potions_floor_usage":[33,50,50,50,50],"damage_taken":[{"damage":6.0,"enemies":"2 Louse","floor":1.0,"turns":3.0},{"damage":7.0,"enemies":"Cultist","floor":2.0,"turns":3.0},{"damage":0.0,"enemies":"Small Slimes","floor":5.0,"turns":3.0},{"damage":19.0,"enemies":"Exordium Thugs","floor":7.0,"turns":5.0},{"damage":41.0,"enemies":"Lagavulin","floor":8.0,"turns":5.0},{"damage":26.0,"enemies":"3 Sentries","floor":10.0,"turns":7.0},{"damage":1.0,"enemies":"Looter","floor":11.0,"turns":2.0},{"damage":0.0,"enemies":"Large Slime","floor":13.0,"turns":6.0},{"damage":26.0,"enemies":"Lagavulin","floor":14.0,"turns":5.0},{"damage":11.0,"enemies":"Hexaghost","floor":16.0,"turns":7.0},{"damage":6.0,"enemies":"Shell Parasite","floor":18.0,"turns":2.0},{"damage":11.0,"enemies":"Spheric Guardian","floor":21.0,"turns":4.0},{"damage":3.0,"enemies":"Snake Plant","floor":22.0,"turns":4.0},{"damage":53.0,"enemies":"Gremlin Leader","floor":23.0,"turns":6.0},{"damage":6.0,"enemies":"Snecko","floor":25.0,"turns":4.0},{"damage":42.0,"enemies":"Slavers","floor":27.0,"turns":3.0},{"damage":70.0,"enemies":"Gremlin Leader","floor":30.0,"turns":4.0},{"damage":11.0,"enemies":"Shelled Parasite and Fungi","floor":31.0,"turns":3.0},{"damage":50,"enemies":"Champ","floor":33,"turns":7},{"damage":1,"enemies":"Orb Walker","floor":35,"turns":2},{"damage":37,"enemies":"3 Darklings","floor":36,"turns":4},{"damage":5,"enemies":"Maw","floor":37,"turns":6},{"damage":30,"enemies":"4 Shapes","floor":38,"turns":5},{"damage":29,"enemies":"Giant Head","floor":41,"turns":4},{"damage":46,"enemies":"Nemesis","floor":44,"turns":5},{"damage":27,"enemies":"Giant Head","floor":46,"turns":6},{"damage":44,"enemies":"2 Orb Walkers","floor":47,"turns":4},{"damage":144,"enemies":"Donu and Deca","floor":50,"turns":7}],"seed_played":"-8217455948947289687","potions_obtained":[{"floor":7.0,"key":"AttackPotion"},{"floor":8.0,"key":"Regen Potion"},{"floor":13.0,"key":"GamblersBrew"},{"floor":16.0,"key":"Energy Potion"},{"floor":25.0,"key":"Explosive Potion"},{"floor":30.0,"key":"SneckoOil"},{"floor":36,"key":"Dexterity Potion"},{"floor":41,"key":"Regen Potion"},{"floor":47,"key":"LiquidBronze"}],"is_trial":false,"path_per_floor":["M","M","?","$","M","R","M","E","T","E","M","$","M","E","R","B",null,"M","?","$","M","M","E","R","M","T","E","$","R","E","M","R","B",null,"M","M","M","M","?","R","E","R","T","E","?","E","?","?","R","B",null],"character_chosen":"IRONCLAD","items_purchased":["Armaments","Inflame","Apotheosis","Inflame","Happy Flower","Battle Trance","Inflame"],"campfire_rested":7,"item_purchase_floors":[4,12,12,20,20,20,28],"current_hp_per_floor":[80,79,79,79,80,80,67,32,32,27,32,32,38,18,42,37,69,69,61,61,56,61,24,49,49,49,45,45,71,42,37,63,71,84,88,88,92,82,82,96,73,96,96,84,84,79,68,56,84,9],"gold":518,"neow_bonus":"ONE_RANDOM_RARE_CARD","is_prod":false,"is_daily":false,"chose_seed":false,"campfire_upgraded":1,"win_rate":0,"timestamp":1566765890,"path_taken":["M","M","?","$","?","R","M","E","T","E","M","?","M","E","R","BOSS","M","?","$","M","M","E","R","M","T","E","$","R","E","M","R","BOSS","M","M","M","M","?","R","E","R","T","E","?","E","?","?","R","BOSS"],"build_version":"2019-07-17","purchased_purges":0,"victory":true,"max_hp_per_floor":[80,80,80,80,80,80,80,80,80,80,80,80,80,80,80,80,80,80,80,80,80,80,84,84,84,84,88,88,88,88,88,88,88,88,88,88,92,96,96,96,96,96,96,96,96,96,96,96,96,96],"card_choices":[{"not_picked":["Flex","Anger"],"picked":"Inflame","floor":1.0},{"not_picked":["Clash","Iron Wave"],"picked":"True Grit","floor":2.0},{"not_picked":["Pommel Strike","Body Slam"],"picked":"Heavy Blade","floor":5.0},{"not_picked":["Ghostly Armor","Clothesline"],"picked":"Sentinel","floor":7.0},{"not_picked":["Anger","True Grit"],"picked":"Shrug It Off","floor":8.0},{"not_picked":["Havoc","Iron Wave"],"picked":"Infernal Blade","floor":10.0},{"not_picked":["Sever Soul","Headbutt"],"picked":"Spot Weakness","floor":11.0},{"not_picked":["Intimidate","Perfected Strike"],"picked":"Feed","floor":13.0},{"not_picked":["Headbutt","Twin Strike"],"picked":"Uppercut","floor":14.0},{"not_picked":["Double Tap","Demon Form"],"picked":"Reaper","floor":16.0},{"not_picked":["Sever Soul+1","Perfected Strike+1"],"picked":"Headbutt","floor":18.0},{"not_picked":["Battle Trance","Iron Wave"],"picked":"Hemokinesis","floor":21.0},{"not_picked":["Anger","Burning Pact"],"picked":"Rage+1","floor":22.0},{"not_picked":["Bloodletting+1","Fiend Fire"],"picked":"Corruption","floor":23.0},{"not_picked":["Armaments","Havoc","Shrug It Off"],"picked":"SKIP","floor":25.0},{"not_picked":["Fire Breathing","Sword Boomerang+1"],"picked":"Wild Strike","floor":27.0},{"not_picked":["Hemokinesis","Carnage"],"picked":"Shockwave","floor":30.0},{"not_picked":["Carnage","Perfected Strike"],"picked":"Pummel","floor":31.0},{"not_picked":["Bludgeon","Brutality"],"picked":"Reaper","floor":33},{"not_picked":["Armaments+1","Sword Boomerang+1"],"picked":"Thunderclap+1","floor":35},{"not_picked":["Clash+1","Barricade","Thunderclap+1"],"picked":"SKIP","floor":36},{"not_picked":["Perfected Strike+1","Reckless Charge"],"picked":"Whirlwind+1","floor":37},{"not_picked":["Bloodletting","Clothesline"],"picked":"Flex+1","floor":38},{"not_picked":["Clothesline","Flex+1"],"picked":"Burning Pact","floor":41},{"not_picked":["Cleave","Havoc+1"],"picked":"Evolve","floor":44},{"not_picked":["Good Instincts","Mayhem"],"picked":"Enlightenment","floor":45},{"not_picked":["Iron Wave","Thunderclap+1","Shrug It Off+1"],"picked":"SKIP","floor":46},{"not_picked":["Shrug It Off","Intimidate"],"picked":"Dual Wield","floor":47}],"player_experience":3042049,"relics_obtained":[{"floor":8.0,"key":"StoneCalendar"},{"floor":9.0,"key":"Old Coin"},{"floor":10.0,"key":"Anchor"},{"floor":14.0,"key":"Oddly Smooth Stone"},{"floor":23.0,"key":"Bottled Tornado"},{"floor":26.0,"key":"Pantograph"},{"floor":27.0,"key":"MawBank"},{"floor":30.0,"key":"Sundial"},{"floor":41,"key":"Potion Belt"},{"floor":43,"key":"Gremlin Horn"},{"floor":44,"key":"Art of War"},{"floor":46,"key":"Charon\u0027s Ashes"},{"floor":47,"key":"Girya"}],"event_choices":[{"damage_healed":0.0,"max_hp_gain":0.0,"max_hp_loss":0.0,"gold_gain":0.0,"event_name":"WeMeetAgain","player_choice":"Paid Gold","floor":3.0,"gold_loss":63.0,"damage_taken":0.0,"relics_obtained":["Ginger"]},{"damage_healed":0.0,"max_hp_gain":0.0,"max_hp_loss":0.0,"gold_gain":0.0,"event_name":"Wheel of Change","player_choice":"Damaged","floor":19.0,"gold_loss":0.0,"damage_taken":8.0},{"cards_removed":["Strike_R"],"damage_healed":0,"gold_gain":0,"player_choice":"Removed Attack","damage_taken":0,"max_hp_gain":0,"max_hp_loss":0,"event_name":"Falling","floor":39,"gold_loss":0},{"damage_healed":0,"gold_gain":0,"player_choice":"Memory 1","damage_taken":0,"max_hp_gain":0,"max_hp_loss":0,"event_name":"SensoryStone","floor":45,"gold_loss":0},{"damage_healed":0,"gold_gain":0,"player_choice":"Fight","damage_taken":0,"max_hp_gain":0,"max_hp_loss":0,"event_name":"Mysterious Sphere","floor":47,"gold_loss":0},{"damage_healed":0,"gold_gain":0,"player_choice":"Embrace Madness","damage_taken":12,"max_hp_gain":0,"max_hp_loss":0,"event_name":"Winding Halls","floor":48,"gold_loss":0,"cards_obtained":["Madness","Madness"]}],"is_beta":false,"boss_relics":[{"not_picked":["Calling Bell","Lizard Tail"],"picked":"Fusion Hammer"},{"not_picked":["Runic Pyramid","Runic Dome"],"picked":"Philosopher\u0027s Stone"}],"items_purged_floors":[],"is_endless":false,"potions_floor_spawned":[7,8,13,16,22,25,30,36,41,47],"ascension_level":5}