{"path_per_floor":["M","?","M","$","M","R","E","T","T","R","M","M","R","M","R","B",null,"M","?","T","$","M","R","?","M","T","R","M","R","$","M","R","B",null,"M"],"character_chosen":"IRONCLAD","items_purchased":["Twin Strike","Inflame","Regen Potion"],"gold_per_floor":[113,113,128,28,39,39,73,73,73,73,89,102,102,122,122,220,220,235,150,150,11,25,25,25,41,41,41,58,58,8,24,24,127,127,138,138],"floor_reached":36,"campfire_rested":3,"playtime":5330,"current_hp_per_floor":[80,80,80,80,80,80,41,41,41,41,43,49,49,54,54,54,80,79,79,79,79,52,52,36,14,14,38,24,48,48,58,80,17,80,60,0],"items_purged":["Strike_R","Strike_R"],"gold":138,"score":364,"play_id":"25b6239f-aa49-4eac-8c36-20c84d6e8a19","local_time":"20180428125250","is_prod":false,"is_daily":false,"chose_seed":false,"is_ascension_mode":false,"campfire_upgraded":5,"timestamp":1524945170,"path_taken":["M","?","M","$","M","R","E","?","T","R","?","M","R","M","R","BOSS","M","?","?","$","M","R","?","?","T","R","M","R","$","M","R","BOSS","M","?"],"build_version":"2018-04-26","seed_source_timestamp":0,"purchased_purges":2,"victory":false,"master_deck":["Strike_R","Strike_R","Strike_R","Defend_R","Defend_R","Defend_R","Defend_R","Bash","Rampage","True Grit+1","Twin Strike","Ghostly Armor+1","Cleave","Armaments+1","Shrug It Off+1","Barricade+1","Inflame","Iron Wave+1","Evolve+1","Whirlwind+1","Inflame"],"max_hp_per_floor":[80,80,80,80,80,80,80,80,80,80,80,80,80,80,80,80,80,80,80,80,80,80,80,80,80,80,80,80,80,80,80,80,80,80,80,80],"relics":["Burning Blood","Lantern","Ginger","Centennial Puzzle","Molten Egg 2","Black Star","Dream Catcher","Anchor","Nilry\u0027s Codex","Champion Belt"],"card_choices":[{"not_picked":["Cleave","Havoc"],"picked":"Rampage","floor":1.0},{"not_picked":["Bloodletting","Thunderclap"],"picked":"True Grit","floor":3.0},{"not_picked":["Uppercut","Iron Wave"],"picked":"Ghostly Armor","floor":5.0},{"not_picked":["Rampage","Burning Pact"],"picked":"Cleave","floor":7.0},{"not_picked":["Havoc","Metallicize"],"picked":"Armaments","floor":12.0},{"not_picked":["Feel No Pain","Cleave"],"picked":"Shrug It Off","floor":14.0},{"not_picked":["Impervious","Feed"],"picked":"Barricade","floor":16.0},{"not_picked":["Second Wind","Twin Strike"],"picked":"Iron Wave","floor":25},{"not_picked":["Pommel Strike","Thunderclap"],"picked":"Evolve","floor":28},{"not_picked":["Fiend Fire","Power Through"],"picked":"Whirlwind","floor":29},{"not_picked":["Twin Strike","Bloodletting"],"picked":"Inflame","floor":35}],"player_experience":62378,"potions_floor_usage":[22,31,33,33,36],"damage_taken":[{"damage":1.0,"enemies":"2 Louse","floor":1.0,"turns":3.0},{"damage":5.0,"enemies":"Small Slimes","floor":3.0,"turns":3.0},{"damage":1.0,"enemies":"Jaw Worm","floor":5.0,"turns":3.0},{"damage":45.0,"enemies":"Lagavulin","floor":7.0,"turns":9.0},{"damage":4.0,"enemies":"Exordium Thugs","floor":11.0,"turns":4.0},{"damage":0.0,"enemies":"Large Slime","floor":12.0,"turns":5.0},{"damage":1.0,"enemies":"Looter","floor":14.0,"turns":3.0},{"damage":6.0,"enemies":"Slime Boss","floor":16.0,"turns":11.0},{"damage":7.0,"enemies":"Shell Parasite","floor":18.0,"turns":14.0},{"damage":33,"enemies":"Cultist and Chosen","floor":22,"turns":9},{"damage":28,"enemies":"3 Cultists","floor":25,"turns":7},{"damage":20,"enemies":"Chosen and Byrds","floor":28,"turns":10},{"damage":11,"enemies":"Centurion and Healer","floor":31,"turns":10},{"damage":69,"enemies":"Collector","floor":33,"turns":12},{"damage":26,"enemies":"3 Darklings","floor":35,"turns":6},{"damage":62,"enemies":"Mysterious Sphere","floor":36,"turns":3}],"event_choices":[{"event_name":"Liars Game","player_choice":"disagreed","floor":2.0,"damage_taken":0.0},{"event_name":"Addict","player_choice":"Obtained Relic","floor":19.0,"damage_taken":0.0},{"event_name":"Cursed Tome","player_choice":"Obtained Book","floor":24,"damage_taken":0},{"event_name":"Mysterious Sphere","player_choice":"Fight","floor":36,"damage_taken":0}],"boss_relics":[{"not_picked":["Mark of Pain","Sozu","Runic Pyramid"]}],"potions_floor_spawned":[7,12,14,18,28,31,35],"seed_played":"-9024931219233560352","killed_by":"Mysterious Sphere","ascension_level":0,"is_trial":false}