{"gold_per_floor":[117,135,147,166,184,184,216,216,243,263,293,293],"floor_reached":12,"playtime":698,"items_purged":[],"score":101,"play_id":"24632ea9-bbd6-420e-9c32-24a721a91853","local_time":"20190628123902","is_ascension_mode":true,"campfire_choices":[{"floor":6,"key":"RECALL"},{"floor":8,"key":"REST"}],"neow_cost":"NONE","seed_source_timestamp":1332911851256211,"circlet_count":0,"master_deck":["Defend_G","Defend_G","Defend_G","Defend_G","Defend_G","Strike_G","Strike_G","Strike_G","Strike_G","Strike_G","Survivor","Neutralize","Noxious Fumes","Dagger Spray","Noxious Fumes","Catalyst","Escape Plan","Acrobatics","Calculated Gamble"],"relics":["Ring of the Snake","Kunai","Snake Skull","Centennial Puzzle"],"potions_floor_usage":[7,11],"damage_taken":[{"damage":9,"enemies":"Jaw Worm","floor":1,"turns":3},{"damage":0,"enemies":"Cultist","floor":2,"turns":4},{"damage":0,"enemies":"Small Slimes","floor":3,"turns":4},{"damage":9,"enemies":"Exordium Wildlife","floor":4,"turns":5},{"damage":7,"enemies":"Blue Slaver","floor":5,"turns":5},{"damage":26,"enemies":"Lagavulin","floor":7,"turns":5},{"damage":11,"enemies":"2 Fungi Beasts","floor":10,"turns":4},{"damage":24,"enemies":"Gremlin Nob","floor":11,"turns":4},{"damage":0,"enemies":"3 Louse","floor":12,"turns":1}],"seed_played":"-2535675159205701405","potions_obtained":[{"floor":3,"key":"SteroidPotion"},{"floor":5,"key":"SteroidPotion"},{"floor":11,"key":"SteroidPotion"}],"is_trial":false,"path_per_floor":["M","M","M","M","M","R","E","R","T","M","E","M"],"character_chosen":"THE_SILENT","items_purchased":[],"campfire_rested":1,"item_purchase_floors":[],"current_hp_per_floor":[68,68,68,59,52,52,26,49,49,38,14,14],"gold":293,"neow_bonus":"TEN_PERCENT_HP_BONUS","is_prod":false,"is_daily":false,"chose_seed":false,"campfire_upgraded":0,"win_rate":0,"timestamp":1561739942,"path_taken":["M","M","M","M","M","R","E","R","T","M","E","M"],"build_version":"2019-01-23","purchased_purges":0,"victory":false,"max_hp_per_floor":[77,77,77,77,77,77,77,77,77,77,77,77],"card_choices":[{"not_picked":["Quick Slash","PiercingWail"],"picked":"Noxious Fumes","floor":1},{"not_picked":["PiercingWail","Sucker Punch"],"picked":"Dagger Spray","floor":2},{"not_picked":["Dash","PiercingWail"],"picked":"Noxious Fumes","floor":3},{"not_picked":["Expertise","Dodge and Roll","Concentrate"],"picked":"SKIP","floor":4},{"not_picked":["Slice","Bane"],"picked":"Catalyst","floor":5},{"not_picked":["Acrobatics","Expertise"],"picked":"Escape Plan","floor":7},{"not_picked":["Dagger Throw","Slice"],"picked":"Acrobatics","floor":10},{"not_picked":["Deflect","Terror"],"picked":"Calculated Gamble","floor":11}],"player_experience":256796,"relics_obtained":[{"floor":7,"key":"Kunai"},{"floor":9,"key":"Snake Skull"},{"floor":11,"key":"Centennial Puzzle"}],"event_choices":[],"is_beta":false,"boss_relics":[],"items_purged_floors":[],"is_endless":false,"potions_floor_spawned":[3,5,11],"killed_by":"3 Louse","ascension_level":2}