{"gold_per_floor":[209,221,147,162,182,216,216,246,246,260,260],"floor_reached":11,"playtime":647,"items_purged":[],"score":89,"play_id":"dc1fe6dc-3b72-4d3d-b06f-2b0d17c682c9","local_time":"20190626205916","is_ascension_mode":true,"campfire_choices":[{"floor":7,"key":"RECALL"}],"neow_cost":"NONE","seed_source_timestamp":1190180322001500,"circlet_count":0,"master_deck":["Strike_R","Strike_R","Strike_R","Strike_R","Strike_R","Defend_R","Defend_R","Defend_R","Defend_R","Bash","Intimidate","Feel No Pain","Corruption","Armaments","Clash","Carnage","Barricade"],"relics":["Burning Blood","Sundial","Red Skull"],"potions_floor_usage":[8],"damage_taken":[{"damage":0,"enemies":"2 Louse","floor":1,"turns":2},{"damage":13,"enemies":"Cultist","floor":2,"turns":4},{"damage":3,"enemies":"Small Slimes","floor":4,"turns":4},{"damage":16,"enemies":"Exordium Wildlife","floor":5,"turns":5},{"damage":24,"enemies":"3 Sentries","floor":6,"turns":15},{"damage":22,"enemies":"Gremlin Nob","floor":8,"turns":5},{"damage":11,"enemies":"Blue Slaver","floor":10,"turns":4},{"damage":30,"enemies":"3 Sentries","floor":11,"turns":4}],"seed_played":"-6189935928223572245","potions_obtained":[{"floor":1,"key":"Weak Potion"},{"floor":2,"key":"Fire Potion"}],"is_trial":false,"path_per_floor":["M","M","$","M","M","E","R","E","T","M","E"],"character_chosen":"IRONCLAD","items_purchased":["Corruption"],"campfire_rested":0,"item_purchase_floors":[3],"current_hp_per_floor":[80,73,73,76,66,48,48,32,32,27,0],"gold":260,"neow_bonus":"HUNDRED_GOLD","is_prod":false,"is_daily":false,"chose_seed":false,"campfire_upgraded":0,"win_rate":0,"timestamp":1561597156,"path_taken":["M","M","$","M","M","E","R","E","T","M","E"],"build_version":"2019-01-23","purchased_purges":0,"victory":false,"max_hp_per_floor":[80,80,80,80,80,80,80,80,80,80,80],"card_choices":[{"not_picked":["Thunderclap","Reckless Charge"],"picked":"Intimidate","floor":1},{"not_picked":["True Grit","Headbutt"],"picked":"Feel No Pain","floor":2},{"not_picked":["Spot Weakness","True Grit"],"picked":"Armaments","floor":4},{"not_picked":["Rampage","Twin Strike"],"picked":"Clash","floor":5},{"not_picked":["Iron Wave","Second Wind"],"picked":"Carnage","floor":6},{"not_picked":["Heavy Blade","Intimidate"],"picked":"Barricade","floor":8},{"not_picked":["Twin Strike","Sever Soul","Wild Strike"],"picked":"SKIP","floor":10}],"player_experience":229490,"relics_obtained":[{"floor":6,"key":"Sundial"},{"floor":8,"key":"Red Skull"}],"event_choices":[],"is_beta":false,"boss_relics":[],"items_purged_floors":[],"is_endless":false,"potions_floor_spawned":[1,2],"killed_by":"3 Sentries","ascension_level":1}