{"gold_per_floor":[113,113,129,129,304,338,338,354,354,354,99,99,132,13,13,113,113,124,74,74,74,90,90,119,135,187,187,221,241,191,0,0,105,105,124,124,144,94,108,208,208,241,266,85,100,100],"floor_reached":46,"playtime":2041,"items_purged":["Strike_G","Strike_G","Doubt","Shame","Catalyst","Bane"],"score":594,"play_id":"795fbd8b-3064-41df-840f-06c6357d5f56","local_time":"20190624111404","is_ascension_mode":true,"campfire_choices":[{"floor":7,"key":"RECALL"},{"data":"Neutralize","floor":12,"key":"SMITH"},{"data":"Infinite Blades","floor":15,"key":"SMITH"},{"data":"After Image","floor":23,"key":"SMITH"},{"data":"Infinite Blades","floor":27,"key":"SMITH"},{"data":"1","floor":32,"key":"LIFT"}],"neow_cost":"NONE","seed_source_timestamp":980876919022952,"circlet_count":0,"master_deck":["Survivor","Neutralize+1","Accuracy+1","Poisoned Stab","Blade Dance+1","Infinite Blades+1","Accuracy","After Image+1","Blur","Calculated Gamble","Unload","Quick Slash","Caltrops","PiercingWail","Infinite Blades+1","Accuracy+1","Storm of Steel","Accuracy","Blade Dance"],"relics":["Ring of the Snake","NeowsBlessing","Smiling Mask","Pantograph","Medical Kit","Meat on the Bone","Pandora\u0027s Box","Bag of Marbles","Vajra","Boot","Girya","Runic Dome","FossilizedHelix","Bottled Lightning","Omamori"],"potions_floor_usage":[16,25,28,33,46],"damage_taken":[{"damage":0,"enemies":"2 Louse","floor":1,"turns":1},{"damage":0,"enemies":"Cultist","floor":3,"turns":1},{"damage":0,"enemies":"Gremlin Nob","floor":6,"turns":1},{"damage":0,"enemies":"Small Slimes","floor":8,"turns":4},{"damage":13,"enemies":"Lagavulin","floor":13,"turns":6},{"damage":42,"enemies":"The Guardian","floor":16,"turns":9},{"damage":9,"enemies":"Shell Parasite","floor":18,"turns":5},{"damage":15,"enemies":"3 Byrds","floor":22,"turns":5},{"damage":18,"enemies":"Book of Stabbing","floor":24,"turns":5},{"damage":9,"enemies":"Cultist and Chosen","floor":25,"turns":4},{"damage":22,"enemies":"Gremlin Leader","floor":28,"turns":4},{"damage":18,"enemies":"Snake Plant","floor":29,"turns":4},{"damage":13,"enemies":"Automaton","floor":33,"turns":6},{"damage":0,"enemies":"Orb Walker","floor":35,"turns":3},{"damage":28,"enemies":"3 Darklings","floor":37,"turns":4},{"damage":29,"enemies":"Sphere and 2 Shapes","floor":39,"turns":4},{"damage":11,"enemies":"Mind Bloom Boss Battle","floor":40,"turns":4},{"damage":37,"enemies":"Nemesis","floor":42,"turns":5},{"damage":0,"enemies":"Spire Growth","floor":45,"turns":3},{"damage":36,"enemies":"Reptomancer","floor":46,"turns":2}],"seed_played":"2007222852196146184","potions_obtained":[{"floor":1,"key":"Explosive Potion"},{"floor":3,"key":"GhostInAJar"},{"floor":16,"key":"SmokeBomb"},{"floor":18,"key":"Block Potion"},{"floor":25,"key":"Strength Potion"},{"floor":39,"key":"Dexterity Potion"},{"floor":42,"key":"Block Potion"}],"is_trial":false,"path_per_floor":["M","?","M","T","?","E","R","M","T","?","$","R","E","$","R","B",null,"M","$","?","?","M","R","E","M","T","R","E","M","$","?","R","B",null,"M","?","M","$","M","?","?","E","T","$","M","E"],"character_chosen":"THE_SILENT","items_purchased":["Medical Kit","Accuracy","Accuracy","Block Potion"],"campfire_rested":0,"item_purchase_floors":[11,14,44,44],"current_hp_per_floor":[70,70,70,70,70,70,70,70,70,56,56,56,43,43,43,38,70,61,61,61,61,46,46,40,43,43,43,33,27,27,27,27,39,70,70,70,42,42,25,39,39,14,14,14,26,0],"gold":100,"neow_bonus":"THREE_ENEMY_KILL","is_prod":false,"is_daily":false,"chose_seed":false,"campfire_upgraded":4,"win_rate":0,"timestamp":1561389244,"path_taken":["M","?","?","?","?","E","R","M","T","?","?","R","E","$","R","BOSS","M","$","?","?","M","R","E","M","T","R","E","M","$","?","R","BOSS","M","?","M","$","M","?","?","E","T","$","M","E"],"build_version":"2019-01-23","purchased_purges":6,"victory":false,"max_hp_per_floor":[70,70,70,70,70,70,70,70,70,70,70,70,70,70,70,70,70,70,70,70,70,70,70,70,70,70,70,70,70,70,70,70,70,70,70,70,70,70,70,70,66,66,66,66,66,66],"card_choices":[{"not_picked":["Outmaneuver","Heel Hook"],"picked":"Accuracy","floor":1},{"not_picked":["Slice","PiercingWail"],"picked":"Poisoned Stab","floor":3},{"not_picked":["Glass Knife","Underhanded Strike","Setup"],"picked":"SKIP","floor":6},{"not_picked":["Backflip","Dagger Spray"],"picked":"Blade Dance","floor":8},{"not_picked":["Acrobatics","Blur"],"picked":"Infinite Blades","floor":13},{"not_picked":["Grand Finale","Glass Knife"],"picked":"After Image","floor":16},{"not_picked":["Sucker Punch","Cloak And Dagger","Masterful Stab"],"picked":"SKIP","floor":18},{"not_picked":["Eviscerate","Backflip","Slice"],"picked":"SKIP","floor":22},{"not_picked":["Crippling Poison+1","Poisoned Stab"],"picked":"Infinite Blades","floor":24},{"not_picked":["Quick Slash+1","Outmaneuver"],"picked":"Accuracy+1","floor":25},{"not_picked":["Finisher","Dagger Spray","Dagger Throw"],"picked":"SKIP","floor":28},{"not_picked":["Dodge and Roll","Reflex+1"],"picked":"Storm of Steel","floor":29},{"not_picked":["Backflip+1","Underhanded Strike+1","Flying Knee+1"],"picked":"SKIP","floor":35},{"not_picked":["Quick Slash","Deflect+1","Underhanded Strike+1"],"picked":"SKIP","floor":37},{"not_picked":["Riddle With Holes","Sucker Punch","Crippling Poison+1"],"picked":"SKIP","floor":39},{"not_picked":["Riddle With Holes+1","Noxious Fumes+1","Skewer"],"picked":"SKIP","floor":42},{"not_picked":["Flechettes","Deadly Poison"],"picked":"Blade Dance","floor":45}],"player_experience":203976,"relics_obtained":[{"floor":6,"key":"Smiling Mask"},{"floor":9,"key":"Pantograph"},{"floor":13,"key":"Meat on the Bone"},{"floor":24,"key":"Vajra"},{"floor":26,"key":"Boot"},{"floor":28,"key":"Girya"},{"floor":40,"key":"FossilizedHelix"},{"floor":42,"key":"Bottled Lightning"},{"floor":43,"key":"Omamori"}],"event_choices":[{"damage_healed":0,"gold_gain":0,"player_choice":"Forge","damage_taken":0,"max_hp_gain":0,"max_hp_loss":0,"event_name":"Accursed Blacksmith","floor":2,"gold_loss":0,"cards_upgraded":["Accuracy"]},{"damage_healed":0,"gold_gain":175,"player_choice":"AGREE","damage_taken":0,"max_hp_gain":0,"max_hp_loss":0,"event_name":"Liars Game","floor":5,"gold_loss":0,"cards_obtained":["Doubt"]},{"damage_healed":0,"gold_gain":0,"player_choice":"Entered Light","damage_taken":14,"max_hp_gain":0,"max_hp_loss":0,"event_name":"Shining Light","floor":10,"gold_loss":0,"cards_upgraded":["Blade Dance","Strike_G"]},{"damage_healed":0,"gold_gain":0,"player_choice":"Stole Relic","damage_taken":0,"relics_obtained":["Bag of Marbles"],"max_hp_gain":0,"max_hp_loss":0,"event_name":"Addict","floor":20,"gold_loss":0,"cards_obtained":["Shame"]},{"damage_healed":0,"gold_gain":0,"player_choice":"Ignored","damage_taken":0,"max_hp_gain":0,"max_hp_loss":0,"event_name":"Beggar","floor":21,"gold_loss":0},{"damage_healed":0,"gold_gain":0,"player_choice":"Paid Fearfully","damage_taken":0,"max_hp_gain":0,"max_hp_loss":0,"event_name":"Masked Bandits","floor":31,"gold_loss":191},{"damage_healed":0,"gold_gain":0,"player_choice":"Memory 1","damage_taken":0,"max_hp_gain":0,"max_hp_loss":0,"event_name":"SensoryStone","floor":36,"gold_loss":0},{"damage_healed":0,"gold_gain":0,"player_choice":"Fight","damage_taken":0,"max_hp_gain":0,"max_hp_loss":0,"event_name":"MindBloom","floor":40,"gold_loss":0},{"damage_healed":0,"gold_gain":0,"player_choice":"Max HP","damage_taken":0,"max_hp_gain":0,"max_hp_loss":4,"event_name":"Winding Halls","floor":41,"gold_loss":0}],"is_beta":false,"boss_relics":[{"not_picked":["Philosopher\u0027s Stone","Cursed Key"],"picked":"Pandora\u0027s Box"},{"not_picked":["WristBlade","Empty Cage"],"picked":"Runic Dome"}],"items_purged_floors":[11,14,19,30,38,44],"is_endless":false,"potions_floor_spawned":[1,3,16,18,25,33,39,42],"killed_by":"Reptomancer","ascension_level":2}