{"gold_per_floor":[113,44,44,144,157,157,191,191,241,241,241,273,18,38,38,139,139,152,169,94,107,107,107,136,136,136,169,169,182,182,37,37,135,135,152,252,252,264,264,296,296,296,296,328,92,123,123,134,134,134],"floor_reached":51,"playtime":2572,"items_purged":[],"score":925,"play_id":"dc8fb649-aa02-4dc9-b4fe-d6f5226e5df6","local_time":"20190929004118","is_ascension_mode":true,"campfire_choices":[{"data":"Prostrate","floor":6.0,"key":"SMITH"},{"data":"Sanctity","floor":10.0,"key":"SMITH"},{"floor":15.0,"key":"REST"},{"data":"DevaForm","floor":23,"key":"SMITH"},{"floor":25,"key":"REST"},{"floor":30,"key":"REST"},{"data":"Devotion","floor":32,"key":"SMITH"},{"floor":41,"key":"REST"},{"floor":47,"key":"REST"},{"floor":49,"key":"REST"}],"neow_cost":"NONE","seed_source_timestamp":617691980796194,"circlet_count":0,"master_deck":["Defend_P","Defend_P","Defend_P","Defend_P","Eruption","Vigilance","FlyingSleeves","Prostrate+1","EmptyBody","JustLucky","Sanctity+1","Prostrate","FollowUp","DevaForm+1","Wallop","FlyingSleeves","Devotion+1","Bite","Bite","Bite","Bite","Bite","Consecrate","Prostrate","Ragnarok","Collect+1","WreathOfFlame+1","BattleHymn","ConjureBlade","Master of Strategy","BattleHymn","Halt+1"],"special_seed":0,"relics":["PureWater","NeowsBlessing","Letter Opener","Shuriken","Boot","Regal Pillow","Matryoshka","Snecko Eye","Nunchaku","White Beast Statue","Bottled Flame","Ice Cream","Happy Flower","VioletLotus","TungstenRod","Potion Belt","Orichalcum","Vajra","Incense Burner","HornCleat","Ancient Tea Set"],"potions_floor_usage":[18,24,38,38,40,46,46,50,50],"damage_taken":[{"damage":0.0,"enemies":"Cultist","floor":1.0,"turns":1.0},{"damage":0.0,"enemies":"Jaw Worm","floor":5.0,"turns":1.0},{"damage":0.0,"enemies":"3 Sentries","floor":7.0,"turns":1.0},{"damage":26.0,"enemies":"Gremlin Nob","floor":12.0,"turns":4.0},{"damage":0.0,"enemies":"Small Slimes","floor":14.0,"turns":3.0},{"damage":13,"enemies":"The Guardian","floor":16,"turns":10},{"damage":0,"enemies":"3 Byrds","floor":18,"turns":4},{"damage":0,"enemies":"Chosen","floor":19,"turns":4},{"damage":6,"enemies":"Snake Plant","floor":21,"turns":5},{"damage":45,"enemies":"Gremlin Leader","floor":24,"turns":9},{"damage":32,"enemies":"Book of Stabbing","floor":27,"turns":6},{"damage":0,"enemies":"Centurion and Healer","floor":29,"turns":5},{"damage":18,"enemies":"Champ","floor":33,"turns":9},{"damage":14,"enemies":"3 Shapes","floor":35,"turns":5},{"damage":0,"enemies":"Mind Bloom Boss Battle","floor":36,"turns":9},{"damage":10,"enemies":"3 Darklings","floor":38,"turns":4},{"damage":42,"enemies":"Nemesis","floor":40,"turns":7},{"damage":4,"enemies":"Giant Head","floor":44,"turns":6},{"damage":17,"enemies":"Nemesis","floor":46,"turns":7},{"damage":24,"enemies":"Jaw Worm Horde","floor":48,"turns":4},{"damage":33,"enemies":"Time Eater","floor":50,"turns":7}],"seed_played":"-8426683752160267310","potions_obtained":[{"floor":7.0,"key":"SteroidPotion"},{"floor":12.0,"key":"Swift Potion"},{"floor":14.0,"key":"Block Potion"},{"floor":27,"key":"SpeedPotion"},{"floor":29,"key":"AttackPotion"},{"floor":33,"key":"StancePotion"},{"floor":35,"key":"BottledMiracle"},{"floor":38,"key":"SkillPotion"},{"floor":40,"key":"Swift Potion"},{"floor":44,"key":"Strength Potion"},{"floor":46,"key":"SpeedPotion"},{"floor":48,"key":"LiquidBronze"}],"is_trial":false,"path_per_floor":["M","$","?","?","M","R","E","T","T","R","?","E","$","M","R","B",null,"M","M","$","M","?","R","E","R","T","E","?","M","R","$","R","B",null,"M","?","T","M","?","E","R","?","T","E","$","E","R","M","R","B",null],"character_chosen":"WATCHER","items_purchased":["Prostrate","EmptyBody","Matryoshka","Devotion","Happy Flower","Master of Strategy","BattleHymn"],"campfire_rested":6,"item_purchase_floors":[2,2,13,20,31,45,45],"current_hp_per_floor":[72,72,72,72,72,72,72,72,72,72,65,39,39,39,72,59,72,72,72,72,66,50,50,25,50,50,26,20,34,50,50,50,50,50,42,50,50,46,46,14,44,44,44,50,50,34,50,32,50,19],"gold":134,"neow_bonus":"THREE_ENEMY_KILL","is_prod":false,"is_daily":false,"chose_seed":false,"campfire_upgraded":4,"win_rate":0,"timestamp":1569742878,"path_taken":["M","$","?","?","?","R","E","?","T","R","?","E","?","?","R","BOSS","M","M","$","M","?","R","E","R","T","E","?","?","R","$","R","BOSS","M","?","?","?","?","E","R","?","T","E","$","E","R","M","R","BOSS"],"build_version":"2019-09-27","purchased_purges":0,"victory":true,"max_hp_per_floor":[72,72,72,72,72,72,72,72,72,72,72,72,72,72,72,72,72,72,72,72,72,50,50,50,50,50,50,50,50,50,50,50,50,50,50,50,50,50,50,50,50,50,50,50,50,50,50,50,50,50],"card_choices":[{"not_picked":["ThirdEye","JustLucky"],"picked":"FlyingSleeves","floor":1.0},{"not_picked":["ClearTheMind","Scrawl"],"picked":"JustLucky","floor":5.0},{"not_picked":["Protect","Wish"],"picked":"Sanctity","floor":7.0},{"not_picked":["WindmillStrike","FlowState"],"picked":"Prostrate","floor":12.0},{"not_picked":["CrushJoints","Crescendo"],"picked":"FollowUp","floor":14.0},{"not_picked":["Judgement","Omniscience"],"picked":"DevaForm","floor":16},{"not_picked":["WheelKick","ClearTheMind+1"],"picked":"Wallop","floor":18},{"not_picked":["ClearTheMind","EmptyBody"],"picked":"FlyingSleeves","floor":19},{"not_picked":["JustLucky","FlurryOfBlows"],"picked":"Perseverance+1","floor":21},{"not_picked":["EmptyBody","Prostrate"],"picked":"Consecrate","floor":24},{"not_picked":["Perseverance","Meditate"],"picked":"Prostrate","floor":27},{"not_picked":["SashWhip+1","CutThroughFate","Crescendo+1"],"picked":"SKIP","floor":29},{"not_picked":["Pray","Wish"],"picked":"Ragnarok","floor":33},{"not_picked":["MasterReality","Wallop","ForeignInfluence"],"picked":"SKIP","floor":35},{"not_picked":["Sanctity","FollowUp"],"picked":"Collect+1","floor":36},{"not_picked":["Consecrate+1","PathToVictory+1"],"picked":"WreathOfFlame+1","floor":38},{"not_picked":["EmptyBody","SandsOfTime+1"],"picked":"BattleHymn","floor":40},{"not_picked":["Weave+1","CarveReality+1"],"picked":"ConjureBlade","floor":44},{"not_picked":["Prostrate+1","BattleHymn+1","Halt+1"],"picked":"SKIP","floor":46},{"not_picked":["Sanctity","Weave+1"],"picked":"Halt+1","floor":48}],"player_experience":44747,"relics_obtained":[{"floor":7.0,"key":"Letter Opener"},{"floor":8.0,"key":"Shuriken"},{"floor":9.0,"key":"Boot"},{"floor":12.0,"key":"Regal Pillow"},{"floor":24,"key":"Nunchaku"},{"floor":26,"key":"White Beast Statue"},{"floor":26,"key":"Bottled Flame"},{"floor":27,"key":"Ice Cream"},{"floor":36,"key":"TungstenRod"},{"floor":37,"key":"Potion Belt"},{"floor":37,"key":"Orichalcum"},{"floor":40,"key":"Vajra"},{"floor":43,"key":"Incense Burner"},{"floor":44,"key":"HornCleat"},{"floor":46,"key":"Ancient Tea Set"}],"event_choices":[{"damage_healed":0.0,"max_hp_gain":0.0,"max_hp_loss":0.0,"gold_gain":0.0,"event_name":"Liars Game","player_choice":"Ignored","floor":3.0,"gold_loss":0.0,"damage_taken":0.0},{"damage_healed":0.0,"max_hp_gain":0.0,"max_hp_loss":0.0,"gold_gain":100.0,"event_name":"Golden Shrine","player_choice":"Pray","floor":4.0,"gold_loss":0.0,"damage_taken":0.0},{"cards_removed":["Strike_P"],"damage_healed":0.0,"max_hp_gain":0.0,"max_hp_loss":0.0,"gold_gain":0.0,"event_name":"Golden Wing","player_choice":"Card Removal","floor":11.0,"gold_loss":0.0,"damage_taken":7.0},{"damage_healed":0,"gold_gain":0,"player_choice":"Became a vampire","damage_taken":0,"max_hp_gain":0,"max_hp_loss":22,"event_name":"Vampires","floor":22,"gold_loss":0,"cards_obtained":["Bite","Bite","Bite","Bite","Bite"]},{"damage_healed":0,"gold_gain":0,"player_choice":"","damage_taken":6,"max_hp_gain":0,"max_hp_loss":0,"event_name":"Knowing Skull","floor":28,"potions_obtained":[],"gold_loss":0,"cards_obtained":[]},{"damage_healed":0,"gold_gain":0,"player_choice":"Fight","damage_taken":0,"max_hp_gain":0,"max_hp_loss":0,"event_name":"MindBloom","floor":36,"gold_loss":0},{"cards_removed":["Perseverance"],"damage_healed":0,"gold_gain":0,"player_choice":"Removed Skill","damage_taken":0,"max_hp_gain":0,"max_hp_loss":0,"event_name":"Falling","floor":39,"gold_loss":0},{"damage_healed":0,"gold_gain":0,"player_choice":"Ignored","damage_taken":0,"max_hp_gain":0,"max_hp_loss":0,"event_name":"Tomb of Lord Red Mask","floor":42,"gold_loss":0}],"is_beta":true,"boss_relics":[{"not_picked":["HolyWater","Sozu"],"picked":"Snecko Eye"},{"not_picked":["Astrolabe","Busted Crown"],"picked":"VioletLotus"}],"items_purged_floors":[],"is_endless":false,"potions_floor_spawned":[7,12,14,27,29,33,35,36,38,40,44,46,48],"ascension_level":2}