{"gold_per_floor":[99,24,24,24,24,24,24,24,24,0,0,0,0,0,0,0,0,0,0,0,0,0,0,0,0,0,0,0],"floor_reached":28,"playtime":2137,"items_purged":[],"score":464,"play_id":"5ebb1fb3-9f0b-4f2c-a526-14ec4a379fa4","local_time":"20191010175849","is_ascension_mode":true,"campfire_choices":[{"data":"Eruption","floor":6,"key":"SMITH"},{"data":"Wireheading","floor":8,"key":"SMITH"},{"floor":15,"key":"REST"},{"floor":24,"key":"REST"}],"neow_cost":"NONE","seed_source_timestamp":66279186548900,"circlet_count":0,"master_deck":["AscendersBane","Strike_P","Strike_P","Strike_P","Strike_P","Defend_P","Defend_P","Defend_P","Defend_P","Eruption+1","Vigilance+1","CutThroughFate","Wallop","ClearTheMind+1","Wireheading+1","Protect","SandsOfTime","FlurryOfBlows","Judgement+1","Crescendo","Vault","WindmillStrike+1","FlyingSleeves+1","WheelKick","ThirdEye","Perseverance","ClearTheMind"],"relics":["Ectoplasm","Omamori","Art of War","PreservedInsect","Calling Bell","Dream Catcher","Frozen Egg 2","Old Coin","Orichalcum","InkBottle","Vajra","Bag of Marbles"],"potions_floor_usage":[16,16,25,25,25,25,28],"damage_taken":[{"damage":0,"enemies":"Cultist","floor":1,"turns":3},{"damage":2,"enemies":"2 Louse","floor":3,"turns":3},{"damage":0,"enemies":"Jaw Worm","floor":4,"turns":3},{"damage":4,"enemies":"Large Slime","floor":5,"turns":5},{"damage":3,"enemies":"3 Sentries","floor":7,"turns":9},{"damage":1,"enemies":"Looter","floor":10,"turns":3},{"damage":10,"enemies":"Lagavulin","floor":12,"turns":6},{"damage":8,"enemies":"3 Louse","floor":14,"turns":4},{"damage":18,"enemies":"The Guardian","floor":16,"turns":11},{"damage":10,"enemies":"3 Byrds","floor":18,"turns":5},{"damage":0,"enemies":"Spheric Guardian","floor":20,"turns":2},{"damage":2,"enemies":"Snecko","floor":21,"turns":4},{"damage":13,"enemies":"Centurion and Healer","floor":22,"turns":4},{"damage":38,"enemies":"Slavers","floor":23,"turns":4},{"damage":10,"enemies":"Book of Stabbing","floor":25,"turns":6},{"damage":10,"enemies":"Gremlin Leader","floor":27,"turns":5},{"damage":12,"enemies":"Snake Plant","floor":28,"turns":1}],"seed_played":"-5310585679271400253","potions_obtained":[{"floor":3,"key":"Swift Potion"},{"floor":5,"key":"SkillPotion"},{"floor":16,"key":"Energy Potion"},{"floor":18,"key":"SteroidPotion"},{"floor":21,"key":"EntropicBrew"},{"floor":25,"key":"LiquidBronze"}],"is_trial":false,"path_per_floor":["M","$","M","M","M","R","E","R","T","M","?","E","?","M","R","B",null,"M","?","M","M","M","E","R","E","T","E","M"],"character_chosen":"WATCHER","items_purchased":["Wallop"],"campfire_rested":2,"item_purchase_floors":[2],"current_hp_per_floor":[65,65,63,63,59,59,56,56,56,55,60,50,35,27,50,32,66,56,56,56,54,41,3,26,16,16,6,0],"gold":0,"neow_bonus":"BOSS_RELIC","is_prod":false,"is_daily":false,"chose_seed":false,"campfire_upgraded":2,"win_rate":0,"timestamp":1570748329,"path_taken":["M","?","M","M","M","R","E","R","T","M","?","E","?","M","R","BOSS","M","?","?","M","M","E","R","E","T","E","M"],"build_version":"2019-10-10","purchased_purges":0,"victory":false,"max_hp_per_floor":[72,72,72,72,72,72,72,72,72,72,77,77,77,77,77,77,77,77,77,77,77,77,77,77,77,77,77,77],"card_choices":[{"not_picked":["Consecrate","Vengeance"],"picked":"CutThroughFate","floor":1},{"not_picked":["Scrawl","Evaluate"],"picked":"ClearTheMind","floor":3},{"not_picked":["DeceiveReality","Sanctity"],"picked":"Wireheading","floor":4},{"not_picked":["CrushJoints","CutThroughFate"],"picked":"Protect","floor":5},{"not_picked":["PathToVictory","EmptyBody"],"picked":"SandsOfTime","floor":7},{"not_picked":["Flick","Halt"],"picked":"FlurryOfBlows","floor":10},{"not_picked":["Sanctity","BowlingBash"],"picked":"Judgement","floor":12},{"not_picked":["Protect","EmptyFist"],"picked":"Crescendo","floor":14},{"not_picked":["Alpha","Omniscience"],"picked":"Vault","floor":16},{"not_picked":["Crescendo","CarveReality"],"picked":"WindmillStrike+1","floor":18},{"not_picked":["Judgement","FlyingSleeves","FollowUp"],"picked":"SKIP","floor":20},{"not_picked":["CutThroughFate+1","Tantrum"],"picked":"FlyingSleeves+1","floor":21},{"not_picked":["JustLucky","CutThroughFate"],"picked":"WheelKick","floor":22},{"not_picked":["SignatureMove","SashWhip+1"],"picked":"ThirdEye","floor":23},{"not_picked":["FlurryOfBlows","Worship"],"picked":"Perseverance","floor":24},{"not_picked":["Omniscience","FlyingSleeves","SashWhip"],"picked":"SKIP","floor":25},{"not_picked":["FollowUp","CrushJoints"],"picked":"ClearTheMind","floor":27}],"player_experience":449788,"relics_obtained":[{"floor":7,"key":"Omamori"},{"floor":9,"key":"Art of War"},{"floor":12,"key":"PreservedInsect"},{"floor":17,"key":"Dream Catcher"},{"floor":17,"key":"Frozen Egg 2"},{"floor":17,"key":"Old Coin"},{"floor":23,"key":"Orichalcum"},{"floor":25,"key":"InkBottle"},{"floor":26,"key":"Vajra"},{"floor":27,"key":"Bag of Marbles"}],"event_choices":[{"damage_healed":0,"gold_gain":0,"player_choice":"Donut","damage_taken":0,"max_hp_gain":5,"max_hp_loss":0,"event_name":"Big Fish","floor":11,"gold_loss":0},{"damage_healed":0,"gold_gain":0,"player_choice":"Entered Light","damage_taken":15,"max_hp_gain":0,"max_hp_loss":0,"event_name":"Shining Light","floor":13,"gold_loss":0,"cards_upgraded":["Vigilance","ClearTheMind"]},{"damage_healed":0,"gold_gain":0,"player_choice":"Upgraded","damage_taken":0,"max_hp_gain":0,"max_hp_loss":0,"event_name":"Upgrade Shrine","floor":19,"gold_loss":0,"cards_upgraded":["Judgement"]}],"is_beta":true,"boss_relics":[{"not_picked":["Tiny House","Fusion Hammer"],"picked":"Calling Bell"}],"items_purged_floors":[],"is_endless":false,"potions_floor_spawned":[3,5,12,16,18,21,25],"killed_by":"Snake Plant","ascension_level":12}