{"gold_per_floor":[119,44,55,130,130,162,177,177,177,241,261,261,261,261,261,356,356,375,236,264,264,264,264],"floor_reached":23,"playtime":1237,"items_purged":["Strike_B","Strike_B"],"score":218,"play_id":"3ce148de-bf5f-4f4b-b4b7-3c3357108bea","local_time":"20190113142232","is_ascension_mode":false,"campfire_choices":[{"data":"Redo","floor":8,"key":"SMITH"},{"floor":12,"key":"REST"},{"floor":15,"key":"REST"}],"neow_cost":"NONE","seed_source_timestamp":364999792099890,"circlet_count":0,"master_deck":["Strike_B","Defend_B","Defend_B","Defend_B","Defend_B","Zap","Dualcast","Coolheaded","Redo+1","White Noise","Redo","Amplify","Loop"],"relics":["Cracked Core","NeowsBlessing","Matryoshka","Mummified Hand","Juzu Bracelet","Tiny Chest","Odd Mushroom","Du-Vu Doll","Busted Crown","Red Mask"],"potions_floor_usage":[11,16,20,20],"damage_taken":[{"damage":0,"enemies":"Small Slimes","floor":1,"turns":1},{"damage":0,"enemies":"2 Louse","floor":3,"turns":1},{"damage":0,"enemies":"Gremlin Nob","floor":6,"turns":1},{"damage":4,"enemies":"Jaw Worm","floor":7,"turns":4},{"damage":14,"enemies":"Lagavulin","floor":10,"turns":9},{"damage":14,"enemies":"The Mushroom Lair","floor":11,"turns":3},{"damage":20,"enemies":"Slime Boss","floor":16,"turns":10},{"damage":13,"enemies":"Shell Parasite","floor":18,"turns":11},{"damage":18,"enemies":"Masked Bandits","floor":20,"turns":4},{"damage":56,"enemies":"Book of Stabbing","floor":23,"turns":6}],"seed_played":"4792522318544326643","potions_obtained":[{"floor":1,"key":"Block Potion"},{"floor":6,"key":"Ancient Potion"},{"floor":7,"key":"EssenceOfSteel"},{"floor":16,"key":"AttackPotion"},{"floor":18,"key":"FocusPotion"}],"is_trial":false,"path_per_floor":["M","$","M","?","?","E","M","R","T","E","?","R","?","?","R","B",null,"M","$","?","?","?","E"],"character_chosen":"DEFECT","items_purchased":["Loop"],"campfire_rested":2,"item_purchase_floors":[19],"current_hp_per_floor":[75,75,75,64,64,64,60,60,60,46,32,54,29,29,51,31,75,62,62,44,30,56,0],"gold":264,"neow_bonus":"THREE_ENEMY_KILL","is_prod":false,"is_daily":false,"chose_seed":false,"campfire_upgraded":1,"win_rate":0,"timestamp":1547407352,"path_taken":["M","$","M","?","?","E","M","R","T","E","?","R","?","?","R","BOSS","M","$","?","?","?","E"],"build_version":"2019-01-10","purchased_purges":2,"victory":false,"max_hp_per_floor":[75,75,75,75,75,75,75,75,75,75,75,75,75,75,75,75,75,75,75,75,80,80,80],"card_choices":[{"not_picked":["Lockon","Auto Shields"],"picked":"Coolheaded","floor":1},{"not_picked":["Ball Lightning","Double Energy"],"picked":"Redo","floor":3},{"not_picked":["Force Field","Consume"],"picked":"White Noise","floor":6},{"not_picked":["Steam","Compile Driver","Go for the Eyes"],"picked":"SKIP","floor":7},{"not_picked":["Coolheaded","Storm"],"picked":"Redo","floor":10},{"not_picked":["Thunder Strike","Core Surge"],"picked":"Amplify","floor":16},{"not_picked":["Beam Cell"],"picked":"SKIP","floor":18}],"player_experience":164879,"relics_obtained":[{"floor":6,"key":"Matryoshka"},{"floor":9,"key":"Mummified Hand"},{"floor":9,"key":"Juzu Bracelet"},{"floor":10,"key":"Tiny Chest"},{"floor":11,"key":"Odd Mushroom"},{"floor":20,"key":"Red Mask"}],"event_choices":[{"damage_healed":0,"gold_gain":75,"player_choice":"Gather Gold","damage_taken":11,"max_hp_gain":0,"max_hp_loss":0,"event_name":"World of Goop","floor":4,"gold_loss":0},{"cards_removed":["Strike_B"],"damage_healed":0,"gold_gain":0,"player_choice":"Forget","damage_taken":0,"max_hp_gain":0,"max_hp_loss":0,"event_name":"Living Wall","floor":5,"gold_loss":0},{"damage_healed":0,"gold_gain":0,"player_choice":"Fought Mushrooms","damage_taken":0,"max_hp_gain":0,"max_hp_loss":0,"event_name":"Mushrooms","floor":11,"gold_loss":0},{"damage_healed":0,"gold_gain":0,"player_choice":"Success","damage_taken":25,"relics_obtained":["Du-Vu Doll"],"max_hp_gain":0,"max_hp_loss":0,"event_name":"Scrap Ooze","floor":13,"gold_loss":0},{"damage_healed":0,"gold_gain":0,"player_choice":"Ignored","damage_taken":0,"max_hp_gain":0,"max_hp_loss":0,"event_name":"Liars Game","floor":14,"gold_loss":0},{"damage_healed":0,"gold_gain":0,"player_choice":"Fought Bandits","damage_taken":0,"max_hp_gain":0,"max_hp_loss":0,"event_name":"Masked Bandits","floor":20,"gold_loss":0},{"damage_healed":0,"gold_gain":0,"player_choice":"Shed Blood","damage_taken":19,"max_hp_gain":5,"max_hp_loss":0,"event_name":"Forgotten Altar","floor":21,"gold_loss":0},{"damage_healed":26,"gold_gain":0,"player_choice":"Heal","damage_taken":0,"max_hp_gain":0,"max_hp_loss":0,"event_name":"The Library","floor":22,"gold_loss":0}],"is_beta":false,"boss_relics":[{"not_picked":["Coffee Dripper","Ectoplasm"],"picked":"Busted Crown"}],"items_purged_floors":[2,19],"is_endless":false,"potions_floor_spawned":[1,6,7,16,18],"killed_by":"Book of Stabbing","ascension_level":0}