{"gold_per_floor":[109,124,140,26,36,36,67,77,77,77,77,102,117,132,132,232,232,250,250,6,22,40,65,65,65,92,105,105,133,133],"floor_reached":30,"playtime":2748,"items_purged":["Strike_G","Strike_G"],"score":349,"play_id":"7c4fa7b6-9f5e-4053-86b1-e7d6cfbaec5e","local_time":"20190814100754","is_ascension_mode":true,"campfire_choices":[{"data":"Bane","floor":6.0,"key":"SMITH"},{"floor":10.0,"key":"REST"},{"data":"Tactician","floor":15.0,"key":"SMITH"},{"floor":24,"key":"REST"}],"neow_cost":"NONE","seed_source_timestamp":0,"circlet_count":0,"master_deck":["Strike_G","Strike_G","Strike_G","Defend_G","Defend_G","Defend_G","Defend_G","Defend_G","Survivor","Neutralize","Dagger Spray","Poisoned Stab","Acrobatics","Tactician+1","Noxious Fumes","Bane+1","Poisoned Stab","Escape Plan","Riddle With Holes+1","Underhanded Strike+1","Burst","Corpse Explosion","Dagger Throw+1","Catalyst","Bane+1","Terror","Unload+1","Footwork","Envenom","Bullet Time"],"special_seed":0,"relics":["Ring of the Snake","Ninja Scroll","Molten Egg 2","Strawberry","Orrery","Darkstone Periapt","Bottled Lightning","Oddly Smooth Stone","Ornamental Fan"],"potions_floor_usage":[30,30],"damage_taken":[{"damage":4.0,"enemies":"Small Slimes","floor":1.0,"turns":3.0},{"damage":1.0,"enemies":"Cultist","floor":2.0,"turns":3.0},{"damage":1.0,"enemies":"2 Louse","floor":3.0,"turns":2.0},{"damage":1.0,"enemies":"2 Fungi Beasts","floor":5.0,"turns":3.0},{"damage":27.0,"enemies":"Gremlin Nob","floor":7.0,"turns":4.0},{"damage":0.0,"enemies":"3 Louse","floor":8.0,"turns":3.0},{"damage":0.0,"enemies":"3 Sentries","floor":12.0,"turns":5.0},{"damage":2.0,"enemies":"Blue Slaver","floor":13.0,"turns":3.0},{"damage":0.0,"enemies":"Looter","floor":14.0,"turns":2.0},{"damage":47.0,"enemies":"Slime Boss","floor":16.0,"turns":10.0},{"damage":11.0,"enemies":"Spheric Guardian","floor":18.0,"turns":4.0},{"damage":2.0,"enemies":"Chosen","floor":21.0,"turns":4.0},{"damage":13.0,"enemies":"Shelled Parasite and Fungi","floor":22.0,"turns":4.0},{"damage":35.0,"enemies":"Book of Stabbing","floor":23.0,"turns":5.0},{"damage":21,"enemies":"Snake Plant","floor":27,"turns":3},{"damage":23,"enemies":"Gremlin Leader","floor":29,"turns":7},{"damage":20,"enemies":"Centurion and Healer","floor":30,"turns":3}],"seed_played":"7473853510426135322","potions_obtained":[{"floor":2.0,"key":"FearPotion"},{"floor":11.0,"key":"EssenceOfSteel"},{"floor":11.0,"key":"Explosive Potion"},{"floor":11.0,"key":"SneckoOil"},{"floor":12.0,"key":"SpeedPotion"},{"floor":13.0,"key":"SpeedPotion"},{"floor":14.0,"key":"GhostInAJar"},{"floor":16.0,"key":"SteroidPotion"},{"floor":22.0,"key":"FearPotion"},{"floor":27,"key":"Strength Potion"},{"floor":29,"key":"Fire Potion"}],"is_trial":false,"path_per_floor":["M","M","M","$","M","R","E","M","T","R","?","E","M","M","R","B",null,"M","T","$","M","M","E","R","$","T","M","?","E","M"],"character_chosen":"THE_SILENT","items_purchased":["Noxious Fumes","Unload+1"],"campfire_rested":2,"item_purchase_floors":[4,20],"current_hp_per_floor":[66,65,64,64,63,63,36,36,36,57,57,64,62,62,62,15,77,66,66,66,64,51,16,39,39,39,18,43,20,0],"gold":133,"neow_bonus":"THREE_CARDS","is_prod":false,"is_daily":false,"chose_seed":false,"campfire_upgraded":2,"win_rate":0,"timestamp":1565795274,"path_taken":["M","M","M","$","M","R","E","M","T","R","?","E","M","M","R","BOSS","M","?","$","M","M","E","R","$","T","M","?","E","M"],"build_version":"2019-07-17","purchased_purges":2,"victory":false,"max_hp_per_floor":[70,70,70,70,70,70,70,70,70,70,70,77,77,77,77,77,77,77,77,77,77,77,77,77,77,77,77,77,77,77],"card_choices":[{"not_picked":["Outmaneuver","Sucker Punch"],"picked":"Dagger Spray","floor":0.0},{"not_picked":["Deflect","Dodge and Roll"],"picked":"Poisoned Stab","floor":1.0},{"not_picked":["All Out Attack","Endless Agony"],"picked":"Acrobatics","floor":2.0},{"not_picked":["All Out Attack","Backflip"],"picked":"Tactician","floor":3.0},{"not_picked":["Backstab","Dagger Spray"],"picked":"Bane","floor":5.0},{"not_picked":["Underhanded Strike","Predator"],"picked":"Poisoned Stab","floor":7.0},{"not_picked":["Tactician","Blade Dance"],"picked":"Escape Plan","floor":8.0},{"not_picked":["Slice+1","A Thousand Cuts"],"picked":"Riddle With Holes+1","floor":12.0},{"not_picked":["Finisher+1","Backflip"],"picked":"Underhanded Strike+1","floor":13.0},{"not_picked":["Acrobatics","Slice+1"],"picked":"Burst","floor":14.0},{"not_picked":["Burst","Phantasmal Killer"],"picked":"Corpse Explosion","floor":16.0},{"not_picked":["Acrobatics","Endless Agony+1"],"picked":"Dagger Throw+1","floor":17.0},{"not_picked":["Deadly Poison","Dagger Throw+1"],"picked":"Catalyst","floor":17.0},{"not_picked":["Infinite Blades","Dodge and Roll"],"picked":"Bane+1","floor":17.0},{"not_picked":["Skewer+1","Heel Hook+1"],"picked":"Terror","floor":17.0},{"not_picked":["Skewer+1","Outmaneuver","Infinite Blades+1"],"picked":"SKIP","floor":18.0},{"not_picked":["Cloak And Dagger","Dagger Spray+1"],"picked":"Footwork","floor":21.0},{"not_picked":["All Out Attack+1","Bane+1"],"picked":"Envenom","floor":22.0},{"not_picked":["Noxious Fumes","Dodge and Roll"],"picked":"Bullet Time","floor":23.0},{"not_picked":["Infinite Blades","Flying Knee+1","Riddle With Holes+1"],"picked":"SKIP","floor":27},{"not_picked":["Expertise","Deadly Poison+1","Backflip"],"picked":"SKIP","floor":29}],"player_experience":138610,"relics_obtained":[{"floor":7.0,"key":"Ninja Scroll"},{"floor":9.0,"key":"Molten Egg 2"},{"floor":12.0,"key":"Strawberry"},{"floor":19.0,"key":"Darkstone Periapt"},{"floor":23.0,"key":"Bottled Lightning"},{"floor":26,"key":"Oddly Smooth Stone"},{"floor":29,"key":"Ornamental Fan"}],"event_choices":[{"damage_healed":0.0,"max_hp_gain":0.0,"max_hp_loss":0.0,"gold_gain":0.0,"event_name":"Lab","player_choice":"Got Potions","floor":11.0,"gold_loss":0.0,"damage_taken":0.0},{"damage_healed":25,"gold_gain":0,"player_choice":"Heal","damage_taken":0,"max_hp_gain":0,"max_hp_loss":0,"event_name":"The Library","floor":28,"gold_loss":0}],"is_beta":false,"boss_relics":[{"not_picked":["Runic Dome","Philosopher\u0027s Stone"],"picked":"Orrery"}],"items_purged_floors":[4,20],"is_endless":false,"potions_floor_spawned":[2,12,13,14,16,22,27,29],"killed_by":"Centurion and Healer","ascension_level":1}