{"gold_per_floor":[113,113,113,129,23,23,55,55,106,119,119,144,144,179,179,179],"floor_reached":16,"playtime":489,"items_purged":[],"score":157,"play_id":"604f139b-00eb-44e6-9eb0-bfc5a379a63b","local_time":"20190921113556","is_ascension_mode":true,"campfire_choices":[{"floor":6.0,"key":"REST"},{"floor":11.0,"key":"REST"},{"floor":13.0,"key":"REST"},{"data":"Metallicize","floor":15.0,"key":"SMITH"}],"neow_cost":"NONE","seed_source_timestamp":0,"circlet_count":0,"master_deck":["Strike_R","Strike_R","Strike_R","Strike_R","Defend_R","Defend_R","Defend_R","Defend_R","Bash+1","Flame Barrier","Metallicize+1","Spot Weakness","Second Wind","Intimidate","Feed","Feel No Pain","Headbutt"],"special_seed":0,"relics":["Burning Blood","Oddly Smooth Stone","Orichalcum","Dodecahedron","Bag of Marbles"],"potions_floor_usage":[],"damage_taken":[{"damage":19.0,"enemies":"Small Slimes","floor":1.0,"turns":5.0},{"damage":1.0,"enemies":"Cultist","floor":4.0,"turns":3.0},{"damage":31.0,"enemies":"Lagavulin","floor":7.0,"turns":7.0},{"damage":6.0,"enemies":"2 Louse","floor":10.0,"turns":6.0},{"damage":29.0,"enemies":"Gremlin Nob","floor":12.0,"turns":7.0},{"damage":22.0,"enemies":"Lagavulin","floor":14.0,"turns":7.0},{"damage":0,"enemies":"Hexaghost","floor":16,"turns":1}],"seed_played":"5577882124149679838","potions_obtained":[{"floor":3.0,"key":"Fruit Juice"},{"floor":3.0,"key":"Fruit Juice"},{"floor":3.0,"key":"Energy Potion"},{"floor":4.0,"key":"Strength Potion"},{"floor":12.0,"key":"SteroidPotion"},{"floor":14.0,"key":"Fire Potion"}],"is_trial":false,"path_per_floor":["M","?","?","M","$","R","E","?","T","M","R","E","R","E","R","B"],"character_chosen":"IRONCLAD","items_purchased":["Spot Weakness","Second Wind"],"campfire_rested":3,"item_purchase_floors":[5,5],"current_hp_per_floor":[59,52,62,67,67,90,65,65,65,65,90,67,90,77,77,77],"gold":179,"neow_bonus":"UPGRADE_CARD","is_prod":false,"is_daily":false,"chose_seed":false,"campfire_upgraded":1,"win_rate":0.0,"timestamp":1569090956,"path_taken":["M","?","?","?","$","R","E","?","T","M","R","E","R","E","R","BOSS"],"build_version":"2019-09-20","purchased_purges":0,"victory":false,"max_hp_per_floor":[80,80,90,90,90,90,90,90,90,90,90,90,90,93,93,93],"card_choices":[{"not_picked":["Headbutt","Combust"],"picked":"Flame Barrier","floor":1.0},{"not_picked":["Shrug It Off","Sword Boomerang"],"picked":"Metallicize","floor":4.0},{"not_picked":["Shrug It Off","Ghostly Armor"],"picked":"Intimidate","floor":7.0},{"not_picked":["Whirlwind","Rupture"],"picked":"Feed","floor":10.0},{"not_picked":["Pummel","Perfected Strike"],"picked":"Feel No Pain","floor":12.0},{"not_picked":["Shrug It Off","Wild Strike"],"picked":"Headbutt","floor":14.0}],"player_experience":0,"relics_obtained":[{"floor":7.0,"key":"Oddly Smooth Stone"},{"floor":9.0,"key":"Orichalcum"},{"floor":12.0,"key":"Dodecahedron"},{"floor":14.0,"key":"Bag of Marbles"}],"event_choices":[{"cards_removed":["Strike_R"],"damage_healed":0.0,"max_hp_gain":0.0,"max_hp_loss":0.0,"gold_gain":0.0,"event_name":"Golden Wing","player_choice":"Card Removal","floor":2.0,"gold_loss":0.0,"damage_taken":7.0},{"damage_healed":0.0,"max_hp_gain":0.0,"max_hp_loss":0.0,"gold_gain":0.0,"event_name":"Lab","player_choice":"Got Potions","floor":3.0,"gold_loss":0.0,"damage_taken":0.0},{"damage_healed":0.0,"max_hp_gain":0.0,"max_hp_loss":0.0,"gold_gain":0.0,"event_name":"Liars Game","player_choice":"Ignored","floor":8.0,"gold_loss":0.0,"damage_taken":0.0}],"is_beta":true,"boss_relics":[],"items_purged_floors":[],"is_endless":false,"potions_floor_spawned":[4,12,14],"killed_by":"Hexaghost","ascension_level":7}