{"path_per_floor":["M","?","$","M","M","R","E","R","T","R","M","M","?","M","R","B",null,"M","?","?","M","M","R","?","R","T","R","$","?","$","M","R"],"character_chosen":"IRONCLAD","items_purchased":["Battle Trance"],"gold_per_floor":[118,118,4,14,29,29,62,62,62,62,77,97,97,112,112,216,216,228,228,228,240,259,259,259,259,259,259,159,159,34,54,54,54],"floor_reached":33,"campfire_rested":1,"playtime":2235,"current_hp_per_floor":[80,85,85,85,85,85,70,70,70,70,70,75,75,77,77,50,85,79,79,79,63,17,17,17,17,27,27,27,27,27,18,46,0],"items_purged":["Strike_R","Strike_R","Strike_R"],"gold":54,"score":270,"play_id":"7bdcca29-278e-43e3-99ab-420b3764ab31","local_time":"20180425232313","is_prod":false,"is_daily":false,"chose_seed":false,"is_ascension_mode":false,"campfire_upgraded":7,"timestamp":1524723793,"path_taken":["M","?","$","M","M","R","E","R","T","R","M","M","?","M","R","BOSS","M","?","?","M","M","R","?","R","T","R","$","?","?","M","R","BOSS"],"build_version":"2018-04-19","seed_source_timestamp":7198780990113,"purchased_purges":3,"victory":false,"master_deck":["Strike_R","Strike_R","Defend_R","Defend_R","Defend_R","Defend_R","Bash","Headbutt","Uppercut+1","Battle Trance","Pommel Strike+1","Flex+1","Cleave","Twin Strike","Iron Wave","Shrug It Off+1","Demon Form","Headbutt","True Grit","True Grit+1","Evolve+1","Juggernaut","Shrug It Off","Shockwave","True Grit+1","Iron Wave","Pommel Strike+1"],"max_hp_per_floor":[80,85,85,85,85,85,85,85,85,85,85,85,85,85,85,85,85,85,85,85,85,85,85,85,85,95,95,95,95,95,95,95,95],"relics":["Burning Blood","Gambling Chip","Unceasing Top","Orrery","Pear"],"card_choices":[{"not_picked":["Armaments","Combust"],"picked":"Headbutt","floor":0},{"not_picked":["Corruption","Clash"],"picked":"Uppercut","floor":1},{"not_picked":["Battle Trance","Bloodletting"],"picked":"Pommel Strike","floor":4},{"not_picked":["Wild Strike","Headbutt"],"picked":"Flex","floor":5},{"not_picked":["Warcry","Intimidate"],"picked":"Cleave","floor":7},{"not_picked":["Headbutt","Anger"],"picked":"Twin Strike","floor":11},{"not_picked":["Second Wind","Warcry"],"picked":"Iron Wave","floor":12},{"not_picked":["Flex","Ghostly Armor"],"picked":"Shrug It Off","floor":14},{"not_picked":["Reaper","Dark Embrace"],"picked":"Demon Form","floor":16},{"not_picked":["Hemokinesis","Perfected Strike"],"picked":"Headbutt","floor":17},{"not_picked":["Pummel","Seeing Red"],"picked":"True Grit","floor":17},{"not_picked":["Entrench","Anger"],"picked":"True Grit","floor":17},{"not_picked":["Dual Wield","Thunderclap"],"picked":"Evolve","floor":17},{"not_picked":["Evolve","Warcry"],"picked":"Juggernaut","floor":17},{"not_picked":["Clothesline","Flex"],"picked":"Shrug It Off","floor":18},{"not_picked":["Iron Wave","Warcry"],"picked":"True Grit","floor":21},{"not_picked":["Cleave","Wild Strike"],"picked":"Iron Wave","floor":22}],"player_experience":33287,"potions_floor_usage":[12,18,33,33,33],"damage_taken":[{"damage":0,"enemies":"2 Louse","floor":1,"turns":3},{"damage":0,"enemies":"Small Slimes","floor":4,"turns":3},{"damage":1,"enemies":"Jaw Worm","floor":5,"turns":3},{"damage":21,"enemies":"Lagavulin","floor":7,"turns":5},{"damage":6,"enemies":"Lots of Slimes","floor":11,"turns":3},{"damage":1,"enemies":"2 Fungi Beasts","floor":12,"turns":3},{"damage":4,"enemies":"3 Louse","floor":14,"turns":2},{"damage":33,"enemies":"The Guardian","floor":16,"turns":9},{"damage":12,"enemies":"Shell Parasite","floor":18,"turns":11},{"damage":22,"enemies":"Spheric Guardian","floor":21,"turns":6},{"damage":52,"enemies":"Cultist and Chosen","floor":22,"turns":8},{"damage":15,"enemies":"Centurion and Healer","floor":31,"turns":10},{"damage":56,"enemies":"Collector","floor":33,"turns":9}],"event_choices":[{"event_name":"Big Fish","player_choice":"Donut","floor":2,"damage_taken":0},{"event_name":"The Woman in Blue","player_choice":"Bought 0 Potions","floor":13,"damage_taken":0},{"event_name":"The Library","player_choice":"Read","floor":19,"damage_taken":0},{"event_name":"Ghosts","player_choice":"Ignored","floor":20,"damage_taken":0},{"event_name":"Duplicator","player_choice":"One dupe","floor":24,"damage_taken":0},{"event_name":"Vampires","player_choice":"Ignored","floor":29,"damage_taken":0}],"boss_relics":[{"not_picked":["Calling Bell","Black Blood"],"picked":"Orrery"}],"potions_floor_spawned":[1,7,11,16,21,31],"seed_played":"414972526674411582","killed_by":"Collector","ascension_level":0,"is_trial":false}