{"gold_per_floor":[116,142,48,123,133,165,177,219,256,13,13,13,43,55,55,153,153,173,173,193,208,208,208,239,239,265,283,343,370,370,385,385,385],"floor_reached":33,"playtime":1370,"items_purged":[],"score":470,"play_id":"fe67e713-e538-496b-998e-ad33d472ad76","local_time":"20190906182012","is_ascension_mode":true,"campfire_choices":[{"floor":11.0,"key":"REST"},{"floor":15.0,"key":"REST"},{"floor":23,"key":"REST"},{"floor":30,"key":"RECALL"},{"data":"Footwork","floor":32,"key":"SMITH"}],"neow_cost":"NONE","seed_source_timestamp":0,"circlet_count":0,"master_deck":["Survivor","Neutralize","Outmaneuver","Acrobatics","Caltrops","Choke+1","Backstab","PiercingWail","Leg Sweep","Dagger Throw","Doppelganger","Concentrate","Slice","Dash","Die Die Die","Storm of Steel","Unload","Finisher","Setup","Skewer","Dash","Acrobatics","Footwork+1","Unload","Noxious Fumes","Choke","Blade Dance"],"special_seed":0,"relics":["Ring of the Snake","NeowsBlessing","Vajra","MawBank","Oddly Smooth Stone","Anchor","Gremlin Horn","Bronze Scales","Pandora\u0027s Box","MutagenicStrength","Bag of Marbles","Tiny Chest","Omamori"],"potions_floor_usage":[28],"damage_taken":[{"damage":0.0,"enemies":"Cultist","floor":1.0,"turns":1.0},{"damage":0.0,"enemies":"Small Slimes","floor":5.0,"turns":1.0},{"damage":0.0,"enemies":"3 Sentries","floor":6.0,"turns":2.0},{"damage":10.0,"enemies":"Gremlin Nob","floor":8.0,"turns":3.0},{"damage":28.0,"enemies":"Lagavulin","floor":13.0,"turns":7.0},{"damage":0.0,"enemies":"2 Louse","floor":14.0,"turns":2.0},{"damage":33.0,"enemies":"Slime Boss","floor":16.0,"turns":10.0},{"damage":0.0,"enemies":"2 Thieves","floor":18.0,"turns":3.0},{"damage":1.0,"enemies":"Shell Parasite","floor":20.0,"turns":4.0},{"damage":6,"enemies":"Snake Plant","floor":21,"turns":3},{"damage":0,"enemies":"Gremlin Leader","floor":24,"turns":5},{"damage":1,"enemies":"Snecko","floor":27,"turns":5},{"damage":0,"enemies":"Slavers","floor":28,"turns":1},{"damage":0,"enemies":"Chosen and Byrds","floor":31,"turns":3},{"damage":89,"enemies":"Champ","floor":33,"turns":11}],"seed_played":"7083999890941160668","potions_obtained":[{"floor":5.0,"key":"Ancient Potion"},{"floor":6.0,"key":"SteroidPotion"},{"floor":16.0,"key":"FairyPotion"},{"floor":20.0,"key":"SteroidPotion"},{"floor":21,"key":"Explosive Potion"}],"is_trial":false,"path_per_floor":["M","T","$","?","M","E","?","E","T","$","R","?","E","M","R","B",null,"M","?","M","M","?","R","E","?","T","M","E","T","R","M","R","B"],"character_chosen":"THE_SILENT","items_purchased":["Acrobatics","Caltrops","Gremlin Horn"],"campfire_rested":3,"item_purchase_floors":[3,3,10],"current_hp_per_floor":[70,70,70,59,59,59,59,49,49,49,70,70,42,42,63,30,60,60,60,59,53,53,70,70,70,70,69,69,69,69,69,69,0],"gold":385,"neow_bonus":"THREE_ENEMY_KILL","is_prod":false,"is_daily":false,"chose_seed":false,"campfire_upgraded":1,"win_rate":0,"timestamp":1567819212,"path_taken":["M","?","$","?","M","E","?","E","T","$","R","?","E","?","R","BOSS","M","?","M","?","?","R","E","?","T","M","E","?","R","M","R","BOSS"],"build_version":"2019-07-17","purchased_purges":0,"victory":false,"max_hp_per_floor":[70,70,70,70,70,70,70,70,70,70,70,70,70,70,70,70,70,70,70,70,70,70,70,70,70,70,70,70,70,70,70,70,70],"card_choices":[{"not_picked":["Terror","Prepared"],"picked":"Outmaneuver","floor":1.0},{"not_picked":["Skewer","Infinite Blades"],"picked":"Choke","floor":5.0},{"not_picked":["Backflip","Outmaneuver"],"picked":"Backstab","floor":6.0},{"not_picked":["Setup","Poisoned Stab"],"picked":"PiercingWail","floor":8.0},{"not_picked":["Setup","Bouncing Flask"],"picked":"Leg Sweep","floor":13.0},{"not_picked":["Backflip","Accuracy"],"picked":"Dagger Throw","floor":14.0},{"not_picked":["Adrenaline","Tools of the Trade"],"picked":"Doppelganger","floor":16.0},{"not_picked":["Riddle With Holes","Deflect+1"],"picked":"Skewer","floor":18.0},{"not_picked":["Dagger Spray","Quick Slash"],"picked":"Acrobatics","floor":20.0},{"not_picked":["Leg Sweep","Deadly Poison"],"picked":"Footwork","floor":21},{"not_picked":["Leg Sweep","Deflect+1"],"picked":"Unload","floor":24},{"not_picked":["Outmaneuver","Slice+1"],"picked":"Noxious Fumes","floor":27},{"not_picked":["Catalyst+1","Cloak And Dagger"],"picked":"Choke","floor":28},{"not_picked":["Heel Hook","Sucker Punch"],"picked":"Blade Dance","floor":31}],"player_experience":3122109,"relics_obtained":[{"floor":2.0,"key":"Vajra"},{"floor":6.0,"key":"MawBank"},{"floor":8.0,"key":"Oddly Smooth Stone"},{"floor":9.0,"key":"Anchor"},{"floor":13.0,"key":"Bronze Scales"},{"floor":24,"key":"Bag of Marbles"},{"floor":28,"key":"Tiny Chest"},{"floor":29,"key":"Omamori"}],"event_choices":[{"damage_healed":0.0,"max_hp_gain":0.0,"max_hp_loss":0.0,"gold_gain":75.0,"event_name":"World of Goop","player_choice":"Gather Gold","floor":4.0,"gold_loss":0.0,"damage_taken":11.0},{"damage_healed":0.0,"max_hp_gain":0.0,"max_hp_loss":0.0,"gold_gain":0.0,"event_name":"Living Wall","player_choice":"Grow","floor":7.0,"gold_loss":0.0,"damage_taken":0.0,"cards_upgraded":["Choke"]},{"cards_removed":["Strike_G"],"damage_healed":0.0,"max_hp_gain":0.0,"max_hp_loss":0.0,"gold_gain":0.0,"event_name":"Bonfire Elementals","player_choice":"Offered Basic","floor":12.0,"gold_loss":0.0,"damage_taken":0.0},{"damage_healed":0.0,"max_hp_gain":0.0,"max_hp_loss":0.0,"gold_gain":0.0,"cards_transformed":["Grand Finale"],"event_name":"Transmorgrifier","player_choice":"Transformed","floor":19.0,"gold_loss":0.0,"damage_taken":0.0,"cards_obtained":["Dash"]},{"damage_healed":0,"gold_gain":0,"player_choice":"Inject Mutagens","damage_taken":0,"relics_obtained":["MutagenicStrength"],"max_hp_gain":0,"max_hp_loss":0,"event_name":"Drug Dealer","floor":22,"gold_loss":0},{"damage_healed":0,"gold_gain":0,"player_choice":"Ignored","damage_taken":0,"max_hp_gain":0,"max_hp_loss":0,"event_name":"Ghosts","floor":25,"gold_loss":0}],"is_beta":false,"boss_relics":[{"not_picked":["WristBlade","Busted Crown"],"picked":"Pandora\u0027s Box"}],"items_purged_floors":[],"is_endless":false,"potions_floor_spawned":[5,6,16,20,21,27],"killed_by":"Champ","ascension_level":5}