{"gold_per_floor":[116,67,97,109,128,128,159,159,185,199,228,240,266,33,33,129,129,149,167,180,180,67,67,93,105,105,125,125,125],"floor_reached":29,"playtime":1782,"items_purged":[],"score":385,"play_id":"e7c72980-44af-4a94-ae7e-ee43893b02fb","local_time":"20191013185352","is_ascension_mode":true,"campfire_choices":[{"data":"Genetic Algorithm","floor":6,"key":"SMITH"},{"floor":8,"key":"REST"},{"floor":15,"key":"REST"},{"floor":23,"key":"REST"}],"neow_cost":"NONE","seed_source_timestamp":189345206427300,"circlet_count":0,"master_deck":["Strike_B","Strike_B","Strike_B","Strike_B","Defend_B","Defend_B","Defend_B","Defend_B","Zap","Dualcast","Coolheaded","Compile Driver","Genetic Algorithm+1","Go for the Eyes","Sweeping Beam","Ball Lightning","Streamline","Rebound","Core Surge","Glacier","Immolate","Sanctity+1","Caltrops","Blizzard","Self Repair","Demon Form","Compile Driver"],"relics":["Cracked Core","Tiny Chest","Ancient Tea Set","Regal Pillow","Bottled Lightning","PrismaticShard","Fusion Hammer","Nloth\u0027s Gift","Lantern","Letter Opener"],"potions_floor_usage":[12,16,16,19,20,28,28],"damage_taken":[{"damage":4,"enemies":"2 Louse","floor":1,"turns":5},{"damage":4,"enemies":"Jaw Worm","floor":4,"turns":4},{"damage":1,"enemies":"Cultist","floor":5,"turns":4},{"damage":33,"enemies":"Gremlin Nob","floor":7,"turns":5},{"damage":13,"enemies":"Exordium Thugs","floor":10,"turns":5},{"damage":13,"enemies":"Lagavulin","floor":11,"turns":8},{"damage":0,"enemies":"Blue Slaver","floor":12,"turns":3},{"damage":14,"enemies":"Gremlin Nob","floor":13,"turns":4},{"damage":26,"enemies":"Hexaghost","floor":16,"turns":12},{"damage":0,"enemies":"Spheric Guardian","floor":18,"turns":3},{"damage":1,"enemies":"Chosen","floor":19,"turns":5},{"damage":15,"enemies":"Snake Plant","floor":20,"turns":7},{"damage":22,"enemies":"Slavers","floor":24,"turns":6},{"damage":16,"enemies":"Snecko","floor":25,"turns":5},{"damage":24,"enemies":"Centurion and Healer","floor":27,"turns":8},{"damage":17,"enemies":"Gremlin Leader","floor":28,"turns":4},{"damage":12,"enemies":"Snake Plant","floor":29,"turns":3}],"seed_played":"6851187276128696155","potions_obtained":[{"floor":4,"key":"DuplicationPotion"},{"floor":5,"key":"Energy Potion"},{"floor":10,"key":"Ancient Potion"},{"floor":13,"key":"SneckoOil"},{"floor":16,"key":"Swift Potion"},{"floor":18,"key":"PotionOfCapacity"},{"floor":20,"key":"SmokeBomb"},{"floor":27,"key":"SteroidPotion"}],"is_trial":false,"path_per_floor":["M","?","?","M","M","R","E","R","T","M","E","M","E","$","R","B",null,"M","M","M","?","$","R","E","M","T","M","E","M"],"character_chosen":"DEFECT","items_purchased":["Glacier","PrismaticShard","Blizzard","Self Repair"],"campfire_rested":3,"item_purchase_floors":[14,14,22,22],"current_hp_per_floor":[64,64,57,53,52,52,19,41,41,28,15,15,1,1,38,14,60,62,63,50,50,50,75,60,44,44,27,10,0],"gold":125,"neow_bonus":"THREE_CARDS","is_prod":false,"is_daily":false,"chose_seed":false,"campfire_upgraded":1,"win_rate":0,"timestamp":1571010832,"path_taken":["M","?","?","M","M","R","E","R","T","M","E","M","E","$","R","BOSS","M","M","M","?","$","R","E","M","T","M","E","M"],"build_version":"2019-10-11","purchased_purges":0,"victory":false,"max_hp_per_floor":[75,75,75,75,75,75,75,75,75,75,75,75,75,75,75,75,75,75,75,75,75,75,75,75,75,75,75,75,75],"card_choices":[{"not_picked":["Barrage","Consume"],"picked":"Coolheaded","floor":0},{"not_picked":["Hologram","Go for the Eyes"],"picked":"Compile Driver","floor":1},{"not_picked":["Reprogram","Consume"],"picked":"Genetic Algorithm","floor":4},{"not_picked":["Auto Shields","Hologram"],"picked":"Go for the Eyes","floor":5},{"not_picked":["Rip and Tear","Scrape"],"picked":"Sweeping Beam","floor":7},{"not_picked":["Stack","Barrage"],"picked":"Ball Lightning","floor":10},{"not_picked":["Steam","Aggregate"],"picked":"Streamline","floor":11},{"not_picked":["Hello World","Turbo"],"picked":"Rebound","floor":12},{"not_picked":["Melter","Sweeping Beam"],"picked":"Core Surge","floor":13},{"not_picked":["Mayhem","Burst"],"picked":"Immolate","floor":16},{"not_picked":["Feel No Pain","Deadly Poison"],"picked":"Sanctity+1","floor":18},{"not_picked":["Blade Dance","Heavy Blade","Prostrate"],"picked":"SKIP","floor":19},{"not_picked":["Compile Driver","Iron Wave"],"picked":"Caltrops","floor":20},{"not_picked":["WheelKick","DeusExMachina"],"picked":"Demon Form","floor":24},{"not_picked":["FlurryOfBlows","Blood for Blood"],"picked":"Compile Driver","floor":25},{"not_picked":["Masterful Stab","Nirvana","Steam"],"picked":"SKIP","floor":27}],"player_experience":479907,"relics_obtained":[{"floor":7,"key":"Ancient Tea Set"},{"floor":9,"key":"Regal Pillow"},{"floor":11,"key":"Bottled Lightning"},{"floor":13,"key":"Blood Vial"},{"floor":24,"key":"Lantern"},{"floor":26,"key":"Letter Opener"}],"event_choices":[{"damage_healed":0,"gold_gain":0,"player_choice":"Left Gold","damage_taken":0,"max_hp_gain":0,"max_hp_loss":0,"event_name":"World of Goop","floor":2,"gold_loss":49},{"damage_healed":0,"gold_gain":0,"player_choice":"Success","damage_taken":7,"relics_obtained":["Tiny Chest"],"max_hp_gain":0,"max_hp_loss":0,"event_name":"Scrap Ooze","floor":3,"gold_loss":0},{"damage_healed":0,"gold_gain":0,"player_choice":"Traded Relic","damage_taken":0,"relics_obtained":["Nloth\u0027s Gift"],"max_hp_gain":0,"max_hp_loss":0,"event_name":"N\u0027loth","floor":21,"relics_lost":["Blood Vial"],"gold_loss":0}],"is_beta":true,"boss_relics":[{"not_picked":["Busted Crown","Velvet Choker"],"picked":"Fusion Hammer"}],"items_purged_floors":[],"is_endless":false,"potions_floor_spawned":[4,5,10,13,16,18,20,27,28],"killed_by":"Snake Plant","ascension_level":7}