{"gold_per_floor":[114,128,148,160,179,179,212,228,228,228,290,317,492,511,511,610,610,630,630],"floor_reached":19,"playtime":1121,"items_purged":[],"score":237,"play_id":"35196aaa-84b8-43f5-b3c7-2942bc8284fa","local_time":"20190630061945","is_ascension_mode":true,"campfire_choices":[{"floor":6,"key":"REST"},{"data":"Zap","floor":10,"key":"SMITH"},{"floor":15,"key":"DIG"}],"neow_cost":"NONE","seed_source_timestamp":1482531127581423,"circlet_count":0,"master_deck":["Strike_B","Strike_B","Strike_B","Strike_B","Defend_B","Defend_B","Defend_B","Defend_B","Zap+1","Dualcast","Coolheaded","Gash","Streamline","Chill","Cold Snap","Sunder","Fusion","Doubt","Skim","Core Surge"],"relics":["Cracked Core","PreservedInsect","Ancient Tea Set","Shovel","Darkstone Periapt","Sozu"],"potions_floor_usage":[7,7,11,16],"damage_taken":[{"damage":1,"enemies":"Cultist","floor":1,"turns":3},{"damage":3,"enemies":"Small Slimes","floor":2,"turns":4},{"damage":3,"enemies":"2 Louse","floor":3,"turns":3},{"damage":11,"enemies":"2 Fungi Beasts","floor":4,"turns":3},{"damage":10,"enemies":"Red Slaver","floor":5,"turns":4},{"damage":0,"enemies":"3 Sentries","floor":7,"turns":7},{"damage":9,"enemies":"Looter","floor":8,"turns":3},{"damage":0,"enemies":"3 Sentries","floor":11,"turns":1},{"damage":16,"enemies":"Gremlin Nob","floor":12,"turns":3},{"damage":10,"enemies":"3 Louse","floor":14,"turns":3},{"damage":28,"enemies":"The Guardian","floor":16,"turns":13},{"damage":28,"enemies":"Shell Parasite","floor":18,"turns":6}],"seed_played":"-5286090358001247755","potions_obtained":[{"floor":2,"key":"Block Potion"},{"floor":3,"key":"Explosive Potion"},{"floor":4,"key":"SpeedPotion"},{"floor":7,"key":"AttackPotion"},{"floor":11,"key":"GamblersBrew"}],"is_trial":false,"path_per_floor":["M","M","M","M","M","R","E","M","T","R","?","E","?","M","R","B",null,"M","$"],"character_chosen":"DEFECT","items_purchased":[],"campfire_rested":1,"item_purchase_floors":[],"current_hp_per_floor":[81,78,75,64,54,78,78,69,69,69,69,53,53,43,43,15,82,54,54],"gold":630,"neow_bonus":"TEN_PERCENT_HP_BONUS","is_prod":false,"is_daily":false,"chose_seed":false,"campfire_upgraded":1,"win_rate":0,"timestamp":1561889985,"path_taken":["M","M","M","M","?","R","E","M","T","R","?","E","?","M","R","BOSS","M","$"],"build_version":"2019-01-23","purchased_purges":0,"victory":false,"max_hp_per_floor":[82,82,82,82,82,82,82,82,82,82,82,82,82,82,82,82,82,82,82],"card_choices":[{"not_picked":["Stack","Skim"],"picked":"Coolheaded","floor":1},{"not_picked":["Tempest","Storm","Steam Power"],"picked":"SKIP","floor":2},{"not_picked":["Beam Cell","Redo"],"picked":"Gash","floor":3},{"not_picked":["Capacitor","Core Surge"],"picked":"Streamline","floor":4},{"not_picked":["Gash","Lockon"],"picked":"Chill","floor":5},{"not_picked":["Streamline","Scrape"],"picked":"Cold Snap","floor":7},{"not_picked":["Darkness","Steam Power"],"picked":"Sunder","floor":8},{"not_picked":["Amplify","Lockon"],"picked":"Fusion","floor":12},{"not_picked":["Cold Snap","Beam Cell"],"picked":"Skim","floor":14},{"not_picked":["Buffer","Reboot"],"picked":"Core Surge","floor":16},{"not_picked":["Cold Snap","Storm","Steam"],"picked":"SKIP","floor":18}],"player_experience":304550,"relics_obtained":[{"floor":7,"key":"PreservedInsect"},{"floor":11,"key":"Ancient Tea Set"},{"floor":12,"key":"Shovel"},{"floor":15,"key":"Darkstone Periapt"}],"event_choices":[{"damage_healed":0,"gold_gain":0,"player_choice":"Searched \u00271\u0027 times","damage_taken":0,"max_hp_gain":0,"max_hp_loss":0,"event_name":"Dead Adventurer","floor":11,"gold_loss":0},{"damage_healed":0,"gold_gain":175,"player_choice":"AGREE","damage_taken":0,"max_hp_gain":0,"max_hp_loss":0,"event_name":"Liars Game","floor":13,"gold_loss":0,"cards_obtained":["Doubt"]}],"is_beta":false,"boss_relics":[{"not_picked":["Inserter","Velvet Choker"],"picked":"Sozu"}],"items_purged_floors":[],"is_endless":false,"potions_floor_spawned":[2,3,4,7,11,18],"ascension_level":3}