{"gold_per_floor":[115,290,14,25,43,43,60,87,137,137,166,184,9,29,29,130,130,149,181,200,40,59,93,18,48,48,75,95,123,139,139,139,234,234,245,258,133,150,167,200,200,219,267,285,385,415,438,4,4,4],"floor_reached":51,"playtime":2774,"items_purged":["Doubt","Strike_B","Shame","Parasite"],"score":1091,"play_id":"3c26f09b-68e9-49f7-a167-6ea5944a04fc","local_time":"20190902153652","is_ascension_mode":true,"campfire_choices":[{"data":"Electrodynamics","floor":6,"key":"SMITH"},{"data":"Consume","floor":10,"key":"SMITH"},{"data":"Storm","floor":15,"key":"SMITH"},{"data":"Fission","floor":32,"key":"SMITH"},{"data":"Thunder Strike","floor":41,"key":"SMITH"},{"data":"Capacitor","floor":49,"key":"SMITH"}],"neow_cost":"TEN_PERCENT_HP_LOSS","seed_source_timestamp":848412693606500,"circlet_count":0,"master_deck":["Defend_B","Defend_B","Defend_B","Defend_B+1","Zap","Dualcast+1","Hologram","Gash","Electrodynamics+1","Consume+1","Conserve Battery","Reboot","Static Discharge","Self Repair","Storm+1","Fission+1","Loop","Barrage","Defragment","Thunder Strike+1","Lockon","Defragment","Seek","Hello World","Machine Learning","Parasite","Clumsy","Double Energy+1","Capacitor+1","BootSequence"],"relics":["Cracked Core","Thread and Needle","Runic Capacitor","Darkstone Periapt","DataDisk","War Paint","Coffee Dripper","Red Mask","Dream Catcher","Centennial Puzzle","Meat on the Bone","Vajra","Happy Flower","Calling Bell","Orichalcum","Pantograph","StoneCalendar","Bronze Scales","Anchor","Torii","MawBank","Letter Opener"],"potions_floor_usage":[11,16,19,27,27,36,38,40,44,44,50,50],"damage_taken":[{"damage":0,"enemies":"Small Slimes","floor":1,"turns":2},{"damage":0,"enemies":"2 Louse","floor":4,"turns":3},{"damage":0,"enemies":"Jaw Worm","floor":5,"turns":4},{"damage":0,"enemies":"Blue Slaver","floor":7,"turns":3},{"damage":25,"enemies":"Lagavulin","floor":8,"turns":5},{"damage":9,"enemies":"3 Sentries","floor":11,"turns":4},{"damage":1,"enemies":"3 Louse","floor":12,"turns":3},{"damage":0,"enemies":"Large Slime","floor":14,"turns":4},{"damage":27,"enemies":"Slime Boss","floor":16,"turns":4},{"damage":0,"enemies":"Chosen","floor":18,"turns":3},{"damage":8,"enemies":"Masked Bandits","floor":19,"turns":3},{"damage":7,"enemies":"2 Thieves","floor":20,"turns":2},{"damage":0,"enemies":"Snecko","floor":22,"turns":3},{"damage":18,"enemies":"Book of Stabbing","floor":23,"turns":3},{"damage":22,"enemies":"Slavers","floor":25,"turns":3},{"damage":0,"enemies":"Gremlin Leader","floor":27,"turns":4},{"damage":0,"enemies":"3 Cultists","floor":28,"turns":2},{"damage":18,"enemies":"Book of Stabbing","floor":29,"turns":2},{"damage":2,"enemies":"Cultist and Chosen","floor":30,"turns":3},{"damage":5,"enemies":"Collector","floor":33,"turns":3},{"damage":6,"enemies":"3 Shapes","floor":35,"turns":2},{"damage":14,"enemies":"Orb Walker","floor":36,"turns":3},{"damage":10,"enemies":"Sphere and 2 Shapes","floor":38,"turns":4},{"damage":0,"enemies":"4 Shapes","floor":39,"turns":2},{"damage":0,"enemies":"Giant Head","floor":40,"turns":4},{"damage":0,"enemies":"Maw","floor":42,"turns":4},{"damage":11,"enemies":"Writhing Mass","floor":44,"turns":4},{"damage":0,"enemies":"Mind Bloom Boss Battle","floor":45,"turns":3},{"damage":54,"enemies":"Reptomancer","floor":46,"turns":3},{"damage":9,"enemies":"4 Shapes","floor":47,"turns":2},{"damage":15,"enemies":"Donu and Deca","floor":50,"turns":5}],"seed_played":"9098327566495485226","potions_obtained":[{"floor":1,"key":"LiquidBronze"},{"floor":8,"key":"SteroidPotion"},{"floor":14,"key":"Poison Potion"},{"floor":16,"key":"Regen Potion"},{"floor":18,"key":"Weak Potion"},{"floor":28,"key":"Ancient Potion"},{"floor":30,"key":"Energy Potion"},{"floor":33,"key":"Strength Potion"},{"floor":36,"key":"EssenceOfSteel"},{"floor":38,"key":"Fire Potion"},{"floor":40,"key":"Strength Potion"},{"floor":42,"key":"Dexterity Potion"},{"floor":44,"key":"SpeedPotion"},{"floor":47,"key":"EssenceOfSteel"}],"is_trial":false,"path_per_floor":["M","?","$","M","M","R","M","E","T","R","E","M","$","M","R","B",null,"M","?","M","$","M","E","?","E","T","E","M","E","M","?","R","B",null,"M","M","$","M","M","E","R","M","T","M","?","E","M","$","R","B",null],"character_chosen":"DEFECT","items_purchased":["Runic Capacitor","Self Repair","Thunder Strike","Letter Opener","BootSequence"],"campfire_rested":0,"item_purchase_floors":[3,13,21,48,48],"current_hp_per_floor":[68,68,68,68,68,68,68,43,43,43,34,33,33,40,40,20,56,56,55,55,55,62,51,51,29,29,50,50,51,56,56,56,58,84,85,71,71,68,68,75,75,82,82,84,92,57,55,55,55,72],"gold":4,"neow_bonus":"ONE_RARE_RELIC","is_prod":false,"is_daily":false,"chose_seed":false,"campfire_upgraded":6,"win_rate":0,"timestamp":1567456612,"path_taken":["M","?","$","M","M","R","M","E","T","R","E","M","$","M","R","BOSS","M","?","M","$","M","E","?","E","T","E","M","E","M","?","R","BOSS","M","M","$","M","M","E","R","M","T","M","?","E","M","$","R","BOSS"],"build_version":"2019-07-17","purchased_purges":4,"victory":true,"max_hp_per_floor":[68,68,68,68,68,68,68,68,68,68,68,68,68,68,68,68,68,68,68,68,68,68,68,68,68,68,68,68,68,68,68,68,68,86,86,86,86,86,86,86,86,86,86,92,92,92,92,89,89,89],"card_choices":[{"not_picked":["Tempest","Reprogram"],"picked":"Hologram","floor":1},{"not_picked":["Sunder","Leap"],"picked":"Gash","floor":4},{"not_picked":["Consume","Redo"],"picked":"Electrodynamics","floor":5},{"not_picked":["Go for the Eyes","Redo"],"picked":"Consume","floor":7},{"not_picked":["Coolheaded","Ball Lightning"],"picked":"Conserve Battery","floor":8},{"not_picked":["Conserve Battery","Blizzard"],"picked":"Reboot","floor":11},{"not_picked":["Gash","Beam Cell"],"picked":"Static Discharge","floor":12},{"not_picked":["Tempest","Cold Snap"],"picked":"Storm","floor":14},{"not_picked":["Meteor Strike","Seek"],"picked":"Fission","floor":16},{"not_picked":["Compile Driver","Rebound"],"picked":"Loop","floor":18},{"not_picked":["Go for the Eyes+1","Coolheaded"],"picked":"Barrage","floor":19},{"not_picked":["BootSequence","Hologram"],"picked":"Defragment","floor":20},{"not_picked":["Coolheaded","Turbo"],"picked":"Lockon","floor":22},{"not_picked":["Chill","Scrape","Consume+1"],"picked":"SKIP","floor":23},{"not_picked":["Chill","Beam Cell"],"picked":"Defragment","floor":25},{"not_picked":["Sweeping Beam","Compile Driver","Loop"],"picked":"SKIP","floor":27},{"not_picked":["BootSequence","Undo","Go for the Eyes"],"picked":"SKIP","floor":28},{"not_picked":["Darkness","Scrape","Doom and Gloom"],"picked":"SKIP","floor":29},{"not_picked":["Stack","Gash+1","Ball Lightning+1"],"picked":"SKIP","floor":30},{"not_picked":["Biased Cognition","Reboot"],"picked":"Machine Learning","floor":33},{"not_picked":["Cold Snap+1","Lockon+1"],"picked":"Double Energy+1","floor":35},{"not_picked":["Stack","Hologram+1","Hello World+1"],"picked":"SKIP","floor":36},{"not_picked":["Go for the Eyes","Static Discharge","Melter+1"],"picked":"SKIP","floor":38},{"not_picked":["Cold Snap","Loop+1","Tempest"],"picked":"SKIP","floor":39},{"not_picked":["Coolheaded","Sweeping Beam","Skim"],"picked":"SKIP","floor":40},{"not_picked":["Lockon","Steam Power","Stack+1"],"picked":"SKIP","floor":42},{"not_picked":["Streamline+1","Self Repair+1","Undo"],"picked":"SKIP","floor":44},{"not_picked":["Biased Cognition","Hologram","Gash+1"],"picked":"SKIP","floor":46},{"not_picked":["Cold Snap","FTL"],"picked":"Capacitor","floor":47}],"player_experience":210409,"relics_obtained":[{"floor":8,"key":"Darkstone Periapt"},{"floor":9,"key":"DataDisk"},{"floor":11,"key":"War Paint"},{"floor":19,"key":"Red Mask"},{"floor":23,"key":"Dream Catcher"},{"floor":25,"key":"Centennial Puzzle"},{"floor":26,"key":"Meat on the Bone"},{"floor":27,"key":"Vajra"},{"floor":29,"key":"Happy Flower"},{"floor":34,"key":"Orichalcum"},{"floor":34,"key":"Pantograph"},{"floor":34,"key":"StoneCalendar"},{"floor":40,"key":"Bronze Scales"},{"floor":43,"key":"Anchor"},{"floor":45,"key":"Torii"},{"floor":46,"key":"MawBank"}],"event_choices":[{"damage_healed":0,"gold_gain":175,"player_choice":"AGREE","damage_taken":0,"max_hp_gain":0,"max_hp_loss":0,"event_name":"Liars Game","floor":2,"gold_loss":0,"cards_obtained":["Doubt"]},{"damage_healed":0,"gold_gain":0,"player_choice":"Fought Bandits","damage_taken":0,"max_hp_gain":0,"max_hp_loss":0,"event_name":"Masked Bandits","floor":19,"gold_loss":0},{"cards_removed":["Strike_B"],"damage_healed":0,"gold_gain":0,"player_choice":"Gave Gold","damage_taken":0,"max_hp_gain":0,"max_hp_loss":0,"event_name":"Beggar","floor":24,"gold_loss":75},{"damage_healed":0,"gold_gain":0,"cards_transformed":["Strike_B","Strike_B"],"player_choice":"Became Test Subject","damage_taken":0,"max_hp_gain":0,"max_hp_loss":0,"event_name":"Drug Dealer","floor":31,"gold_loss":0,"cards_obtained":["Seek","Hello World"]},{"damage_healed":0,"gold_gain":0,"player_choice":"Fight","damage_taken":0,"max_hp_gain":0,"max_hp_loss":0,"event_name":"MindBloom","floor":45,"gold_loss":0}],"is_beta":false,"boss_relics":[{"not_picked":["Lizard Tail","FrozenCore"],"picked":"Coffee Dripper"},{"not_picked":["Runic Dome","Snecko Eye"],"picked":"Calling Bell"}],"items_purged_floors":[3,13,37,48],"is_endless":false,"potions_floor_spawned":[1,8,14,16,18,28,30,33,36,38,40,42,44,47],"ascension_level":6}