{"gold_per_floor":[115,134,5,24,0,0,32,32,32,45,59,59,59,89,89,194,194,206,223,223,3,13,13,77,91,165,194,223,223,257,257,257,257],"floor_reached":33,"playtime":1985,"items_purged":[],"score":524,"play_id":"ec160554-3c9c-442d-9b23-42ff86e3028c","local_time":"20191013151300","is_ascension_mode":true,"campfire_choices":[{"data":"Defragment","floor":6.0,"key":"SMITH"},{"data":"Lockon","floor":12.0,"key":"SMITH"},{"data":"Barrage","floor":15.0,"key":"SMITH"},{"data":"Fission","floor":23.0,"key":"SMITH"},{"floor":29.0,"key":"REST"},{"floor":32,"key":"REST"}],"neow_cost":"PERCENT_DAMAGE","seed_source_timestamp":0,"circlet_count":0,"master_deck":["Strike_B+1","Defend_B","Defend_B","Defend_B","Defend_B","Zap","Dualcast","Barrage+1","Lockon+1","Defragment+1","Conserve Battery","Ball Lightning","Compile Driver+1","Sweeping Beam","Steam Power","Sweeping Beam","Echo Form","Cold Snap+1","Reinforced Body+1","Capacitor","Coolheaded","Turbo","Hologram","Fission+1","Sunder","Coolheaded","Beam Cell+1","Melter+1","Aggregate","Capacitor+1","Self Repair","Melter+1"],"special_seed":0,"relics":["Cracked Core","StrikeDummy","HornCleat","Whetstone","Sozu","Oddly Smooth Stone","Orrery","Tiny Chest","Symbiotic Virus","Cables","Red Mask","Molten Egg 2"],"potions_floor_usage":[],"damage_taken":[{"damage":2.0,"enemies":"Jaw Worm","floor":1.0,"turns":3.0},{"damage":13.0,"enemies":"2 Louse","floor":2.0,"turns":3.0},{"damage":1.0,"enemies":"Cultist","floor":4.0,"turns":3.0},{"damage":8.0,"enemies":"3 Sentries","floor":7.0,"turns":5.0},{"damage":6.0,"enemies":"Blue Slaver","floor":10.0,"turns":2.0},{"damage":0.0,"enemies":"3 Louse","floor":11.0,"turns":3.0},{"damage":0.0,"enemies":"Gremlin Nob","floor":14.0,"turns":3.0},{"damage":0.0,"enemies":"Slime Boss","floor":16.0,"turns":5.0},{"damage":5.0,"enemies":"2 Thieves","floor":18.0,"turns":3.0},{"damage":5.0,"enemies":"Chosen","floor":19.0,"turns":4.0},{"damage":10.0,"enemies":"Shelled Parasite and Fungi","floor":22.0,"turns":5.0},{"damage":27.0,"enemies":"Book of Stabbing","floor":24.0,"turns":6.0},{"damage":0.0,"enemies":"Centurion and Healer","floor":25.0,"turns":4.0},{"damage":27.0,"enemies":"Slavers","floor":27.0,"turns":4.0},{"damage":0.0,"enemies":"Masked Bandits","floor":28.0,"turns":3.0},{"damage":32.0,"enemies":"Gremlin Leader","floor":30.0,"turns":4.0},{"damage":43,"enemies":"Champ","floor":33,"turns":8}],"seed_played":"1784337917890020359","potions_obtained":[{"floor":1.0,"key":"Block Potion"},{"floor":10.0,"key":"Weak Potion"},{"floor":11.0,"key":"Fire Potion"},{"floor":16.0,"key":"Regen Potion"}],"is_trial":false,"path_per_floor":["M","M","$","M","?","R","E","?","T","M","M","R","?","E","R","B",null,"M","M","?","$","M","R","E","M","T","E","?","R","E","?","R","B"],"character_chosen":"DEFECT","items_purchased":["Defragment","Conserve Battery","Orrery","Sunder"],"campfire_rested":2,"item_purchase_floors":[3,3,21,21],"current_hp_per_floor":[62,49,49,48,48,48,40,40,40,34,34,34,34,34,34,34,75,70,65,65,65,55,55,43,43,43,16,16,42,10,10,36,0],"gold":257,"neow_bonus":"TWENTY_PERCENT_HP_BONUS","is_prod":false,"is_daily":false,"chose_seed":false,"campfire_upgraded":4,"win_rate":0,"timestamp":1570997580,"path_taken":["M","M","$","M","?","R","E","?","T","?","M","R","?","E","R","BOSS","M","M","?","$","M","R","E","M","T","E","?","R","E","?","R","BOSS"],"build_version":"2019-10-11","purchased_purges":0,"victory":false,"max_hp_per_floor":[89,89,89,89,89,89,89,89,89,89,89,89,89,89,89,89,89,89,89,89,89,89,89,89,89,89,89,89,89,89,89,89,89],"card_choices":[{"not_picked":["Force Field","Double Energy"],"picked":"Barrage","floor":1.0},{"not_picked":["Gash","Redo"],"picked":"Lockon","floor":2.0},{"not_picked":["Barrage","Self Repair"],"picked":"Ball Lightning","floor":4.0},{"not_picked":["Gash","Stack"],"picked":"Compile Driver","floor":7.0},{"not_picked":["Turbo","Lockon"],"picked":"Sweeping Beam","floor":10.0},{"not_picked":["Chaos","Tempest"],"picked":"Steam Power","floor":11.0},{"not_picked":["Steam","Rip and Tear"],"picked":"Sweeping Beam","floor":14.0},{"not_picked":["Seek","Core Surge"],"picked":"Echo Form","floor":16.0},{"not_picked":["Redo","Hologram"],"picked":"Cold Snap+1","floor":18.0},{"not_picked":["Gash","Heatsinks"],"picked":"Reinforced Body+1","floor":19.0},{"not_picked":["Turbo+1","Sweeping Beam"],"picked":"Capacitor","floor":21.0},{"not_picked":["Steam","Leap+1"],"picked":"Coolheaded","floor":21.0},{"not_picked":["Streamline","Lockon+1"],"picked":"Turbo","floor":21.0},{"not_picked":["Gash+1","Aggregate"],"picked":"Hologram","floor":21.0},{"not_picked":["Reinforced Body","Compile Driver"],"picked":"Fission","floor":21.0},{"not_picked":["Scrape","Sunder","Rebound"],"picked":"SKIP","floor":22.0},{"not_picked":["Genetic Algorithm","Conserve Battery+1"],"picked":"Coolheaded","floor":24.0},{"not_picked":["Conserve Battery+1","Gash"],"picked":"Beam Cell+1","floor":25.0},{"not_picked":["Coolheaded","Reprogram+1"],"picked":"Melter+1","floor":27.0},{"not_picked":["Thunder Strike","Sweeping Beam"],"picked":"Aggregate","floor":28.0},{"not_picked":["Multi-Cast","Static Discharge"],"picked":"Capacitor+1","floor":30}],"player_experience":473718,"relics_obtained":[{"floor":7.0,"key":"StrikeDummy"},{"floor":9.0,"key":"HornCleat"},{"floor":14.0,"key":"Whetstone"},{"floor":24.0,"key":"Tiny Chest"},{"floor":26.0,"key":"Symbiotic Virus"},{"floor":27.0,"key":"Cables"},{"floor":28.0,"key":"Red Mask"},{"floor":30,"key":"Molten Egg 2"}],"event_choices":[{"damage_healed":0.0,"max_hp_gain":0.0,"max_hp_loss":0.0,"gold_gain":0.0,"event_name":"World of Goop","player_choice":"Left Gold","floor":5.0,"gold_loss":24.0,"damage_taken":0.0},{"cards_removed":["Strike_B"],"damage_healed":0.0,"max_hp_gain":0.0,"max_hp_loss":0.0,"gold_gain":0.0,"event_name":"Bonfire Elementals","player_choice":"Offered Basic","floor":8.0,"gold_loss":0.0,"damage_taken":0.0},{"damage_healed":0.0,"max_hp_gain":0.0,"max_hp_loss":0.0,"gold_gain":0.0,"event_name":"Liars Game","player_choice":"Ignored","floor":13.0,"gold_loss":0.0,"damage_taken":0.0},{"damage_healed":0.0,"max_hp_gain":0.0,"max_hp_loss":0.0,"gold_gain":0.0,"event_name":"The Mausoleum","player_choice":"Opened","floor":20.0,"gold_loss":0.0,"damage_taken":0.0,"relics_obtained":["Oddly Smooth Stone"]},{"damage_healed":0.0,"max_hp_gain":0.0,"max_hp_loss":0.0,"gold_gain":0.0,"event_name":"Masked Bandits","player_choice":"Fought Bandits","floor":28.0,"gold_loss":0.0,"damage_taken":0.0},{"damage_healed":0,"gold_gain":0,"cards_transformed":["Strike_B","Strike_B"],"player_choice":"Became Test Subject","damage_taken":0,"max_hp_gain":0,"max_hp_loss":0,"event_name":"Drug Dealer","floor":31,"gold_loss":0,"cards_obtained":["Self Repair","Melter"]}],"is_beta":true,"boss_relics":[{"not_picked":["Coffee Dripper","Busted Crown"],"picked":"Sozu"}],"items_purged_floors":[],"is_endless":false,"potions_floor_spawned":[1,10,11,16,24,25,28],"killed_by":"Champ","ascension_level":7}