{"gold_per_floor":[117,117,3,18,33,62,62,22,22,22,33,50,125,160,160,264,264,276,108,108,118,136,136,151,151,225,250,250,263,289,306,306,405,405,418,434,96,96,106,106,138,138,212,212,225,28,28,55,55,55],"floor_reached":51,"playtime":2973,"items_purged":["Strike_G"],"score":1088,"play_id":"e8e6f877-3a5d-4d27-a158-95911759c388","local_time":"20191013102525","is_ascension_mode":true,"campfire_choices":[{"data":"Noxious Fumes","floor":7.0,"key":"SMITH"},{"data":"Skewer","floor":10.0,"key":"SMITH"},{"floor":15.0,"key":"REST"},{"data":"Neutralize","floor":23,"key":"SMITH"},{"floor":25,"key":"REST"},{"data":"Dagger Spray","floor":28,"key":"SMITH"},{"floor":32,"key":"REST"},{"data":"Survivor","floor":40,"key":"SMITH"},{"data":"Masterful Stab","floor":42,"key":"SMITH"},{"data":"Eviscerate","floor":44,"key":"SMITH"},{"floor":49,"key":"REST"}],"neow_cost":"NONE","seed_source_timestamp":0,"circlet_count":0,"master_deck":["Survivor+1","Neutralize+1","Predator","Noxious Fumes+1","Quick Slash","Deflect+1","Skewer+1","Deflect+1","Bullet Time+1","Phantasmal Killer+1","Dagger Spray+1","PiercingWail+1","Calculated Gamble+1","Flying Knee+1","Choke+1","Bouncing Flask+1","Crippling Poison+1","Deadly Poison+1","Acrobatics+1","After Image+1","Night Terror+1","After Image+1","Masterful Stab+1","Infinite Blades+1","Catalyst+1","Catalyst+1","Eviscerate+1","Storm of Steel+1","Blur+1","All Out Attack+1","Dodge and Roll+1","Bane+1","Dodge and Roll+1","Backflip+1","Bullet Time+1","Malaise+1"],"special_seed":0,"relics":["Ring of the Snake","Akabeko","Toxic Egg 2","Strawberry","CloakClasp","WristBlade","Sundial","Mummified Hand","Frozen Egg 2","Pandora\u0027s Box","Bird Faced Urn","Vajra","Mercury Hourglass","DollysMirror","Bag of Preparation"],"potions_floor_usage":[22,24,27,30,33,39,48,49,50],"damage_taken":[{"damage":0.0,"enemies":"2 Louse","floor":1.0,"turns":3.0},{"damage":0.0,"enemies":"Cultist","floor":4.0,"turns":3.0},{"damage":0.0,"enemies":"Small Slimes","floor":5.0,"turns":3.0},{"damage":36.0,"enemies":"Lagavulin","floor":6.0,"turns":8.0},{"damage":0.0,"enemies":"Looter","floor":11.0,"turns":1.0},{"damage":0.0,"enemies":"Red Slaver","floor":12.0,"turns":1.0},{"damage":25.0,"enemies":"Gremlin Nob","floor":14.0,"turns":4.0},{"damage":0.0,"enemies":"Slime Boss","floor":16.0,"turns":8.0},{"damage":0,"enemies":"Chosen","floor":18,"turns":4},{"damage":0,"enemies":"Shell Parasite","floor":21,"turns":2},{"damage":0,"enemies":"Snecko","floor":22,"turns":2},{"damage":24,"enemies":"Chosen and Byrds","floor":24,"turns":6},{"damage":3,"enemies":"Gremlin Leader","floor":27,"turns":4},{"damage":7,"enemies":"Centurion and Healer","floor":29,"turns":5},{"damage":15,"enemies":"Book of Stabbing","floor":30,"turns":5},{"damage":5,"enemies":"Snecko","floor":31,"turns":3},{"damage":34,"enemies":"Champ","floor":33,"turns":10},{"damage":0,"enemies":"3 Shapes","floor":35,"turns":2},{"damage":0,"enemies":"Orb Walker","floor":36,"turns":2},{"damage":8,"enemies":"Maw","floor":39,"turns":5},{"damage":0,"enemies":"Giant Head","floor":41,"turns":4},{"damage":17,"enemies":"Transient","floor":45,"turns":5},{"damage":0,"enemies":"Nemesis","floor":48,"turns":3},{"damage":63,"enemies":"Donu and Deca","floor":50,"turns":10}],"seed_played":"1234049735831656770","potions_obtained":[{"floor":1.0,"key":"SteroidPotion"},{"floor":4.0,"key":"Regen Potion"},{"floor":11.0,"key":"Explosive Potion"},{"floor":14.0,"key":"EntropicBrew"},{"floor":22,"key":"Swift Potion"},{"floor":27,"key":"Fruit Juice"},{"floor":30,"key":"PowerPotion"},{"floor":33,"key":"Weak Potion"},{"floor":35,"key":"SneckoOil"},{"floor":45,"key":"SteroidPotion"},{"floor":48,"key":"Poison Potion"}],"is_trial":false,"path_per_floor":["M","?","$","M","M","E","R","$","T","R","M","M","?","E","R","B",null,"M","$","?","M","M","R","M","R","T","E","R","M","E","M","R","B",null,"M","M","$","?","M","R","E","R","T","R","M","$","?","E","R","B",null],"character_chosen":"THE_SILENT","items_purchased":["Noxious Fumes","Quick Slash","Skewer","PiercingWail+1","Calculated Gamble+1","Bird Faced Urn","Dodge and Roll+1","Backflip+1","DollysMirror"],"campfire_rested":4,"item_purchase_floors":[3,3,8,19,19,37,37,46,46],"current_hp_per_floor":[70,70,70,70,70,34,34,34,41,41,41,41,30,5,28,43,69,69,69,62,62,62,62,38,61,61,58,58,51,36,31,54,20,63,63,63,63,63,61,61,67,67,67,67,56,56,56,64,82,19],"gold":55,"neow_bonus":"RANDOM_COMMON_RELIC","is_prod":false,"is_daily":false,"chose_seed":false,"campfire_upgraded":7,"win_rate":0,"timestamp":1570980325,"path_taken":["M","?","$","?","M","E","R","$","T","R","M","M","?","E","R","BOSS","M","$","?","?","M","R","M","R","T","E","R","M","E","?","R","BOSS","M","?","?","?","M","R","E","R","T","R","M","$","?","E","R","BOSS"],"build_version":"2019-10-11","purchased_purges":1,"victory":true,"max_hp_per_floor":[70,70,70,70,70,70,70,70,77,77,77,77,77,77,77,77,77,77,77,77,77,77,77,77,77,77,77,77,77,77,77,77,77,77,77,77,77,77,77,77,77,77,77,77,77,77,77,77,82,82],"card_choices":[{"not_picked":["Choke","Deflect"],"picked":"Predator","floor":1.0},{"not_picked":["Choke","Prepared"],"picked":"Slice","floor":4.0},{"not_picked":["Outmaneuver","Slice","Acrobatics"],"picked":"SKIP","floor":5.0},{"not_picked":["Quick Slash","Escape Plan"],"picked":"Deflect","floor":6.0},{"not_picked":["Blade Dance+1","Eviscerate","Outmaneuver+1"],"picked":"SKIP","floor":11.0},{"not_picked":["Dagger Throw","Underhanded Strike"],"picked":"Deflect+1","floor":12.0},{"not_picked":["Deflect+1","Riddle With Holes"],"picked":"Bullet Time+1","floor":14.0},{"not_picked":["Unload","Envenom"],"picked":"Phantasmal Killer+1","floor":16.0},{"not_picked":["Sucker Punch","Outmaneuver+1"],"picked":"Dagger Spray","floor":18},{"not_picked":["Deflect+1","Finisher"],"picked":"Flying Knee+1","floor":21},{"not_picked":["Endless Agony","Riddle With Holes"],"picked":"Choke+1","floor":22},{"not_picked":["Calculated Gamble+1","Riddle With Holes"],"picked":"Bouncing Flask+1","floor":24},{"not_picked":["Grand Finale","Footwork"],"picked":"Crippling Poison+1","floor":27},{"not_picked":["Riddle With Holes","Underhanded Strike+1","Bouncing Flask+1"],"picked":"SKIP","floor":29},{"not_picked":["Glass Knife","Endless Agony"],"picked":"Deadly Poison+1","floor":30},{"not_picked":["Endless Agony","Poisoned Stab"],"picked":"Acrobatics+1","floor":31},{"not_picked":["Tools of the Trade+1","Bullet Time+1"],"picked":"After Image+1","floor":33},{"not_picked":["Deadly Poison+1","Quick Slash"],"picked":"Blur+1","floor":35},{"not_picked":["Deflect+1","Catalyst+1"],"picked":"All Out Attack+1","floor":36},{"not_picked":["Dodge and Roll+1","Heel Hook","Acrobatics+1"],"picked":"SKIP","floor":39},{"not_picked":["Poisoned Stab","Sucker Punch+1"],"picked":"Bane+1","floor":41},{"not_picked":["Underhanded Strike+1","Heel Hook"],"picked":"Dodge and Roll+1","floor":45},{"not_picked":["Acrobatics+1","Bullet Time+1"],"picked":"Malaise+1","floor":48}],"player_experience":470745,"relics_obtained":[{"floor":6.0,"key":"Toxic Egg 2"},{"floor":9.0,"key":"Strawberry"},{"floor":14.0,"key":"CloakClasp"},{"floor":26,"key":"Sundial"},{"floor":27,"key":"Mummified Hand"},{"floor":30,"key":"Frozen Egg 2"},{"floor":41,"key":"Vajra"},{"floor":43,"key":"Mercury Hourglass"},{"floor":48,"key":"Bag of Preparation"}],"event_choices":[{"cards_removed":["Strike_G"],"damage_healed":0.0,"max_hp_gain":0.0,"max_hp_loss":0.0,"gold_gain":0.0,"event_name":"Purifier","player_choice":"Purged","floor":2.0,"gold_loss":0.0,"damage_taken":0.0},{"damage_healed":0.0,"max_hp_gain":0.0,"max_hp_loss":0.0,"gold_gain":75.0,"event_name":"World of Goop","player_choice":"Gather Gold","floor":13.0,"gold_loss":0.0,"damage_taken":11.0},{"damage_healed":0,"gold_gain":0,"player_choice":"","damage_taken":7,"max_hp_gain":0,"max_hp_loss":0,"event_name":"Knowing Skull","floor":20,"potions_obtained":[],"gold_loss":0,"cards_obtained":[]},{"cards_removed":["Slice"],"damage_healed":0,"gold_gain":0,"player_choice":"Removed Attack","damage_taken":0,"max_hp_gain":0,"max_hp_loss":0,"event_name":"Falling","floor":38,"gold_loss":0},{"damage_healed":0,"gold_gain":0,"player_choice":"Ignored","damage_taken":0,"max_hp_gain":0,"max_hp_loss":0,"event_name":"SecretPortal","floor":47,"gold_loss":0}],"is_beta":true,"boss_relics":[{"not_picked":["HoveringKite","Astrolabe"],"picked":"WristBlade"},{"not_picked":["Black Star","Sozu"],"picked":"Pandora\u0027s Box"}],"items_purged_floors":[19],"is_endless":false,"potions_floor_spawned":[1,4,11,14,21,22,27,30,33,35,45,48],"ascension_level":5}