{"gold_per_floor":[109,109,109,128,13,48,48,79,79,97,97,97,109,123,123,227,227,241,72,87,99,174,191,191,191],"floor_reached":25,"playtime":2828,"items_purged":["Strike_G"],"score":281,"play_id":"7caa5c19-7fc6-40d8-8a94-b85bb320e622","local_time":"20190805211954","is_ascension_mode":true,"campfire_choices":[{"floor":7,"key":"REST"},{"floor":12,"key":"REST"},{"floor":15,"key":"REST"},{"floor":24,"key":"REST"}],"neow_cost":"NONE","seed_source_timestamp":0,"circlet_count":0,"master_deck":["Strike_G","Strike_G","Strike_G","Defend_G","Defend_G","Defend_G","Defend_G","Defend_G","Survivor","Neutralize+1","Accuracy","Blade Dance","Noxious Fumes","Poisoned Stab","Corpse Explosion","Envenom","Cloak And Dagger","Terror","Poisoned Stab","Die Die Die","Adrenaline","Footwork","Tactician","Dagger Throw","Catalyst","Outmaneuver"],"special_seed":0,"relics":["Ring of the Snake","Blue Candle","Centennial Puzzle","Strawberry","Runic Pyramid","Pear"],"potions_floor_usage":[21],"damage_taken":[{"damage":0.0,"enemies":"Cultist","floor":1.0,"turns":4.0},{"damage":1,"enemies":"2 Louse","floor":4,"turns":2},{"damage":38,"enemies":"Gremlin Nob","floor":6,"turns":5},{"damage":33,"enemies":"Lagavulin","floor":8,"turns":6},{"damage":0,"enemies":"Small Slimes","floor":10,"turns":4},{"damage":8,"enemies":"Looter","floor":13,"turns":3},{"damage":1,"enemies":"3 Louse","floor":14,"turns":2},{"damage":53,"enemies":"The Guardian","floor":16,"turns":8},{"damage":12,"enemies":"3 Byrds","floor":18,"turns":2},{"damage":24,"enemies":"Spheric Guardian","floor":20,"turns":6},{"damage":22,"enemies":"Centurion and Healer","floor":21,"turns":7},{"damage":34,"enemies":"Snecko","floor":23,"turns":6},{"damage":16,"enemies":"Snake Plant","floor":25,"turns":2}],"seed_played":"2882994968501832796","potions_obtained":[{"floor":4,"key":"FearPotion"},{"floor":13,"key":"FairyPotion"},{"floor":14,"key":"Ancient Potion"},{"floor":16,"key":"SkillPotion"}],"is_trial":false,"path_per_floor":["M","?","?","M","$","E","R","E","T","M","?","R","M","M","R","B",null,"M","$","M","M","T","M","R","M"],"character_chosen":"THE_SILENT","items_purchased":["Noxious Fumes","Poisoned Stab","Tactician","Dagger Throw"],"campfire_rested":4,"item_purchase_floors":[5,5,19,19],"current_hp_per_floor":[70,70,75,74,74,36,58,25,32,32,32,56,48,47,71,18,82,70,70,46,24,34,9,36,20],"gold":191,"neow_bonus":"UPGRADE_CARD","is_prod":false,"is_daily":false,"chose_seed":false,"campfire_upgraded":0,"win_rate":0,"timestamp":1565065194,"path_taken":["M","?","?","M","$","E","R","E","T","M","?","R","M","M","R","BOSS","M","$","M","?","?","M","R","M"],"build_version":"2019-07-17","purchased_purges":1,"victory":false,"max_hp_per_floor":[70,70,75,75,75,75,75,75,82,82,82,82,82,82,82,82,82,82,82,82,82,92,92,92,92],"card_choices":[{"not_picked":["Underhanded Strike","Dagger Spray"],"picked":"Accuracy","floor":1.0},{"not_picked":["Choke","Eviscerate"],"picked":"Blade Dance","floor":4},{"not_picked":["Masterful Stab","Blade Dance"],"picked":"Corpse Explosion","floor":6},{"not_picked":["Underhanded Strike","Sucker Punch"],"picked":"Envenom","floor":8},{"not_picked":["Dagger Spray","Blade Dance"],"picked":"Cloak And Dagger","floor":10},{"not_picked":["Backflip","Blade Dance"],"picked":"Poisoned Stab","floor":13},{"not_picked":["PiercingWail","Deflect"],"picked":"Die Die Die","floor":14},{"not_picked":["Unload","Grand Finale"],"picked":"Adrenaline","floor":16},{"not_picked":["Tactician","Riddle With Holes+1"],"picked":"Footwork","floor":18},{"not_picked":["Prepared","Poisoned Stab"],"picked":"Catalyst","floor":20},{"not_picked":["Dodge and Roll","Dagger Spray+1","Bane"],"picked":"SKIP","floor":21},{"not_picked":["Skewer","Cloak And Dagger+1"],"picked":"Outmaneuver","floor":23}],"player_experience":2529932,"relics_obtained":[{"floor":6,"key":"Blue Candle"},{"floor":8,"key":"Centennial Puzzle"},{"floor":9,"key":"Strawberry"},{"floor":22,"key":"Pear"}],"event_choices":[{"damage_healed":0.0,"max_hp_gain":0.0,"max_hp_loss":0.0,"gold_gain":0.0,"event_name":"Liars Game","player_choice":"Ignored","floor":2.0,"gold_loss":0.0,"damage_taken":0.0},{"damage_healed":0,"gold_gain":0,"player_choice":"Donut","damage_taken":0,"max_hp_gain":5,"max_hp_loss":0,"event_name":"Big Fish","floor":3,"gold_loss":0},{"damage_healed":0,"gold_gain":0,"cards_transformed":["Strike_G"],"player_choice":"Transformed","damage_taken":0,"max_hp_gain":0,"max_hp_loss":0,"event_name":"Transmorgrifier","floor":11,"gold_loss":0,"cards_obtained":["Terror"]}],"is_beta":false,"boss_relics":[{"not_picked":["WristBlade","Black Star"],"picked":"Runic Pyramid"}],"items_purged_floors":[19],"is_endless":false,"potions_floor_spawned":[4,13,14,16,18],"killed_by":"Snake Plant","ascension_level":4}