{"gold_per_floor":[111,111,136,136,149,190,190,229,229,250,293,293,293,67,67,198,198,211,227,227,250,250],"floor_reached":22,"playtime":901,"items_purged":[],"score":245,"play_id":"99e0bd83-9b9a-414a-aacb-99654bd4dd00","local_time":"20190708050925","is_ascension_mode":true,"campfire_choices":[{"floor":7,"key":"REST"},{"floor":13,"key":"REST"},{"data":"Dodge and Roll","floor":15,"key":"SMITH"}],"neow_cost":"NONE","seed_source_timestamp":2169726792550863,"circlet_count":0,"master_deck":["Strike_G","Strike_G","Strike_G","Strike_G","Strike_G","Defend_G","Defend_G","Defend_G","Defend_G","Survivor","Neutralize","Dagger Spray","Predator","Dodge and Roll+1","Noxious Fumes+1","Bouncing Flask","Noxious Fumes","Die Die Die","Footwork","Leg Sweep","Blur","Distraction","Acrobatics"],"relics":["Sozu","Golden Idol","Bag of Marbles","Bottled Flame","PreservedInsect","Ancient Tea Set","Snake Skull","Orrery"],"potions_floor_usage":[],"damage_taken":[{"damage":1,"enemies":"2 Louse","floor":1,"turns":3},{"damage":0,"enemies":"Jaw Worm","floor":3,"turns":4},{"damage":1,"enemies":"Cultist","floor":5,"turns":3},{"damage":26,"enemies":"Gremlin Nob","floor":6,"turns":4},{"damage":23,"enemies":"3 Sentries","floor":8,"turns":9},{"damage":0,"enemies":"Blue Slaver","floor":10,"turns":3},{"damage":16,"enemies":"Gremlin Nob","floor":11,"turns":3},{"damage":13,"enemies":"Slime Boss","floor":16,"turns":7},{"damage":6,"enemies":"Chosen","floor":18,"turns":5},{"damage":17,"enemies":"3 Byrds","floor":19,"turns":4},{"damage":22,"enemies":"Shelled Parasite and Fungi","floor":21,"turns":5},{"damage":25,"enemies":"Snecko","floor":22,"turns":4}],"seed_played":"-5396657004292703011","potions_obtained":[],"is_trial":false,"path_per_floor":["M","?","M","?","M","E","R","E","T","M","E","?","R","$","R","B",null,"M","M","?","M","M"],"character_chosen":"THE_SILENT","items_purchased":["Snake Skull","Noxious Fumes"],"campfire_rested":2,"item_purchase_floors":[14,14],"current_hp_per_floor":[69,65,65,65,64,38,57,34,34,34,18,18,37,37,37,24,65,59,42,42,20,0],"gold":250,"neow_bonus":"BOSS_RELIC","is_prod":false,"is_daily":false,"chose_seed":false,"campfire_upgraded":1,"win_rate":0,"timestamp":1562576965,"path_taken":["M","?","M","?","?","E","R","E","T","M","E","?","R","$","R","BOSS","M","M","?","M","M"],"build_version":"2019-07-05","purchased_purges":0,"victory":false,"max_hp_per_floor":[70,65,65,65,65,65,65,65,65,65,65,65,65,65,65,65,65,65,65,65,65,65],"card_choices":[{"not_picked":["Eviscerate","Flying Knee","Blade Dance"],"picked":"SKIP","floor":1},{"not_picked":["Flying Knee","Prepared"],"picked":"Dagger Spray","floor":3},{"not_picked":["Distraction","Dagger Spray"],"picked":"Predator","floor":5},{"not_picked":["Heel Hook","PiercingWail"],"picked":"Dodge and Roll","floor":6},{"not_picked":["Tactician","Night Terror"],"picked":"Noxious Fumes","floor":8},{"not_picked":["Flechettes","Slice","Outmaneuver"],"picked":"SKIP","floor":10},{"not_picked":["Dash","Poisoned Stab"],"picked":"Bouncing Flask","floor":11},{"not_picked":["Venomology","Night Terror"],"picked":"Die Die Die","floor":16},{"not_picked":["Heel Hook","Underhanded Strike"],"picked":"Footwork","floor":17},{"not_picked":["Outmaneuver","Finisher"],"picked":"Leg Sweep","floor":17},{"not_picked":["Deadly Poison","PiercingWail"],"picked":"Blur","floor":17},{"not_picked":["Slice+1","Outmaneuver"],"picked":"Distraction","floor":18},{"not_picked":["Underhanded Strike","Poisoned Stab","Phantasmal Killer"],"picked":"SKIP","floor":19},{"not_picked":["Bane","Endless Agony"],"picked":"Acrobatics","floor":21}],"player_experience":363908,"relics_obtained":[{"floor":6,"key":"Bag of Marbles"},{"floor":8,"key":"Bottled Flame"},{"floor":9,"key":"PreservedInsect"},{"floor":11,"key":"Ancient Tea Set"}],"event_choices":[{"damage_healed":0,"gold_gain":0,"player_choice":"Lose Max HP","damage_taken":0,"relics_obtained":["Golden Idol"],"max_hp_gain":0,"max_hp_loss":5,"event_name":"Golden Idol","floor":2,"gold_loss":0},{"cards_removed":["Defend_G"],"damage_healed":0,"gold_gain":0,"player_choice":"Offered Basic","damage_taken":0,"max_hp_gain":0,"max_hp_loss":0,"event_name":"Bonfire Elementals","floor":4,"gold_loss":0},{"damage_healed":0,"gold_gain":0,"player_choice":"Grow","damage_taken":0,"max_hp_gain":0,"max_hp_loss":0,"event_name":"Living Wall","floor":12,"gold_loss":0,"cards_upgraded":["Noxious Fumes"]},{"damage_healed":0,"gold_gain":0,"player_choice":"Got Potions","damage_taken":0,"max_hp_gain":0,"max_hp_loss":0,"event_name":"Lab","floor":20,"gold_loss":0}],"is_beta":false,"boss_relics":[{"not_picked":["Empty Cage","Black Star"],"picked":"Orrery"}],"items_purged_floors":[],"is_endless":false,"potions_floor_spawned":[1,8,16,18,21],"killed_by":"Snecko","ascension_level":4}