{"gold_per_floor":[209,229,34,47,47,77,93,125,202,212,224,224,8,20,20,119,119,131,131,105,115,125,151,151,151,224,239,239,256,256,1,1,97,97,117,117,27,27,27,54,66,103,142,154,178,62,76,94,94,94],"floor_reached":51,"playtime":3764,"items_purged":["Decay","Decay"],"score":952,"play_id":"1975db09-8204-45c4-8a7f-55a0a996bf5f","local_time":"20191014180544","is_ascension_mode":true,"campfire_choices":[{"floor":12,"key":"REST"},{"data":"Terror","floor":15,"key":"SMITH"},{"data":"Wraith Form v2","floor":25,"key":"SMITH"},{"data":"Burst","floor":28,"key":"SMITH"},{"data":"A Thousand Cuts","floor":30,"key":"SMITH"},{"floor":32,"key":"REST"},{"floor":41,"key":"REST"},{"data":"After Image","floor":44,"key":"SMITH"},{"floor":49,"key":"REST"}],"neow_cost":"NONE","seed_source_timestamp":270874275001199,"circlet_count":0,"master_deck":["Survivor","Neutralize","Flying Knee","Terror+1","Dagger Spray","Backflip","Dagger Throw","Deadly Poison","PiercingWail","Cloak And Dagger","Predator","Noxious Fumes","PiercingWail","Bane","Cloak And Dagger","Wraith Form v2+1","Expertise","Flying Knee","Unload","A Thousand Cuts+1","Burst+1","Accuracy","Adrenaline","Envenom","Dagger Spray","Slice","Quick Slash","Cloak And Dagger","PiercingWail+1","Blur","Leg Sweep+1","Well Laid Plans+1","Crippling Poison","Dash","After Image+1","Quick Slash+1","Crippling Poison","Calculated Gamble+1","Deflect","Slice+1"],"relics":["Ring of the Snake","Vajra","Boot","Pocketwatch","Sundial","Pandora\u0027s Box","HornCleat","Centennial Puzzle","Singing Bowl","Membership Card","Sozu","Blood Vial","MawBank","Ginger","Happy Flower","Shuriken"],"potions_floor_usage":[8,8,23,40,50,50],"damage_taken":[{"damage":0,"enemies":"Cultist","floor":1,"turns":5},{"damage":4,"enemies":"Jaw Worm","floor":2,"turns":5},{"damage":0,"enemies":"Small Slimes","floor":4,"turns":2},{"damage":22,"enemies":"3 Sentries","floor":6,"turns":6},{"damage":3,"enemies":"Looter","floor":7,"turns":2},{"damage":13,"enemies":"Lagavulin","floor":8,"turns":5},{"damage":6,"enemies":"Large Slime","floor":10,"turns":4},{"damage":3,"enemies":"Blue Slaver","floor":11,"turns":4},{"damage":17,"enemies":"Exordium Thugs","floor":14,"turns":5},{"damage":1,"enemies":"Hexaghost","floor":16,"turns":7},{"damage":11,"enemies":"Spheric Guardian","floor":18,"turns":3},{"damage":0,"enemies":"3 Byrds","floor":21,"turns":2},{"damage":9,"enemies":"Snake Plant","floor":22,"turns":4},{"damage":4,"enemies":"Gremlin Leader","floor":23,"turns":5},{"damage":2,"enemies":"Centurion and Healer","floor":27,"turns":5},{"damage":2,"enemies":"Chosen and Byrds","floor":29,"turns":6},{"damage":13,"enemies":"Collector","floor":33,"turns":10},{"damage":5,"enemies":"3 Shapes","floor":35,"turns":3},{"damage":15,"enemies":"Giant Head","floor":40,"turns":8},{"damage":9,"enemies":"Reptomancer","floor":42,"turns":7},{"damage":0,"enemies":"Orb Walker","floor":45,"turns":4},{"damage":8,"enemies":"Sphere and 2 Shapes","floor":47,"turns":4},{"damage":9,"enemies":"Spire Growth","floor":48,"turns":5},{"damage":32,"enemies":"Awakened One","floor":50,"turns":10}],"seed_played":"2906622601833691205","potions_obtained":[{"floor":2,"key":"FearPotion"},{"floor":4,"key":"PowerPotion"},{"floor":8,"key":"LiquidBronze"},{"floor":14,"key":"Ancient Potion"},{"floor":16,"key":"PowerPotion"},{"floor":22,"key":"Block Potion"},{"floor":23,"key":"SteroidPotion"},{"floor":29,"key":"DistilledChaos"}],"is_trial":false,"path_per_floor":["M","M","$","M","?","E","M","E","T","M","M","R","$","M","R","B",null,"M","T","$","M","M","E","?","R","T","M","R","M","R","$","R","B",null,"M","?","$","?","?","E","R","E","T","R","M","$","M","M","R","B",null],"character_chosen":"THE_SILENT","items_purchased":["Vajra","Dagger Spray","Noxious Fumes","PiercingWail","Bane","Cloak And Dagger","Membership Card","Crippling Poison","Dash","Blood Vial","Crippling Poison","Shuriken"],"campfire_rested":4,"item_purchase_floors":[3,3,13,13,13,20,31,31,31,37,37,46],"current_hp_per_floor":[63,59,59,59,59,37,34,21,21,15,12,33,33,16,16,15,56,45,45,45,45,36,32,32,32,32,30,30,30,30,30,51,38,64,59,59,59,61,61,50,72,65,65,65,69,69,63,56,78,46],"gold":94,"neow_bonus":"HUNDRED_GOLD","is_prod":false,"is_daily":false,"chose_seed":false,"campfire_upgraded":5,"win_rate":0,"timestamp":1571094344,"path_taken":["M","?","$","M","?","E","?","E","T","M","M","R","$","M","R","BOSS","M","?","?","M","?","E","?","R","T","M","R","M","R","$","R","BOSS","M","?","$","?","?","E","R","E","T","R","M","$","M","M","R","BOSS"],"build_version":"2019-10-14","purchased_purges":2,"victory":true,"max_hp_per_floor":[70,70,70,70,70,70,70,70,70,70,70,70,70,70,70,70,70,70,70,70,70,70,70,70,70,70,70,70,72,72,72,72,72,72,72,72,72,74,74,76,76,76,76,76,78,78,78,78,78,78],"card_choices":[{"not_picked":["Outmaneuver","Choke"],"picked":"Flying Knee","floor":1},{"not_picked":["PiercingWail","Blade Dance"],"picked":"Terror","floor":2},{"not_picked":["Caltrops","Flechettes"],"picked":"Backflip","floor":4},{"not_picked":["Underhanded Strike","Predator"],"picked":"Dagger Throw","floor":6},{"not_picked":["Accuracy","All Out Attack"],"picked":"Deadly Poison","floor":7},{"not_picked":["Predator","Deadly Poison"],"picked":"PiercingWail","floor":8},{"not_picked":["Choke","Deadly Poison"],"picked":"Cloak And Dagger","floor":10},{"not_picked":["Accuracy","Tools of the Trade"],"picked":"Predator","floor":11},{"not_picked":["Deflect","Riddle With Holes"],"picked":"Cloak And Dagger","floor":14},{"not_picked":["Storm of Steel","Bullet Time"],"picked":"Wraith Form v2","floor":16},{"not_picked":["Prepared","Flying Knee"],"picked":"Quick Slash","floor":18},{"not_picked":["Sucker Punch","Quick Slash"],"picked":"PiercingWail+1","floor":21},{"not_picked":["Dagger Spray","Distraction"],"picked":"Blur","floor":22},{"not_picked":["Blade Dance","Acrobatics+1"],"picked":"Leg Sweep+1","floor":23},{"not_picked":["Deflect+1","Crippling Poison"],"picked":"Well Laid Plans+1","floor":27},{"not_picked":["Tools of the Trade","Flying Knee+1","Skewer"],"picked":"Singing Bowl","floor":29},{"not_picked":["Tools of the Trade","Envenom"],"picked":"After Image","floor":33},{"not_picked":["Dagger Throw","Concentrate+1"],"picked":"Quick Slash+1","floor":35},{"not_picked":["Deep Breath","Transmutation","Forethought"],"picked":"Singing Bowl","floor":38},{"not_picked":["Deflect","Outmaneuver+1","Choke+1"],"picked":"Singing Bowl","floor":40},{"not_picked":["Riddle With Holes+1","Slice+1"],"picked":"Calculated Gamble+1","floor":42},{"not_picked":["Poisoned Stab","Dash","Dagger Spray"],"picked":"Singing Bowl","floor":45},{"not_picked":["All Out Attack","Deadly Poison"],"picked":"Deflect","floor":47},{"not_picked":["Bane+1","Caltrops+1"],"picked":"Slice+1","floor":48}],"player_experience":485566,"relics_obtained":[{"floor":6,"key":"Boot"},{"floor":8,"key":"Pocketwatch"},{"floor":9,"key":"Sundial"},{"floor":19,"key":"HornCleat"},{"floor":23,"key":"Centennial Puzzle"},{"floor":26,"key":"Singing Bowl"},{"floor":40,"key":"MawBank"},{"floor":42,"key":"Ginger"},{"floor":43,"key":"Happy Flower"}],"event_choices":[{"damage_healed":0,"gold_gain":0,"player_choice":"Cursed","damage_taken":0,"max_hp_gain":0,"max_hp_loss":0,"event_name":"Wheel of Change","floor":5,"gold_loss":0,"cards_obtained":["Decay"]},{"damage_healed":0,"gold_gain":0,"player_choice":"Smashed Altar","damage_taken":0,"max_hp_gain":0,"max_hp_loss":0,"event_name":"Forgotten Altar","floor":24,"gold_loss":0,"cards_obtained":["Decay"]},{"damage_healed":0,"gold_gain":0,"player_choice":"Ignored","damage_taken":0,"max_hp_gain":0,"max_hp_loss":0,"event_name":"Tomb of Lord Red Mask","floor":36,"gold_loss":0},{"damage_healed":0,"gold_gain":0,"player_choice":"Memory 1","damage_taken":0,"max_hp_gain":0,"max_hp_loss":0,"event_name":"SensoryStone","floor":38,"gold_loss":0},{"damage_healed":0,"gold_gain":0,"player_choice":"Ignored","damage_taken":0,"max_hp_gain":0,"max_hp_loss":0,"event_name":"Mysterious Sphere","floor":39,"gold_loss":0}],"is_beta":true,"boss_relics":[{"not_picked":["Astrolabe","Philosopher\u0027s Stone"],"picked":"Pandora\u0027s Box"},{"not_picked":["Velvet Choker","Fusion Hammer"],"picked":"Sozu"}],"items_purged_floors":[13,31],"is_endless":false,"potions_floor_spawned":[2,4,8,14,16,22,23,29,33,45,47],"ascension_level":7}