{"path_per_floor":["M","M","M","?","?","R","E","R","T","R","M","?","M","M","R","B",null,"M","?","M","$","M","R","?","R","T","T","R","M","M","M","R","B",null,"M","?","?","M","$","R","M","R","T","M","M","$","R","M","R","B"],"character_chosen":"THE_SILENT","items_purchased":["Snake Skull","Leg Sweep+1"],"gold_per_floor":[111,126,140,140,90,90,116,116,142,142,162,162,180,190,190,289,289,305,305,324,99,117,117,32,32,86,132,132,148,163,176,176,279,279,291,291,291,308,174,174,185,185,238,249,261,136,136,155,155,155],"floor_reached":51,"campfire_rested":2,"playtime":14824,"item_purchase_floors":[21,39],"current_hp_per_floor":[75,74,74,74,74,74,50,50,50,50,50,50,50,40,40,17,64,66,66,47,47,45,45,45,45,45,45,45,34,31,33,58,37,75,77,77,77,77,77,77,77,77,77,53,55,55,55,55,82,69],"items_purged":["Strike_G","Strike_G","Defend_G"],"gold":155,"score":776,"play_id":"6f0c229b-308a-442e-8f95-d789ed655c81","local_time":"20180526215614","is_prod":false,"is_daily":false,"chose_seed":false,"is_ascension_mode":true,"campfire_upgraded":10,"win_rate":0,"timestamp":1527396974,"campfire_choices":[{"data":"Neutralize","floor":6,"key":"SMITH"},{"data":"Outmaneuver","floor":8,"key":"SMITH"},{"data":"Well Laid Plans","floor":10,"key":"SMITH"},{"data":"Noxious Fumes","floor":15,"key":"SMITH"},{"data":"Burst","floor":23,"key":"SMITH"},{"data":"Footwork","floor":25,"key":"SMITH"},{"data":"Survivor","floor":28,"key":"SMITH"},{"floor":32,"key":"REST"},{"data":"Flying Knee","floor":40,"key":"SMITH"},{"data":"Defend_G","floor":42,"key":"SMITH"},{"data":"Defend_G","floor":47,"key":"SMITH"},{"floor":49,"key":"REST"}],"path_taken":["M","M","M","?","?","R","E","R","T","R","M","?","M","M","R","BOSS","M","?","?","$","M","R","?","R","T","?","R","M","?","?","R","BOSS","M","?","?","M","$","R","M","R","T","M","M","$","R","M","R","BOSS"],"build_version":"2018-05-24","seed_source_timestamp":24965501998085,"purchased_purges":3,"victory":true,"master_deck":["Defend_G","Defend_G","Defend_G+1","Defend_G+1","Survivor+1","Neutralize+1","Well Laid Plans+1","Outmaneuver+1","Flying Knee+1","Noxious Fumes+1","Deadly Poison+1","Burst+1","Noxious Fumes+1","Footwork+1","Malaise+1","Backflip+1","Deflect+1","Leg Sweep+1","Escape Plan+1","Backflip+1","Tools of the Trade"],"max_hp_per_floor":[77,77,77,77,77,77,77,77,77,77,77,77,79,79,79,79,79,81,81,81,81,83,83,83,83,83,83,83,83,83,85,85,87,87,89,89,89,89,89,89,89,89,89,89,91,91,91,91,91,91],"relics":["Ring of the Snake","Strawberry","Singing Bowl","Bag of Preparation","Sozu","Snake Skull","Toxic Egg 2","Orichalcum","Pen Nib","Black Star","Juzu Bracelet"],"card_choices":[{"not_picked":["Dodge and Roll","Predator"],"picked":"Well Laid Plans","floor":1},{"not_picked":["Bane","Concentrate"],"picked":"Outmaneuver","floor":2},{"not_picked":["Bane","Poisoned Stab","Flechettes"],"picked":"SKIP","floor":3},{"not_picked":["Quick Slash","Dodge and Roll"],"picked":"Flying Knee","floor":7},{"not_picked":["Dodge and Roll","Acrobatics"],"picked":"Noxious Fumes","floor":11},{"not_picked":["Poisoned Stab","Reflex","Catalyst"],"picked":"Singing Bowl","floor":13},{"not_picked":["Dagger Throw","Deflect"],"picked":"Deadly Poison","floor":14},{"not_picked":["Corpse Explosion","Doppelganger"],"picked":"Burst","floor":16},{"not_picked":["Flechettes+1","Prepared","Predator"],"picked":"Singing Bowl","floor":18},{"not_picked":["Sucker Punch","Outmaneuver"],"picked":"Footwork","floor":20},{"not_picked":["Predator","Prepared","Skewer"],"picked":"Singing Bowl","floor":22},{"not_picked":["Dagger Spray+1","Underhanded Strike"],"picked":"Malaise+1","floor":29},{"not_picked":["Dash","Dagger Spray"],"picked":"Backflip+1","floor":30},{"not_picked":["Night Terror+1","Quick Slash","Sucker Punch"],"picked":"Singing Bowl","floor":31},{"not_picked":["Corpse Explosion","Grand Finale","Doppelganger+1"],"picked":"Singing Bowl","floor":33},{"not_picked":["Dagger Throw","Bane","Finisher"],"picked":"Singing Bowl","floor":35},{"not_picked":["Accuracy","PiercingWail+1"],"picked":"Deflect+1","floor":38},{"not_picked":["Phantasmal Killer+1","Quick Slash"],"picked":"Escape Plan+1","floor":41},{"not_picked":["Dagger Throw+1","Expertise+1"],"picked":"Backflip+1","floor":44},{"not_picked":["Flying Knee+1","Outmaneuver+1","Acrobatics+1"],"picked":"Singing Bowl","floor":45},{"not_picked":["Accuracy","Endless Agony"],"picked":"Tools of the Trade","floor":48}],"player_experience":392111,"potions_floor_usage":[7,7,16,33],"damage_taken":[{"damage":2,"enemies":"Jaw Worm","floor":1,"turns":4},{"damage":1,"enemies":"2 Louse","floor":2,"turns":4},{"damage":0,"enemies":"Cultist","floor":3,"turns":4},{"damage":24,"enemies":"3 Sentries","floor":7,"turns":16},{"damage":0,"enemies":"2 Fungi Beasts","floor":11,"turns":4},{"damage":2,"enemies":"Large Slime","floor":13,"turns":7},{"damage":10,"enemies":"3 Louse","floor":14,"turns":3},{"damage":23,"enemies":"Slime Boss","floor":16,"turns":12},{"damage":0,"enemies":"Shell Parasite","floor":18,"turns":6},{"damage":19,"enemies":"Spheric Guardian","floor":20,"turns":5},{"damage":4,"enemies":"Snake Plant","floor":22,"turns":5},{"damage":11,"enemies":"Chosen and Byrds","floor":29,"turns":6},{"damage":3,"enemies":"Snecko","floor":30,"turns":5},{"damage":0,"enemies":"Centurion and Healer","floor":31,"turns":5},{"damage":23,"enemies":"Automaton","floor":33,"turns":11},{"damage":0,"enemies":"Orb Walker","floor":35,"turns":6},{"damage":0,"enemies":"3 Shapes","floor":38,"turns":5},{"damage":0,"enemies":"Maw","floor":41,"turns":7},{"damage":24,"enemies":"4 Shapes","floor":44,"turns":5},{"damage":0,"enemies":"Sphere and 2 Shapes","floor":45,"turns":4},{"damage":0,"enemies":"3 Darklings","floor":48,"turns":5},{"damage":13,"enemies":"Time Eater","floor":50,"turns":14}],"relics_obtained":[{"floor":7,"key":"Singing Bowl"},{"floor":9,"key":"Bag of Preparation"},{"floor":26,"key":"Orichalcum"},{"floor":27,"key":"Pen Nib"},{"floor":43,"key":"Juzu Bracelet"}],"event_choices":[{"event_name":"Living Wall","player_choice":"Forget","floor":4,"damage_taken":0},{"event_name":"The Cleric","player_choice":"Card Removal","floor":5,"damage_taken":0},{"event_name":"The Woman in Blue","player_choice":"Bought 0 Potions","floor":12,"damage_taken":0},{"event_name":"Duplicator","player_choice":"One dupe","floor":19,"damage_taken":0},{"event_name":"Addict","player_choice":"Obtained Relic","floor":24,"damage_taken":0},{"event_name":"Upgrade Shrine","player_choice":"Upgraded","floor":37,"damage_taken":0}],"boss_relics":[{"not_picked":["Cursed Key","Pandora\u0027s Box"],"picked":"Sozu"},{"not_picked":["Velvet Choker","Philosopher\u0027s Stone"],"picked":"Black Star"}],"items_purged_floors":[21,39,46],"potions_floor_spawned":[2,3,13,14,18,20,30,48],"seed_played":"-4517775244341442778","ascension_level":5,"potions_obtained":[{"floor":2,"key":"Swift Potion"},{"floor":3,"key":"FearPotion"},{"floor":13,"key":"LiquidBronze"},{"floor":14,"key":"AttackPotion"}],"is_trial":false}