{"gold_per_floor":[110,123,198,19,37,65,65,99,99,99,112,112,112,123,123,200,200,211,226,245,132,145,145,145,145,145,45,45,64,64,82,82,158,158,177,191,201,213,213,213,223,223,223,235,235,335,335,0,0,0],"floor_reached":51,"playtime":4771,"items_purged":["Strike_R","Strike_R"],"score":1085,"play_id":"38f13c5d-66bc-4716-9835-20dd2ef95c1c","local_time":"20191017202320","is_ascension_mode":true,"campfire_choices":[{"data":"Feed","floor":7.0,"key":"SMITH"},{"data":"Iron Wave","floor":10.0,"key":"SMITH"},{"data":"Inflame","floor":12.0,"key":"SMITH"},{"data":"Metallicize","floor":15.0,"key":"SMITH"},{"data":"Limit Break","floor":23.0,"key":"SMITH"},{"data":"Seeing Red","floor":25.0,"key":"SMITH"},{"data":"Thunderclap","floor":30.0,"key":"SMITH"},{"data":"Sword Boomerang","floor":32.0,"key":"SMITH"},{"data":"Barricade","floor":40.0,"key":"SMITH"},{"data":"Flame Barrier","floor":42.0,"key":"SMITH"},{"data":"Battle Trance","floor":45.0,"key":"SMITH"},{"floor":49.0,"key":"REST"}],"neow_cost":"NONE","seed_source_timestamp":0,"circlet_count":0,"master_deck":["AscendersBane","Strike_R+1","Strike_R+1","Strike_R+1","Defend_R+1","Defend_R+1","Defend_R+1","Bash+1","Inflame+1","Sword Boomerang+1","Feed+1","Metallicize+1","Flame Barrier+1","Iron Wave+1","Battle Trance+1","Power Through","Limit Break+1","Thunderclap+1","Armaments","Reaper","Seeing Red+1","Body Slam+1","Barricade+1","Parasite","Anger","Madness","Madness"],"special_seed":0,"relics":["Burning Blood","Matryoshka","Dream Catcher","Letter Opener","Question Card","Blood Vial","Shuriken","Runic Dome","Bottled Flame","Philosopher\u0027s Stone","Bottled Tornado","Torii","Red Mask"],"potions_floor_usage":[50,50],"damage_taken":[{"damage":3.0,"enemies":"Jaw Worm","floor":1.0,"turns":4.0},{"damage":1.0,"enemies":"Cultist","floor":2.0,"turns":3.0},{"damage":0.0,"enemies":"Small Slimes","floor":5.0,"turns":3.0},{"damage":29.0,"enemies":"Gremlin Nob","floor":6.0,"turns":5.0},{"damage":27.0,"enemies":"Lagavulin","floor":8.0,"turns":10.0},{"damage":0.0,"enemies":"2 Fungi Beasts","floor":11.0,"turns":4.0},{"damage":5.0,"enemies":"Large Slime","floor":14.0,"turns":6.0},{"damage":21.0,"enemies":"Slime Boss","floor":16.0,"turns":8.0},{"damage":4.0,"enemies":"3 Byrds","floor":18.0,"turns":5.0},{"damage":28.0,"enemies":"Shell Parasite","floor":19.0,"turns":6.0},{"damage":18.0,"enemies":"Chosen and Byrds","floor":20.0,"turns":5.0},{"damage":38.0,"enemies":"Shelled Parasite and Fungi","floor":22.0,"turns":4.0},{"damage":18.0,"enemies":"Cultist and Chosen","floor":29.0,"turns":6.0},{"damage":1.0,"enemies":"Sentry and Sphere","floor":31.0,"turns":6.0},{"damage":48.0,"enemies":"Champ","floor":33.0,"turns":8.0},{"damage":0.0,"enemies":"3 Shapes","floor":35.0,"turns":8.0},{"damage":4.0,"enemies":"Orb Walker","floor":36.0,"turns":4.0},{"damage":0.0,"enemies":"Sphere and 2 Shapes","floor":37.0,"turns":6.0},{"damage":8.0,"enemies":"4 Shapes","floor":38.0,"turns":9.0},{"damage":36.0,"enemies":"Writhing Mass","floor":41.0,"turns":6.0},{"damage":31.0,"enemies":"3 Darklings","floor":44.0,"turns":7.0},{"damage":0.0,"enemies":"Mind Bloom Boss Battle","floor":46.0,"turns":5.0},{"damage":140,"enemies":"Donu and Deca","floor":50,"turns":10}],"seed_played":"-1669811716913018743","potions_obtained":[{"floor":1.0,"key":"LiquidBronze"},{"floor":8.0,"key":"Block Potion"},{"floor":11.0,"key":"BloodPotion"},{"floor":18.0,"key":"LiquidBronze"},{"floor":19.0,"key":"LiquidBronze"},{"floor":22.0,"key":"FearPotion"},{"floor":33.0,"key":"PowerPotion"},{"floor":36.0,"key":"Block Potion"},{"floor":46.0,"key":"GamblersBrew"}],"is_trial":false,"path_per_floor":["M","M","?","$","M","E","R","E","T","R","M","R","T","M","R","B",null,"M","M","M","$","M","R","?","R","T","$","?","M","R","M","R","B",null,"M","M","M","M","?","R","M","R","T","M","R","?","?","?","R","B",null],"character_chosen":"IRONCLAD","items_purchased":["Feed","Metallicize","Seeing Red"],"campfire_rested":1,"item_purchase_floors":[4,4,21],"current_hp_per_floor":[71,75,64,64,73,50,50,33,33,33,43,43,43,71,71,62,86,94,78,72,72,64,64,64,64,64,64,64,73,73,86,86,60,101,118,118,122,126,126,126,126,126,126,118,118,130,113,113,134,36],"gold":0,"neow_bonus":"UPGRADE_CARD","is_prod":false,"is_daily":false,"chose_seed":false,"campfire_upgraded":11,"win_rate":0,"timestamp":1571358200,"path_taken":["M","M","?","$","M","E","R","E","T","R","M","R","?","?","R","BOSS","M","M","M","$","M","R","?","R","T","?","?","M","R","M","R","BOSS","M","M","M","M","?","R","M","R","T","M","R","?","?","?","R","BOSS"],"build_version":"2019-07-17","purchased_purges":2,"victory":true,"max_hp_per_floor":[75,75,75,75,78,78,78,82,82,82,86,86,86,90,90,94,94,98,102,106,106,110,110,110,110,110,110,110,114,114,114,114,114,114,118,118,122,126,126,126,126,126,126,130,130,134,134,134,134,134],"card_choices":[{"not_picked":["Pommel Strike","Carnage"],"picked":"Inflame","floor":1.0},{"not_picked":["Whirlwind","Armaments"],"picked":"Sword Boomerang","floor":2.0},{"not_picked":["Anger","Shrug It Off"],"picked":"Flame Barrier","floor":5.0},{"not_picked":["Rupture","Body Slam","Cleave"],"picked":"SKIP","floor":6.0},{"not_picked":["Dual Wield","Pommel Strike"],"picked":"Iron Wave","floor":8.0},{"not_picked":["Wild Strike","Burning Pact","Metallicize"],"picked":"Battle Trance","floor":11.0},{"not_picked":["Cleave","Thunderclap","Intimidate"],"picked":"Power Through","floor":14.0},{"not_picked":["Double Tap","Brutality","Feed"],"picked":"Limit Break","floor":16.0},{"not_picked":["Evolve","Flame Barrier","Searing Blow"],"picked":"Thunderclap","floor":18.0},{"not_picked":["Reckless Charge","Inflame","Body Slam"],"picked":"Armaments","floor":19.0},{"not_picked":["Pommel Strike","Sword Boomerang","Clothesline"],"picked":"Reaper","floor":20.0},{"not_picked":["Iron Wave","Twin Strike","Fire Breathing","Second Wind"],"picked":"SKIP","floor":22.0},{"not_picked":["Cleave","Iron Wave","Twin Strike","Second Wind"],"picked":"SKIP","floor":29.0},{"not_picked":["Heavy Blade","Flex","Dual Wield"],"picked":"Body Slam+1","floor":31.0},{"not_picked":["Bludgeon","Double Tap","Limit Break"],"picked":"Barricade","floor":33.0},{"not_picked":["Sword Boomerang","Iron Wave","Clothesline","Cleave+1"],"picked":"SKIP","floor":35.0},{"not_picked":["Wild Strike","Pommel Strike","Shockwave","Armaments"],"picked":"SKIP","floor":36.0},{"not_picked":["Combust","Heavy Blade+1","Fire Breathing+1","Sentinel"],"picked":"SKIP","floor":37.0},{"not_picked":["Combust","Heavy Blade+1","Fire Breathing+1","Sentinel"],"picked":"SKIP","floor":37.0},{"not_picked":["Exhume","Sword Boomerang","Iron Wave","Rage"],"picked":"SKIP","floor":38.0},{"not_picked":["Armaments","Pommel Strike","Entrench","Clothesline"],"picked":"SKIP","floor":41.0},{"not_picked":["Clothesline+1","Ghostly Armor+1","Sword Boomerang","Perfected Strike+1"],"picked":"SKIP","floor":44.0},{"not_picked":["Rupture+1","Carnage","Clothesline"],"picked":"Anger","floor":46.0}],"player_experience":823137,"relics_obtained":[{"floor":6.0,"key":"Matryoshka"},{"floor":8.0,"key":"Dream Catcher"},{"floor":9.0,"key":"Letter Opener"},{"floor":9.0,"key":"Question Card"},{"floor":13.0,"key":"Blood Vial"},{"floor":13.0,"key":"Shuriken"},{"floor":26.0,"key":"Bottled Flame"},{"floor":43.0,"key":"Bottled Tornado"},{"floor":46.0,"key":"Torii"}],"event_choices":[{"damage_healed":0.0,"max_hp_gain":0.0,"max_hp_loss":0.0,"gold_gain":75.0,"event_name":"World of Goop","player_choice":"Gather Gold","floor":3.0,"gold_loss":0.0,"damage_taken":11.0},{"damage_healed":0.0,"max_hp_gain":0.0,"max_hp_loss":0.0,"gold_gain":0.0,"event_name":"The Woman in Blue","player_choice":"Bought 0 Potions","floor":24.0,"gold_loss":0.0,"damage_taken":0.0},{"damage_healed":0.0,"max_hp_gain":0.0,"max_hp_loss":0.0,"gold_gain":0.0,"event_name":"Back to Basics","player_choice":"Simplicity","floor":28.0,"gold_loss":0.0,"damage_taken":0.0,"cards_upgraded":["Strike_R","Strike_R","Strike_R","Defend_R","Defend_R","Defend_R","Defend_R"]},{"cards_removed":["Defend_R"],"damage_healed":0.0,"max_hp_gain":0.0,"max_hp_loss":0.0,"gold_gain":0.0,"event_name":"Falling","player_choice":"Removed Skill","floor":39.0,"gold_loss":0.0,"damage_taken":0.0},{"damage_healed":0.0,"max_hp_gain":0.0,"max_hp_loss":0.0,"gold_gain":0.0,"event_name":"MindBloom","player_choice":"Fight","floor":46.0,"gold_loss":0.0,"damage_taken":0.0},{"damage_healed":0.0,"max_hp_gain":0.0,"max_hp_loss":0.0,"gold_gain":0.0,"event_name":"Winding Halls","player_choice":"Embrace Madness","floor":47.0,"gold_loss":0.0,"damage_taken":17.0,"cards_obtained":["Madness","Madness"]},{"damage_healed":0.0,"max_hp_gain":0.0,"max_hp_loss":0.0,"gold_gain":0.0,"event_name":"Tomb of Lord Red Mask","player_choice":"Paid","floor":48.0,"gold_loss":335.0,"damage_taken":0.0,"relics_obtained":["Red Mask"]}],"is_beta":false,"boss_relics":[{"not_picked":["White Beast Statue","Astrolabe"],"picked":"Runic Dome"},{"not_picked":["Snecko Eye","Lizard Tail"],"picked":"Philosopher\u0027s Stone"}],"items_purged_floors":[21,27],"is_endless":false,"potions_floor_spawned":[1,8,11,18,19,22,33,36,37,46],"ascension_level":14}