{"path_per_floor":["M","?","M","$","M","R","M","E","T","?","M","R","M","$","R","B",null,"M","$","?","$","M"],"character_chosen":"IRONCLAD","items_purchased":["True Grit","Evolve"],"gold_per_floor":[110,110,129,54,72,72,89,118,118,118,137,137,151,31,31,129,129,143,43,43,43,46,46],"floor_reached":23,"campfire_rested":0,"playtime":1948,"current_hp_per_floor":[80,73,69,69,75,75,55,46,46,46,48,48,54,54,54,40,80,80,80,80,80,80,0],"items_purged":["Strike_R","Strike_R"],"gold":46,"score":191,"play_id":"7c38c3e3-c471-4b4a-9842-c4ea96294e4d","local_time":"20180426193421","is_prod":false,"is_daily":false,"chose_seed":false,"is_ascension_mode":false,"campfire_upgraded":3,"timestamp":1524796461,"path_taken":["M","?","M","$","M","R","M","E","T","?","M","R","M","$","R","BOSS","M","$","?","$","M","E"],"build_version":"2018-04-26","seed_source_timestamp":6183331124281,"purchased_purges":2,"victory":false,"master_deck":["Strike_R","Defend_R","Defend_R","Defend_R","Defend_R","Bash","Bludgeon","Headbutt","Shrug It Off+1","Shrug It Off+1","Iron Wave","Double Tap","Ghostly Armor+1","Ghostly Armor","True Grit","Evolve","Impervious","Flex"],"max_hp_per_floor":[80,80,80,80,80,80,80,80,80,80,80,80,80,80,80,80,80,80,80,80,80,80,80],"relics":["Burning Blood","Juzu Bracelet","Self Forming Clay","Bronze Scales","Black Star"],"card_choices":[{"not_picked":["Power Through","Entrench"],"picked":"Headbutt","floor":1},{"not_picked":["Body Slam","Disarm"],"picked":"Shrug It Off","floor":3},{"not_picked":["Headbutt","Berserk"],"picked":"Shrug It Off","floor":5},{"not_picked":["Clothesline","Shrug It Off"],"picked":"Iron Wave","floor":7},{"not_picked":["Infernal Blade","Shrug It Off"],"picked":"Double Tap","floor":8},{"not_picked":["Headbutt","Entrench"],"picked":"Ghostly Armor","floor":11},{"not_picked":["Dark Embrace","Immolate"],"picked":"Impervious","floor":16},{"not_picked":["Twin Strike","Perfected Strike"],"picked":"Flex","floor":22}],"player_experience":40393,"potions_floor_usage":[8,23,23,23],"damage_taken":[{"damage":5,"enemies":"2 Louse","floor":1,"turns":3},{"damage":10,"enemies":"Jaw Worm","floor":3,"turns":4},{"damage":0,"enemies":"Small Slimes","floor":5,"turns":4},{"damage":26,"enemies":"Gremlin Gang","floor":7,"turns":7},{"damage":15,"enemies":"Lagavulin","floor":8,"turns":7},{"damage":4,"enemies":"Large Slime","floor":11,"turns":6},{"damage":0,"enemies":"Blue Slaver","floor":13,"turns":3},{"damage":20,"enemies":"The Guardian","floor":16,"turns":11},{"damage":0,"enemies":"3 Byrds","floor":18,"turns":4},{"damage":0,"enemies":"2 Thieves","floor":22,"turns":4},{"damage":97,"enemies":"Gremlin Leader","floor":23,"turns":10}],"event_choices":[{"event_name":"Scrap Ooze","player_choice":"success","floor":2,"damage_taken":7},{"event_name":"Transmorgrifier","player_choice":"Transform","floor":10,"damage_taken":0},{"event_name":"Back to Basics","player_choice":"Elegance","floor":20,"damage_taken":0}],"boss_relics":[{"not_picked":["Astrolabe","Velvet Choker"],"picked":"Black Star"}],"potions_floor_spawned":[1,3,11,13,22],"seed_played":"-4546552477562335005","killed_by":"Gremlin Leader","ascension_level":0,"is_trial":false}