{"gold_per_floor":[118,118,136,136,157,157,198,198,225,250,250,291,2,2,2,122,122,136,136,150,150,150,180,204,204],"floor_reached":25,"playtime":2886,"items_purged":[],"score":311,"play_id":"b9d62331-61ff-4c88-a6f7-ae8d84af7740","local_time":"20190810131303","is_ascension_mode":true,"campfire_choices":[{"data":"Inflame","floor":6.0,"key":"SMITH"},{"data":"Rage","floor":8.0,"key":"SMITH"},{"data":"Heavy Blade","floor":11.0,"key":"SMITH"},{"floor":15.0,"key":"DIG"},{"floor":23,"key":"DIG"}],"neow_cost":"NONE","seed_source_timestamp":0,"circlet_count":0,"master_deck":["Strike_R+1","Strike_R+1","Strike_R+1","Strike_R+1","Defend_R+1","Defend_R+1","Defend_R+1","Defend_R+1","Bash","Rage+1","Inflame+1","Dropkick","Heavy Blade+1","Clash","Metallicize","Demon Form","Uppercut+1","Flex","Infernal Blade","Dual Wield"],"special_seed":0,"relics":["Black Blood","NeowsBlessing","Smiling Mask","Golden Idol","Nunchaku","Lantern","Bronze Scales","Shovel","Boot","Tiny Chest"],"potions_floor_usage":[],"damage_taken":[{"damage":0.0,"enemies":"Cultist","floor":1.0,"turns":1.0},{"damage":0.0,"enemies":"Jaw Worm","floor":3.0,"turns":1.0},{"damage":0.0,"enemies":"Small Slimes","floor":5.0,"turns":1.0},{"damage":19.0,"enemies":"Gremlin Nob","floor":7.0,"turns":4.0},{"damage":3.0,"enemies":"Blue Slaver","floor":10.0,"turns":3.0},{"damage":20.0,"enemies":"3 Sentries","floor":12.0,"turns":7.0},{"damage":0.0,"enemies":"Hexaghost","floor":16.0,"turns":4.0},{"damage":40,"enemies":"2 Thieves","floor":18,"turns":5},{"damage":7,"enemies":"Shell Parasite","floor":20,"turns":6},{"damage":19,"enemies":"Sentry and Sphere","floor":24,"turns":5},{"damage":45,"enemies":"Slavers","floor":25,"turns":3}],"seed_played":"-7457199739934250706","potions_obtained":[{"floor":3.0,"key":"FearPotion"},{"floor":5.0,"key":"SkillPotion"},{"floor":12.0,"key":"EntropicBrew"}],"is_trial":false,"path_per_floor":["M","?","M","?","M","R","E","R","T","M","R","E","$","?","R","B",null,"M","?","M","?","?","R","M","E"],"character_chosen":"IRONCLAD","items_purchased":["Shovel"],"campfire_rested":0,"item_purchase_floors":[13],"current_hp_per_floor":[80,73,79,59,65,65,52,52,52,55,55,41,41,34,34,40,80,50,50,53,53,53,53,44,0],"gold":204,"neow_bonus":"THREE_ENEMY_KILL","is_prod":false,"is_daily":false,"chose_seed":false,"campfire_upgraded":3,"win_rate":0,"timestamp":1565467983,"path_taken":["M","?","M","?","M","R","E","R","T","M","R","E","?","?","R","BOSS","M","?","M","?","?","R","?","E"],"build_version":"2019-07-17","purchased_purges":0,"victory":false,"max_hp_per_floor":[80,80,80,80,80,80,80,80,80,80,80,80,80,80,80,80,80,80,80,80,80,80,80,80,80],"card_choices":[{"not_picked":["True Grit","Pommel Strike"],"picked":"Rage","floor":1.0},{"not_picked":["Heavy Blade","Combust"],"picked":"Inflame","floor":3.0},{"not_picked":["Warcry","Second Wind"],"picked":"Dropkick","floor":5.0},{"not_picked":["Bloodletting","Bludgeon"],"picked":"Heavy Blade","floor":7.0},{"not_picked":["Havoc","Clothesline"],"picked":"Clash","floor":10.0},{"not_picked":["Rupture","Disarm"],"picked":"Metallicize","floor":12.0},{"not_picked":["Exhume","Limit Break"],"picked":"Demon Form","floor":16.0},{"not_picked":["Thunderclap+1","Bloodletting+1"],"picked":"Uppercut+1","floor":18},{"not_picked":["Twin Strike","Warcry"],"picked":"Flex","floor":20},{"not_picked":["Reckless Charge","Clash"],"picked":"Dual Wield","floor":24}],"player_experience":2809772,"relics_obtained":[{"floor":7.0,"key":"Nunchaku"},{"floor":9.0,"key":"Lantern"},{"floor":12.0,"key":"Bronze Scales"},{"floor":15.0,"key":"Boot"},{"floor":23,"key":"Tiny Chest"}],"event_choices":[{"damage_healed":0.0,"max_hp_gain":0.0,"max_hp_loss":0.0,"gold_gain":0.0,"event_name":"Scrap Ooze","player_choice":"Success","floor":2.0,"gold_loss":0.0,"damage_taken":7.0,"relics_obtained":["Smiling Mask"]},{"damage_healed":0.0,"max_hp_gain":0.0,"max_hp_loss":0.0,"gold_gain":0.0,"event_name":"Golden Idol","player_choice":"Take Damage","floor":4.0,"gold_loss":0.0,"damage_taken":20.0,"relics_obtained":["Golden Idol"]},{"cards_removed":["Strike_R"],"damage_healed":0.0,"max_hp_gain":0.0,"max_hp_loss":0.0,"gold_gain":0.0,"event_name":"Golden Wing","player_choice":"Card Removal","floor":14.0,"gold_loss":0.0,"damage_taken":7.0},{"damage_healed":0,"gold_gain":0,"player_choice":"Simplicity","damage_taken":0,"max_hp_gain":0,"max_hp_loss":0,"event_name":"Back to Basics","floor":19,"gold_loss":0,"cards_upgraded":["Strike_R","Strike_R","Strike_R","Strike_R","Defend_R","Defend_R","Defend_R","Defend_R"]},{"damage_healed":0,"gold_gain":0,"player_choice":"Ignored","damage_taken":0,"max_hp_gain":0,"max_hp_loss":0,"event_name":"Vampires","floor":21,"gold_loss":0},{"damage_healed":0,"gold_gain":0,"player_choice":"Read","damage_taken":0,"max_hp_gain":0,"max_hp_loss":0,"event_name":"The Library","floor":22,"gold_loss":0,"cards_obtained":["Infernal Blade"]}],"is_beta":false,"boss_relics":[{"not_picked":["Eternal Feather","Runic Dome"],"picked":"Black Blood"}],"items_purged_floors":[],"is_endless":false,"potions_floor_spawned":[3,5,12],"killed_by":"Slavers","ascension_level":4}