{"path_per_floor":["M","?","?","M","M","R","M","R","T","M","M","R","M","?","R","B",null,"M","M","?","?","T","R","M","M","T","?","?","R"],"character_chosen":"THE_SILENT","items_purchased":[],"gold_per_floor":[113,113,63,74,85,85,100,100,100,116,129,129,147,147,147,246,246,260,273,273,188,188,188,206,225,252,252,252,252,252],"floor_reached":30,"campfire_rested":1,"playtime":1813,"current_hp_per_floor":[69,62,62,62,62,62,53,53,53,48,46,46,46,46,46,36,70,44,43,43,43,43,43,38,20,20,20,20,41,41],"items_purged":[],"gold":252,"score":222,"play_id":"fe271541-c6d1-41a2-8fa1-503d55fcb87f","local_time":"20180324201614","is_prod":false,"is_daily":false,"is_ascension_mode":false,"campfire_upgraded":5,"timestamp":1521936974,"path_taken":["M","?","?","M","M","R","M","R","T","M","?","R","M","?","R","BOSS","M","?","?","?","?","R","M","M","T","?","?","R","M"],"build_version":"2018-03-22v2","purchased_purges":0,"victory":false,"master_deck":["Defend_G","Defend_G","Defend_G","Defend_G","Defend_G","Strike_G","Strike_G","Strike_G","Survivor","Neutralize+1","Prepared","Cloak And Dagger+1","Escape Plan","Dagger Throw","Noxious Fumes+1","Blur","Deadly Poison+1","Injury","Clumsy","Bouncing Flask","Distraction+1","Terror+1","Calculated Gamble","Backflip+1"],"max_hp_per_floor":[70,70,70,70,70,70,70,70,70,70,70,70,70,70,70,70,70,70,70,70,70,70,70,70,70,70,70,70,70,70],"relics":["Ring of the Snake","Meat on the Bone","Calling Bell","Omamori","Molten Egg 2","Prayer Wheel","Happy Flower","Dead Branch","Dream Catcher"],"card_choices":[{"not_picked":["Acrobatics","Caltrops"],"picked":"Prepared","floor":1},{"not_picked":["Flying Knee","Bane"],"picked":"Cloak And Dagger","floor":4},{"not_picked":["Bouncing Flask","Underhanded Strike"],"picked":"Escape Plan","floor":5},{"not_picked":["Dodge and Roll","Bane"],"picked":"Dagger Throw","floor":7},{"not_picked":["Dodge and Roll","Dagger Throw"],"picked":"Noxious Fumes","floor":10},{"not_picked":["PiercingWail","Escape Plan"],"picked":"Blur","floor":11},{"not_picked":["Masterful Stab","Poisoned Stab"],"picked":"Deadly Poison","floor":13},{"not_picked":["Dagger Spray","Deflect"],"picked":"Bouncing Flask","floor":18},{"not_picked":["PiercingWail","Flying Knee"],"picked":"Distraction","floor":19},{"not_picked":["Poisoned Stab","Deflect"],"picked":"Terror","floor":22},{"not_picked":["Slice","Underhanded Strike"],"picked":"Calculated Gamble","floor":24},{"not_picked":["Burst","Dagger Spray"],"picked":"Backflip","floor":26}],"player_experience":102711,"potions_floor_usage":[16,16],"damage_taken":[{"damage":1,"enemies":"Cultist","floor":1,"turns":4},{"damage":0,"enemies":"Small Slimes","floor":4,"turns":4},{"damage":0,"enemies":"2 Louse","floor":5,"turns":4},{"damage":9,"enemies":"Blue Slaver","floor":7,"turns":5},{"damage":5,"enemies":"Lots of Slimes","floor":10,"turns":5},{"damage":2,"enemies":"Exordium Thugs","floor":11,"turns":5},{"damage":0,"enemies":"Large Slime","floor":13,"turns":5},{"damage":25,"enemies":"Hexaghost","floor":16,"turns":9},{"damage":38,"enemies":"3 Byrds","floor":18,"turns":4},{"damage":13,"enemies":"Shell Parasite","floor":19,"turns":5},{"damage":17,"enemies":"Sentry and Sphere","floor":24,"turns":4},{"damage":30,"enemies":"Cultist and Chosen","floor":25,"turns":6},{"damage":0,"enemies":"Snake Plant","floor":30,"turns":1}],"event_choices":[{"event_name":"Golden Wing","player_choice":"Card Removal","floor":2,"damage_taken":0},{"event_name":"The Cleric","player_choice":"Card Removal","floor":3,"damage_taken":0},{"event_name":"The Lab","player_choice":"Got Potions","floor":14,"damage_taken":0},{"event_name":"Drug Dealer","player_choice":"Ignored","floor":20,"damage_taken":0},{"event_name":"Addict","player_choice":"Obtained Relic","floor":21,"damage_taken":0},{"event_name":"Purifier","player_choice":"One Purge","floor":27,"damage_taken":0},{"event_name":"Forgotten Altar","player_choice":"Smashed Altar","floor":28,"damage_taken":0}],"boss_relics":[{"not_picked":["Velvet Choker","Ectoplasm"],"picked":"Calling Bell"}],"potions_floor_spawned":[10,13,16,19,24],"seed_played":"-8995070374743311815","killed_by":"Snake Plant","ascension_level":0,"is_trial":false}