{"gold_per_floor":[110,110,39,56,73,101,101,129,202,214,214,229,229,264,264,364,414,432,225,70,70,120,151,168,168,213,238,238,248,263,282,282,282],"floor_reached":33,"playtime":1614,"items_purged":[],"score":386,"play_id":"dff9cccc-ff15-4ec3-b8be-3698a9981e3c","local_time":"20190627145706","is_ascension_mode":true,"campfire_choices":[{"floor":7,"key":"REST"},{"floor":11,"key":"REST"},{"floor":15,"key":"RECALL"},{"floor":25,"key":"REST"},{"data":"Blade Dance","floor":28,"key":"SMITH"},{"floor":32,"key":"REST"}],"neow_cost":"NONE","seed_source_timestamp":1253882647248404,"circlet_count":0,"master_deck":["Defend_G","Defend_G","Defend_G","Defend_G","Defend_G","Strike_G","Strike_G","Strike_G","Strike_G","Survivor","Neutralize","Blade Dance","Riddle With Holes","Noxious Fumes","Escape Plan","Accuracy","Blade Dance+1","Noxious Fumes","Blade Dance+1","Acrobatics","Adrenaline","Bouncing Flask","Tools of the Trade","Blade Dance","Underhanded Strike+1","Noxious Fumes+1"],"relics":["Ring of the Snake","NeowsBlessing","WingedGreaves","Anchor","Mango","Meat on the Bone","Tiny House","Sling","Pen Nib","MutagenicStrength","Shuriken","Strawberry","Vajra"],"potions_floor_usage":[8,16,30,33,33,33],"damage_taken":[{"damage":0,"enemies":"Jaw Worm","floor":1,"turns":1},{"damage":0,"enemies":"Cultist","floor":4,"turns":1},{"damage":0,"enemies":"Small Slimes","floor":5,"turns":1},{"damage":46,"enemies":"Gremlin Nob","floor":6,"turns":5},{"damage":27,"enemies":"Lagavulin","floor":8,"turns":7},{"damage":4,"enemies":"Looter","floor":10,"turns":3},{"damage":0,"enemies":"2 Fungi Beasts","floor":12,"turns":3},{"damage":26,"enemies":"3 Sentries","floor":14,"turns":6},{"damage":21,"enemies":"Slime Boss","floor":16,"turns":10},{"damage":19,"enemies":"Chosen","floor":18,"turns":5},{"damage":35,"enemies":"Slavers","floor":23,"turns":5},{"damage":12,"enemies":"Shell Parasite","floor":24,"turns":4},{"damage":24,"enemies":"Book of Stabbing","floor":27,"turns":4},{"damage":37,"enemies":"Snake Plant","floor":29,"turns":4},{"damage":2,"enemies":"Cultist and Chosen","floor":30,"turns":5},{"damage":28,"enemies":"3 Cultists","floor":31,"turns":4},{"damage":66,"enemies":"Collector","floor":33,"turns":6}],"seed_played":"7964339230832888936","potions_obtained":[{"floor":6,"key":"Regen Potion"},{"floor":8,"key":"FearPotion"},{"floor":10,"key":"Swift Potion"},{"floor":17,"key":"SmokeBomb"},{"floor":27,"key":"FearPotion"},{"floor":29,"key":"Energy Potion"},{"floor":31,"key":"Poison Potion"}],"is_trial":false,"path_per_floor":["M","?","$","M","M","E","R","E","T","M","R","M","T","E","R","B",null,"M","$","$","?","?","E","M","R","T","E","R","M","M","M","R","B"],"character_chosen":"THE_SILENT","items_purchased":["Noxious Fumes","Sling","Pen Nib"],"campfire_rested":4,"item_purchase_floors":[3,19,20],"current_hp_per_floor":[70,70,70,70,70,24,45,33,33,29,50,50,64,38,38,29,89,70,70,70,70,70,47,47,73,80,56,56,31,41,25,53,0],"gold":282,"neow_bonus":"THREE_ENEMY_KILL","is_prod":false,"is_daily":false,"chose_seed":false,"campfire_upgraded":1,"win_rate":0,"timestamp":1561661826,"path_taken":["M","?","?","M","?","E","R","E","T","M","R","M","?","E","R","BOSS","M","$","$","?","?","E","M","R","T","E","R","?","M","M","R","BOSS"],"build_version":"2019-01-23","purchased_purges":0,"victory":false,"max_hp_per_floor":[70,70,70,70,70,70,70,70,70,70,70,70,84,84,84,84,89,89,89,89,89,89,89,89,89,96,96,96,96,96,96,96,96],"card_choices":[{"not_picked":["Slice","Escape Plan"],"picked":"Blade Dance","floor":1},{"not_picked":["Bane","Sucker Punch"],"picked":"Escape Plan","floor":4},{"not_picked":["Catalyst","Finisher"],"picked":"Accuracy","floor":5},{"not_picked":["Sucker Punch","Acrobatics"],"picked":"Blade Dance","floor":6},{"not_picked":["Prepared","Distraction"],"picked":"Noxious Fumes","floor":8},{"not_picked":["Poisoned Stab","Deflect"],"picked":"Blade Dance","floor":10},{"not_picked":["Sucker Punch","Slice","Deflect"],"picked":"SKIP","floor":12},{"not_picked":["Underhanded Strike","Dodge and Roll"],"picked":"Acrobatics","floor":14},{"not_picked":["Venomology","Tools of the Trade"],"picked":"Adrenaline","floor":16},{"not_picked":["Backflip","Slice"],"picked":"Bouncing Flask","floor":18},{"not_picked":["Tactician+1","Leg Sweep","Concentrate"],"picked":"SKIP","floor":23},{"not_picked":["Deadly Poison","Bane"],"picked":"Tools of the Trade","floor":24},{"not_picked":["Riddle With Holes+1","Tactician"],"picked":"Blade Dance","floor":27},{"not_picked":["Setup","Backflip+1"],"picked":"Underhanded Strike+1","floor":29},{"not_picked":["Poisoned Stab","Deadly Poison","Underhanded Strike"],"picked":"SKIP","floor":30},{"not_picked":["Underhanded Strike","Blade Dance"],"picked":"Noxious Fumes+1","floor":31}],"player_experience":241577,"relics_obtained":[{"floor":6,"key":"WingedGreaves"},{"floor":8,"key":"Anchor"},{"floor":13,"key":"Mango"},{"floor":14,"key":"Meat on the Bone"},{"floor":23,"key":"Shuriken"},{"floor":26,"key":"Strawberry"},{"floor":27,"key":"Vajra"}],"event_choices":[{"damage_healed":0,"gold_gain":0,"cards_transformed":["Strike_G"],"player_choice":"Transformed","damage_taken":0,"max_hp_gain":0,"max_hp_loss":0,"event_name":"Transmorgrifier","floor":2,"gold_loss":0,"cards_obtained":["Riddle With Holes"]},{"damage_healed":0,"gold_gain":0,"player_choice":"Inject Mutagens","damage_taken":0,"relics_obtained":["MutagenicStrength"],"max_hp_gain":0,"max_hp_loss":0,"event_name":"Drug Dealer","floor":21,"gold_loss":0},{"damage_healed":0,"gold_gain":100,"player_choice":"Bet on Murderer","damage_taken":0,"max_hp_gain":0,"max_hp_loss":0,"event_name":"The Joust","floor":22,"gold_loss":50}],"is_beta":false,"boss_relics":[{"not_picked":["Velvet Choker","Runic Pyramid"],"picked":"Tiny House"}],"items_purged_floors":[],"is_endless":false,"potions_floor_spawned":[6,8,10,27,29,31],"killed_by":"Collector","ascension_level":2}