{"gold_per_floor":[11,11,11,31,31,31,56,56,56,73,92,20,55,66,66,163,163,163,78,3,3,3],"floor_reached":22,"playtime":3455,"items_purged":[],"score":245,"play_id":"4740afc1-4f34-4a39-a070-d3c2b350b7d0","local_time":"20190907155624","is_ascension_mode":true,"campfire_choices":[{"data":"Footwork","floor":6,"key":"SMITH"},{"floor":8,"key":"REST"},{"floor":15,"key":"DIG"}],"neow_cost":"NO_GOLD","seed_source_timestamp":439915364434589,"circlet_count":0,"master_deck":["Strike_G","Strike_G","Strike_G","Strike_G","Strike_G","Defend_G","Defend_G","Defend_G","Defend_G","Defend_G","Survivor","Neutralize","A Thousand Cuts+1","Footwork+1","Neutralize","Envenom","Flying Knee","Leg Sweep","Deadly Poison","Blade Dance","Well Laid Plans","Deadly Poison","Burst","Envenom","Acrobatics","Concentrate+1"],"relics":["Ring of the Snake","Juzu Bracelet","Matryoshka","Shovel","Bottled Lightning","Ectoplasm","MawBank"],"potions_floor_usage":[7],"damage_taken":[{"damage":0,"enemies":"Small Slimes","floor":1,"turns":4},{"damage":0,"enemies":"Cultist","floor":4,"turns":4},{"damage":16,"enemies":"Gremlin Nob","floor":7,"turns":4},{"damage":0,"enemies":"2 Louse","floor":10,"turns":5},{"damage":0,"enemies":"2 Fungi Beasts","floor":11,"turns":5},{"damage":1,"enemies":"Lagavulin","floor":13,"turns":7},{"damage":6,"enemies":"3 Louse","floor":14,"turns":5},{"damage":28,"enemies":"Hexaghost","floor":16,"turns":10},{"damage":19,"enemies":"Spheric Guardian","floor":18,"turns":6},{"damage":19,"enemies":"2 Thieves","floor":20,"turns":5},{"damage":17,"enemies":"Snecko","floor":21,"turns":7},{"damage":8,"enemies":"Sentry and Sphere","floor":22,"turns":3}],"seed_played":"-7546932755240042941","potions_obtained":[{"floor":1,"key":"Block Potion"},{"floor":14,"key":"SteroidPotion"},{"floor":18,"key":"SpeedPotion"},{"floor":20,"key":"AttackPotion"},{"floor":21,"key":"Dexterity Potion"}],"is_trial":false,"path_per_floor":["M","?","$","M","?","R","E","R","T","M","M","$","E","M","R","B",null,"M","?","M","M","M"],"character_chosen":"THE_SILENT","items_purchased":["Well Laid Plans"],"campfire_rested":1,"item_purchase_floors":[12],"current_hp_per_floor":[70,70,70,70,70,70,54,70,70,70,70,70,69,63,63,35,61,42,42,23,6,0],"gold":3,"neow_bonus":"THREE_RARE_CARDS","is_prod":false,"is_daily":false,"chose_seed":false,"campfire_upgraded":1,"win_rate":0,"timestamp":1567896984,"path_taken":["M","?","?","M","?","R","E","R","T","M","M","$","E","M","R","BOSS","M","?","M","M","M"],"build_version":"2019-07-17","purchased_purges":0,"victory":false,"max_hp_per_floor":[70,70,70,70,70,70,70,70,70,70,70,70,70,70,70,70,70,70,70,70,70,70],"card_choices":[{"not_picked":["Malaise","Glass Knife"],"picked":"A Thousand Cuts","floor":0},{"not_picked":["Eviscerate","Dagger Spray"],"picked":"Footwork","floor":1},{"not_picked":["Terror","Backflip"],"picked":"Flying Knee","floor":4},{"not_picked":["Crippling Poison","Deflect"],"picked":"Leg Sweep","floor":7},{"not_picked":["Outmaneuver","Quick Slash"],"picked":"Deadly Poison","floor":10},{"not_picked":["Setup","Dagger Throw"],"picked":"Blade Dance","floor":11},{"not_picked":["Flying Knee","Leg Sweep"],"picked":"Deadly Poison","floor":13},{"not_picked":["Prepared","Underhanded Strike"],"picked":"Burst","floor":14},{"not_picked":["After Image","Grand Finale"],"picked":"Envenom","floor":16},{"not_picked":["Quick Slash+1","Dodge and Roll"],"picked":"Acrobatics","floor":18},{"not_picked":["Eviscerate","Distraction+1","Heel Hook"],"picked":"SKIP","floor":20},{"not_picked":["Outmaneuver+1","Flechettes+1"],"picked":"Concentrate+1","floor":21}],"player_experience":3192646,"relics_obtained":[{"floor":7,"key":"Juzu Bracelet"},{"floor":9,"key":"Matryoshka"},{"floor":13,"key":"Shovel"},{"floor":15,"key":"Bottled Lightning"}],"event_choices":[{"damage_healed":0,"gold_gain":0,"player_choice":"2 cards matched","damage_taken":0,"max_hp_gain":0,"max_hp_loss":0,"event_name":"Match and Keep!","floor":2,"gold_loss":0,"cards_obtained":["Neutralize","Envenom"]},{"damage_healed":0,"gold_gain":0,"player_choice":"2 cards matched","damage_taken":0,"max_hp_gain":0,"max_hp_loss":0,"event_name":"Match and Keep!","floor":2,"gold_loss":0,"cards_obtained":["Neutralize","Envenom"]},{"damage_healed":0,"gold_gain":0,"player_choice":"Forge","damage_taken":0,"max_hp_gain":0,"max_hp_loss":0,"event_name":"Accursed Blacksmith","floor":5,"gold_loss":0,"cards_upgraded":["A Thousand Cuts"]},{"damage_healed":0,"gold_gain":0,"player_choice":"Obtained Relic","damage_taken":0,"relics_obtained":["MawBank"],"max_hp_gain":0,"max_hp_loss":0,"event_name":"Addict","floor":19,"gold_loss":85}],"is_beta":false,"boss_relics":[{"not_picked":["Busted Crown","WristBlade"],"picked":"Ectoplasm"}],"items_purged_floors":[],"is_endless":false,"potions_floor_spawned":[1,14,18,20,21],"killed_by":"Sentry and Sphere","ascension_level":5}