{"path_per_floor":["M","?","?","M","M","E","M","R","T","$","M","M","M","M","R","B",null,"M","M","M","M","?","R","?","M","T","?","$","?","?","M","R","B",null,"M","M","?","M","?","R","?","?","T","?","M","M","$","T","R"],"character_chosen":"IRONCLAD","items_purchased":["Shuriken","Juzu Bracelet","Pen Nib"],"gold_per_floor":[119,194,194,212,228,253,263,263,290,42,54,68,88,100,100,202,202,221,231,245,261,531,531,531,543,543,458,229,229,129,142,142,245,245,260,278,0,11,261,261,261,314,314,314,334,351,100,127,127],"floor_reached":50,"campfire_rested":5,"playtime":3474,"current_hp_per_floor":[80,69,69,68,68,47,53,53,60,60,66,38,44,33,59,30,87,90,89,89,92,60,88,72,60,60,60,60,60,60,36,80,76,102,99,102,102,65,65,105,92,68,68,68,40,37,37,37,86],"items_purged":["Defend_R","Regret"],"gold":127,"score":499,"play_id":"92fd1e2f-4a18-4a50-88d1-b4bd893d4d18","local_time":"20180303133807","is_prod":false,"is_daily":false,"is_ascension_mode":false,"campfire_upgraded":1,"timestamp":1520102287,"path_taken":["M","?","?","M","M","E","M","R","T","$","M","M","M","M","R","BOSS","M","M","M","M","?","R","?","M","T","?","$","?","?","M","R","BOSS","M","M","?","M","?","R","?","?","T","?","M","M","$","?","R","BOSS"],"build_version":"2018-03-01-PROD1","purchased_purges":2,"victory":false,"master_deck":["Strike_R+1","Strike_R+1","Strike_R+1","Strike_R+1","Strike_R+1","Defend_R+1","Bash","Perfected Strike+1","Fire Breathing","Headbutt","Shrug It Off","Headbutt","Cleave","Demon Form","Perfected Strike","Perfected Strike","Perfected Strike","Feed","Clash+1","Perfected Strike+1","Necronomicurse","J.A.X.","Demon Form","Perfected Strike+1","Pommel Strike+1","Madness","Madness","Feed","Perfected Strike"],"max_hp_per_floor":[80,80,80,80,80,80,80,80,87,87,87,87,87,87,87,87,87,90,93,93,96,96,96,96,99,99,99,99,99,99,99,99,102,102,102,102,102,105,105,105,105,108,108,108,114,114,114,114,114],"relics":["Black Blood","Happy Flower","Oddly Smooth Stone","Strawberry","Shuriken","Snecko Eye","Necronomicon","Regal Pillow","Blood Vial","Juzu Bracelet","Red Mask","Calipers","Bottled Lightning","Pen Nib","Bag of Preparation"],"card_choices":[{"not_picked":["Second Wind","Metallicize"],"picked":"Perfected Strike"},{"not_picked":["Burning Pact","Inflame"],"picked":"Headbutt"},{"not_picked":["Inflame","Double Tap"],"picked":"Shrug It Off"},{"not_picked":["Corruption","Blood for Blood"],"picked":"Headbutt"},{"not_picked":["Disarm","Sword Boomerang"],"picked":"Cleave"},{"not_picked":["Body Slam","Seeing Red"],"picked":"Demon Form"},{"not_picked":["True Grit","Twin Strike"],"picked":"Perfected Strike"},{"not_picked":["Rage","Blood for Blood"],"picked":"Perfected Strike"},{"not_picked":["Sever Soul","Iron Wave"],"picked":"Perfected Strike"},{"not_picked":["Demon Form","Double Tap"],"picked":"Feed"},{"not_picked":["Iron Wave","Disarm"],"picked":"Clash"},{"not_picked":["Searing Blow","Twin Strike"],"picked":"Perfected Strike"},{"not_picked":["Barricade","Brutality"],"picked":"Demon Form"},{"not_picked":["Clothesline","Pommel Strike"],"picked":"Perfected Strike"},{"not_picked":["Bloodletting","Uppercut"],"picked":"Pommel Strike"},{"not_picked":["Flex","Armaments"],"picked":"Feed"},{"not_picked":["True Grit","Entrench"],"picked":"Perfected Strike"}],"player_experience":2813,"potions_floor_usage":[16,21,33,45,50,50],"damage_taken":[{"damage":5,"enemies":"Small Slimes","floor":1,"turns":4},{"damage":7,"enemies":"2 Louse","floor":4,"turns":2},{"damage":6,"enemies":"Jaw Worm","floor":5,"turns":2},{"damage":27,"enemies":"Gremlin Nob","floor":6,"turns":4},{"damage":0,"enemies":"2 Fungi Beasts","floor":7,"turns":3},{"damage":0,"enemies":"Large Slime","floor":11,"turns":3},{"damage":34,"enemies":"Exordium Thugs","floor":12,"turns":4},{"damage":0,"enemies":"2 Fungi Beasts","floor":13,"turns":2},{"damage":17,"enemies":"Exordium Wildlife","floor":14,"turns":3},{"damage":44,"enemies":"Hexaghost","floor":16,"turns":9},{"damage":0,"enemies":"Spheric Guardian","floor":18,"turns":2},{"damage":10,"enemies":"3 Byrds","floor":19,"turns":3},{"damage":6,"enemies":"Centurion and Healer","floor":20,"turns":3},{"damage":6,"enemies":"3 Cultists","floor":21,"turns":3},{"damage":21,"enemies":"Snake Plant","floor":25,"turns":3},{"damage":32,"enemies":"Centurion and Healer","floor":31,"turns":4},{"damage":15,"enemies":"Champ","floor":33,"turns":6},{"damage":13,"enemies":"Orb Walker","floor":35,"turns":2},{"damage":6,"enemies":"3 Shapes","floor":36,"turns":2},{"damage":50,"enemies":"Sphere and 2 Shapes","floor":38,"turns":4},{"damage":39,"enemies":"Mysterious Sphere","floor":42,"turns":3},{"damage":55,"enemies":"4 Shapes","floor":45,"turns":4},{"damage":15,"enemies":"3 Darklings","floor":46,"turns":3},{"damage":106,"enemies":"Awakened One","floor":50,"turns":5}],"event_choices":[{"event_name":"World of Goop","player_choice":"Gather Gold","floor":2,"damage_taken":0},{"event_name":"Living Wall","player_choice":"Change","floor":3,"damage_taken":0},{"event_name":"Knowing Skull","player_choice":"GOLD GOLD GOLD ","floor":22,"damage_taken":0},{"event_name":"Cursed Tome","player_choice":"Obtained Book","floor":24,"damage_taken":0},{"event_name":"Addict","player_choice":"Obtained Relic","floor":27,"damage_taken":0},{"event_name":"Back to Basics","player_choice":"Simplicity","floor":29,"damage_taken":0},{"event_name":"Drug Dealer","player_choice":"Got JAXXED","floor":30,"damage_taken":0},{"event_name":"Tomb of Lord Red Mask","player_choice":"Paid","floor":37,"damage_taken":0},{"event_name":"Golden Shrine","player_choice":"Desecrate","floor":39,"damage_taken":0},{"event_name":"Winding Halls","player_choice":"Embrace Madness","floor":41,"damage_taken":0},{"event_name":"Mysterious Sphere","player_choice":"Fight","floor":42,"damage_taken":0}],"boss_relics":[{"not_picked":["Eternal Feather","Runic Cube"],"picked":"Snecko Eye"},{"not_picked":["Mark of Pain","Runic Pyramid"],"picked":"Black Blood"}],"potions_floor_spawned":[1,7,13,14,16,18,19,21,33,35,36,45],"seed_played":"5670207994702523437","killed_by":"Awakened One","ascension_level":0,"is_trial":false}