{"path_per_floor":["M","?","M","M","$","R","M","M","T","R","?","R","E","?","R","B",null,"M","M","?","$","?","R","M","R","T","M","M","R","?","M","R"],"character_chosen":"THE_SILENT","items_purchased":["Deadly Poison","Tough Bandages"],"gold_per_floor":[115,115,134,150,28,28,42,62,89,89,89,89,124,154,154,256,256,266,284,284,44,44,44,55,55,80,91,103,103,103,118,118,118],"floor_reached":33,"campfire_rested":1,"playtime":3107,"current_hp_per_floor":[70,52,40,40,40,40,40,28,28,28,28,49,41,41,41,33,70,70,67,67,67,67,67,67,67,67,62,49,49,49,49,49,0],"items_purged":["Strike_G"],"gold":118,"score":247,"play_id":"bfd3553c-2a6a-4b24-a463-2193e031f319","local_time":"20180520174828","is_prod":false,"is_daily":false,"chose_seed":false,"is_ascension_mode":false,"campfire_upgraded":7,"timestamp":1526863708,"campfire_choices":[{"data":"Footwork","floor":6,"key":"SMITH"},{"data":"Neutralize","floor":10,"key":"SMITH"},{"floor":12,"key":"REST"},{"data":"Survivor","floor":15,"key":"SMITH"},{"data":"Tools of the Trade","floor":23,"key":"SMITH"},{"data":"Reflex","floor":25,"key":"SMITH"},{"data":"Catalyst","floor":29,"key":"SMITH"},{"data":"Prepared","floor":32,"key":"SMITH"}],"path_taken":["M","?","M","M","$","R","M","?","T","R","?","R","E","?","R","BOSS","M","M","?","$","?","R","M","R","T","M","M","R","?","M","R","BOSS"],"build_version":"2018-05-17","seed_source_timestamp":60636790386477,"purchased_purges":1,"victory":false,"master_deck":["Defend_G","Defend_G","Defend_G","Defend_G","Defend_G","Strike_G","Strike_G","Survivor+1","Neutralize+1","Prepared+1","Sucker Punch","Footwork+1","Deadly Poison","Escape Plan","Tools of the Trade+1","Reflex+1","Catalyst+1","Backflip","Backflip"],"max_hp_per_floor":[70,70,70,70,70,70,70,70,70,70,70,70,70,70,70,70,70,70,70,70,70,70,70,70,70,70,70,70,70,70,70,70,70],"relics":["Ring of the Snake","Pen Nib","Art of War","Happy Flower","Orrery","Tough Bandages","Boot"],"card_choices":[{"not_picked":["Flying Knee","Dodge and Roll"],"picked":"Prepared","floor":1},{"not_picked":["Flying Knee","Eviscerate"],"picked":"Sucker Punch","floor":3},{"not_picked":["Acrobatics","Bane"],"picked":"Footwork","floor":4},{"not_picked":["Flying Knee","Deadly Poison","Backstab"],"picked":"SKIP","floor":7},{"not_picked":["Skewer","Backstab"],"picked":"Escape Plan","floor":8},{"not_picked":["Outmaneuver","Poisoned Stab"],"picked":"Tools of the Trade","floor":13},{"not_picked":["Poisoned Stab","Underhanded Strike"],"picked":"Reflex","floor":17},{"not_picked":["Infinite Blades","Flechettes"],"picked":"Catalyst","floor":17},{"not_picked":["Underhanded Strike","Acrobatics"],"picked":"Backflip","floor":17},{"not_picked":["Reflex","All Out Attack"],"picked":"Backflip","floor":18},{"not_picked":["Finisher","Flying Knee","Backflip+1"],"picked":"SKIP","floor":19},{"not_picked":["All Out Attack+1","Finisher","Skewer"],"picked":"SKIP","floor":24},{"not_picked":["Backflip","Sucker Punch","Doppelganger"],"picked":"SKIP","floor":27},{"not_picked":["Deadly Poison","Blade Dance","Heel Hook+1"],"picked":"SKIP","floor":28},{"not_picked":["Dodge and Roll","Poisoned Stab+1","Heel Hook"],"picked":"SKIP","floor":31}],"player_experience":262683,"potions_floor_usage":[16,16,19,28,33],"damage_taken":[{"damage":0,"enemies":"Small Slimes","floor":1,"turns":4},{"damage":12,"enemies":"Jaw Worm","floor":3,"turns":9},{"damage":0,"enemies":"Cultist","floor":4,"turns":3},{"damage":0,"enemies":"Large Slime","floor":7,"turns":7},{"damage":12,"enemies":"Lots of Slimes","floor":8,"turns":8},{"damage":8,"enemies":"3 Sentries","floor":13,"turns":10},{"damage":8,"enemies":"The Guardian","floor":16,"turns":11},{"damage":0,"enemies":"Chosen","floor":18,"turns":6},{"damage":3,"enemies":"3 Byrds","floor":19,"turns":6},{"damage":0,"enemies":"Snake Plant","floor":24,"turns":7},{"damage":5,"enemies":"Snecko","floor":27,"turns":8},{"damage":13,"enemies":"Chosen and Byrds","floor":28,"turns":12},{"damage":0,"enemies":"Centurion and Healer","floor":31,"turns":8},{"damage":61,"enemies":"Champ","floor":33,"turns":17}],"relics_obtained":[{"floor":9,"key":"Art of War"},{"floor":13,"key":"Happy Flower"},{"floor":26,"key":"Boot"}],"event_choices":[{"event_name":"Scrap Ooze","player_choice":"success","floor":2,"damage_taken":18},{"event_name":"Bonfire Elementals","player_choice":"BASIC","floor":11,"damage_taken":0},{"event_name":"Dead Adventurer","player_choice":"Searched \u00271\u0027 times","floor":14,"damage_taken":0},{"event_name":"Ghosts","player_choice":"Ignored","floor":20,"damage_taken":0},{"event_name":"Cursed Tome","player_choice":"Ignored","floor":22,"damage_taken":0},{"event_name":"Accursed Blacksmith","player_choice":"Ignore","floor":30,"damage_taken":0}],"boss_relics":[{"not_picked":["Ectoplasm","Calling Bell"],"picked":"Orrery"}],"potions_floor_spawned":[4,7,13,18,19,24],"seed_played":"2314690109166832843","killed_by":"Champ","ascension_level":0,"potions_obtained":[{"floor":4,"key":"FearPotion"},{"floor":7,"key":"Weak Potion"},{"floor":13,"key":"Regen Potion"},{"floor":18,"key":"SkillPotion"},{"floor":19,"key":"FearPotion"},{"floor":24,"key":"Dexterity Potion"}],"is_trial":false}