{"gold_per_floor":[109,124,144,157,168,199,210,210,286,286,317,29,29,54,54,54],"floor_reached":16,"playtime":728,"items_purged":[],"score":134,"play_id":"8bb85495-583f-4e1a-b989-16ac2ebb7e23","local_time":"20190627122931","is_ascension_mode":true,"campfire_choices":[{"floor":10,"key":"REST"},{"floor":13,"key":"REST"},{"floor":15,"key":"REST"}],"neow_cost":"NONE","seed_source_timestamp":1245914455799981,"circlet_count":0,"master_deck":["Defend_G","Defend_G","Defend_G","Defend_G","Defend_G","Strike_G","Strike_G","Strike_G","Strike_G","Strike_G","Survivor","Neutralize","Die Die Die","Deadly Poison","PiercingWail","Crippling Poison","Backflip","Flying Knee","Caltrops","Well Laid Plans","Prepared"],"relics":["Ring of the Snake","Omamori","Strawberry","Prayer Wheel","Unceasing Top"],"potions_floor_usage":[6,7,11],"damage_taken":[{"damage":8,"enemies":"2 Louse","floor":1,"turns":2},{"damage":0,"enemies":"Cultist","floor":2,"turns":3},{"damage":0,"enemies":"Small Slimes","floor":3,"turns":2},{"damage":9,"enemies":"Blue Slaver","floor":4,"turns":3},{"damage":1,"enemies":"Looter","floor":5,"turns":3},{"damage":44,"enemies":"Gremlin Nob","floor":6,"turns":6},{"damage":4,"enemies":"Large Slime","floor":7,"turns":6},{"damage":12,"enemies":"3 Sentries","floor":11,"turns":6},{"damage":31,"enemies":"Gremlin Nob","floor":14,"turns":5},{"damage":41,"enemies":"Slime Boss","floor":16,"turns":7}],"seed_played":"4248762842889733250","potions_obtained":[{"floor":2,"key":"Ancient Potion"},{"floor":4,"key":"Explosive Potion"},{"floor":5,"key":"Weak Potion"},{"floor":6,"key":"EssenceOfSteel"}],"is_trial":false,"path_per_floor":["M","M","M","M","M","E","M","?","T","R","E","$","R","E","R","B"],"character_chosen":"THE_SILENT","items_purchased":["Prayer Wheel"],"campfire_rested":3,"item_purchase_floors":[12],"current_hp_per_floor":[62,62,62,53,52,8,4,4,4,25,20,20,43,12,35,0],"gold":54,"neow_bonus":"ONE_RANDOM_RARE_CARD","is_prod":false,"is_daily":false,"chose_seed":false,"campfire_upgraded":0,"win_rate":0,"timestamp":1561652971,"path_taken":["M","M","M","M","M","E","M","?","T","R","E","$","R","E","R","BOSS"],"build_version":"2019-01-23","purchased_purges":0,"victory":false,"max_hp_per_floor":[70,70,70,70,70,70,70,70,70,70,77,77,77,77,77,77],"card_choices":[{"not_picked":["Sucker Punch","Prepared"],"picked":"Deadly Poison","floor":1},{"not_picked":["Sucker Punch","Flechettes"],"picked":"PiercingWail","floor":2},{"not_picked":["Phantasmal Killer","Cloak And Dagger"],"picked":"Crippling Poison","floor":3},{"not_picked":["Dagger Spray","Bane"],"picked":"Backflip","floor":4},{"not_picked":["Dodge and Roll","Blur"],"picked":"Flying Knee","floor":5},{"not_picked":["Catalyst","Sucker Punch","Tactician"],"picked":"SKIP","floor":6},{"not_picked":["Finisher","Reflex"],"picked":"Caltrops","floor":7},{"not_picked":["Poisoned Stab","Catalyst"],"picked":"Well Laid Plans","floor":11},{"not_picked":["Deflect","Sucker Punch"],"picked":"Prepared","floor":14}],"player_experience":233673,"relics_obtained":[{"floor":6,"key":"Omamori"},{"floor":11,"key":"Strawberry"},{"floor":14,"key":"Unceasing Top"}],"event_choices":[{"damage_healed":0,"gold_gain":0,"player_choice":"Leave","damage_taken":0,"max_hp_gain":0,"max_hp_loss":0,"event_name":"FaceTrader","floor":8,"gold_loss":0}],"is_beta":false,"boss_relics":[],"items_purged_floors":[],"is_endless":false,"potions_floor_spawned":[2,4,5,6],"killed_by":"Slime Boss","ascension_level":2}