{"path_per_floor":["M","M","?","M","M","E","R","M","T","$","M","M","M","?","R","B",null,"M","?","M","$","M","R","?","R","T","M","E","?","M","?","R"],"character_chosen":"THE_SILENT","items_purchased":["Noxious Fumes"],"gold_per_floor":[16,32,32,46,62,97,97,108,158,83,97,117,128,128,128,226,226,239,239,256,75,93,93,18,18,18,33,58,58,78,178,178],"floor_reached":33,"campfire_rested":4,"playtime":3509,"current_hp_per_floor":[65,65,65,65,55,40,61,61,61,61,61,54,42,35,56,26,70,43,43,35,35,33,54,54,54,54,28,10,10,3,3,24],"items_purged":["Strike_G","Dagger Throw"],"gold":178,"score":271,"play_id":"c358397a-e000-4c8f-8767-01ee928c4b5c","local_time":"20180309193223","is_prod":false,"is_daily":false,"is_ascension_mode":false,"campfire_upgraded":1,"timestamp":1520641943,"path_taken":["BOSS","M","?","?","M","?","E","R","M","T","?","?","?","M","?","R","BOSS","M","?","M","$","M","R","?","R","T","M","E","?","?","?","R","BOSS"],"build_version":"2018-03-09","purchased_purges":2,"victory":false,"master_deck":["Defend_G","Defend_G","Defend_G","Survivor","Deadly Poison","Backflip","Footwork","Outmaneuver+1","Escape Plan+1","Noxious Fumes+1","Escape Plan"],"max_hp_per_floor":[70,70,70,70,70,70,70,70,70,70,70,70,70,70,70,70,70,70,70,70,70,70,70,70,70,70,70,70,70,70,70,70],"relics":["Ring of the Snake","Bag of Preparation","Oddly Smooth Stone","Astrolabe","Ginger","Torii"],"card_choices":[{"not_picked":["Prepared","Flechettes"],"picked":"Deadly Poison"},{"not_picked":["PiercingWail","Slice"],"picked":"Backflip"},{"not_picked":["Backflip","All Out Attack"],"picked":"Footwork"},{"not_picked":["Terror","Prepared"],"picked":"Escape Plan"},{"not_picked":["Acrobatics","Skewer"],"picked":"Escape Plan"}],"player_experience":61740,"potions_floor_usage":[6,16,16,28,33],"damage_taken":[{"damage":5,"enemies":"Cultist","floor":1,"turns":8},{"damage":0,"enemies":"Small Slimes","floor":2,"turns":5},{"damage":0,"enemies":"Jaw Worm","floor":4,"turns":4},{"damage":10,"enemies":"Gremlin Gang","floor":5,"turns":7},{"damage":15,"enemies":"3 Sentries","floor":6,"turns":15},{"damage":0,"enemies":"Blue Slaver","floor":8,"turns":4},{"damage":0,"enemies":"Looter","floor":11,"turns":4},{"damage":7,"enemies":"Large Slime","floor":12,"turns":10},{"damage":12,"enemies":"Exordium Thugs","floor":13,"turns":9},{"damage":30,"enemies":"Hexaghost","floor":16,"turns":15},{"damage":27,"enemies":"Chosen","floor":18,"turns":6},{"damage":8,"enemies":"Spheric Guardian","floor":20,"turns":5},{"damage":2,"enemies":"Centurion and Healer","floor":22,"turns":10},{"damage":26,"enemies":"Chosen and Byrds","floor":27,"turns":8},{"damage":33,"enemies":"Gremlin Leader","floor":28,"turns":8},{"damage":7,"enemies":"Slaver and Parasite","floor":30,"turns":7},{"damage":26,"enemies":"Automaton","floor":33,"turns":6}],"event_choices":[{"event_name":"The Cleric","player_choice":"Leave","floor":3,"damage_taken":0},{"event_name":"Golden Wing","player_choice":"Card Removal","floor":14,"damage_taken":0},{"event_name":"Back to Basics","player_choice":"Elegance","floor":19,"damage_taken":0},{"event_name":"Beggar","player_choice":"Gave Gold","floor":24,"damage_taken":0},{"event_name":"The Woman in Blue","player_choice":"Bought 0 Potions","floor":29,"damage_taken":0},{"event_name":"Golden Shrine","player_choice":"Pray","floor":31,"damage_taken":0}],"boss_relics":[{"not_picked":["White Beast Statue","Runic Pyramid"],"picked":"Astrolabe"}],"potions_floor_spawned":[2,6,8,13,27],"seed_played":"1549961113214240169","killed_by":"Automaton","ascension_level":0,"is_trial":false}