{"gold_per_floor":[119,131,131,147,163,163,198,215,215,215,241,241,275,295,295,393,393,412,430,446,464,483,483,511,511,537,565,584,584,600,618,618,715,715,733,355,365,10,26,26,54,54],"floor_reached":42,"playtime":72892,"items_purged":["Strike_G"],"score":667,"play_id":"fa0b4018-b3af-4003-a87a-0e73c95f25e1","local_time":"20190913165359","is_ascension_mode":true,"campfire_choices":[{"floor":6,"key":"REST"},{"floor":10,"key":"REST"},{"floor":12,"key":"REST"},{"data":"Escape Plan","floor":15,"key":"SMITH"},{"floor":23,"key":"REST"},{"floor":25,"key":"REST"},{"floor":32,"key":"REST"},{"floor":40,"key":"REST"}],"neow_cost":"NONE","seed_source_timestamp":146594506365358,"circlet_count":0,"master_deck":["Strike_G","Strike_G","Defend_G","Defend_G","Defend_G","Defend_G","Defend_G","Survivor","Neutralize","Backflip","Dagger Throw","Slice","Venomology","All Out Attack","Escape Plan+1","Dagger Spray","PiercingWail+1","Outmaneuver+1","Envenom","Leg Sweep+1","Prepared+1","Skewer+1","Cloak And Dagger+1","Riddle With Holes","Adrenaline+1","Underhanded Strike","Backstab","Dagger Spray+1","Bullet Time+1","Tactician+1","Sadistic Nature","Well Laid Plans","Crippling Poison+1","Cloak And Dagger+1","Footwork","Die Die Die","Backflip+1"],"relics":["Ring of the Snake","Bag of Preparation","Happy Flower","Ninja Scroll","Toxic Egg 2","Mercury Hourglass","Philosopher\u0027s Stone","Bottled Lightning","Smiling Mask","Letter Opener","Sozu","TwistedFunnel","Molten Egg 2"],"potions_floor_usage":[7,7,13,16,16,18,20,24,24,33,33,33],"damage_taken":[{"damage":14,"enemies":"Jaw Worm","floor":1,"turns":7},{"damage":1,"enemies":"2 Louse","floor":2,"turns":3},{"damage":0,"enemies":"Cultist","floor":4,"turns":4},{"damage":3,"enemies":"Looter","floor":5,"turns":3},{"damage":36,"enemies":"Lagavulin","floor":7,"turns":9},{"damage":0,"enemies":"Red Slaver","floor":8,"turns":4},{"damage":12,"enemies":"3 Sentries","floor":11,"turns":5},{"damage":14,"enemies":"Lagavulin","floor":13,"turns":5},{"damage":0,"enemies":"Blue Slaver","floor":14,"turns":2},{"damage":20,"enemies":"The Guardian","floor":16,"turns":14},{"damage":0,"enemies":"3 Byrds","floor":18,"turns":3},{"damage":7,"enemies":"Chosen","floor":19,"turns":5},{"damage":4,"enemies":"3 Cultists","floor":20,"turns":5},{"damage":5,"enemies":"Snake Plant","floor":21,"turns":4},{"damage":0,"enemies":"Centurion and Healer","floor":22,"turns":7},{"damage":20,"enemies":"Book of Stabbing","floor":24,"turns":7},{"damage":31,"enemies":"Slavers","floor":27,"turns":7},{"damage":9,"enemies":"Snecko","floor":28,"turns":4},{"damage":0,"enemies":"Cultist and Chosen","floor":30,"turns":4},{"damage":2,"enemies":"Snake Plant","floor":31,"turns":5},{"damage":14,"enemies":"Automaton","floor":33,"turns":9},{"damage":0,"enemies":"Orb Walker","floor":35,"turns":3},{"damage":0,"enemies":"3 Shapes","floor":37,"turns":1},{"damage":0,"enemies":"3 Darklings","floor":39,"turns":5},{"damage":67,"enemies":"Giant Head","floor":41,"turns":8},{"damage":5,"enemies":"Writhing Mass","floor":42,"turns":1}],"seed_played":"-5701659700674387590","potions_obtained":[{"floor":2,"key":"Weak Potion"},{"floor":7,"key":"GhostInAJar"},{"floor":8,"key":"PowerPotion"},{"floor":16,"key":"AttackPotion"}],"is_trial":false,"path_per_floor":["M","M","?","M","M","R","E","M","T","R","E","R","E","M","R","B",null,"M","M","M","M","M","R","E","R","T","E","M","?","M","M","R","B",null,"M","$","M","$","M","R","E","M"],"character_chosen":"THE_SILENT","items_purchased":["Sadistic Nature","Well Laid Plans","Crippling Poison+1","Footwork","TwistedFunnel","Die Die Die"],"campfire_rested":7,"item_purchase_floors":[36,36,36,38,38,38],"current_hp_per_floor":[49,48,41,41,38,59,23,23,23,44,32,53,39,39,39,19,57,57,50,46,41,41,62,42,63,63,32,23,23,23,21,42,28,60,60,60,60,60,60,70,3,0],"gold":54,"neow_bonus":"RANDOM_COMMON_RELIC","is_prod":false,"is_daily":false,"chose_seed":false,"campfire_upgraded":1,"win_rate":0,"timestamp":1568418839,"path_taken":["M","M","?","M","M","R","E","M","T","R","E","R","E","M","R","BOSS","M","M","M","M","M","R","E","R","T","E","M","?","?","M","R","BOSS","M","$","M","$","M","R","E","M"],"build_version":"2019-07-17","purchased_purges":1,"victory":false,"max_hp_per_floor":[70,70,70,70,70,70,70,70,70,70,70,70,70,70,70,70,70,70,70,70,70,70,70,70,70,70,70,70,70,70,70,70,70,70,70,70,70,70,70,70,70,70],"card_choices":[{"not_picked":["Dodge and Roll","Sucker Punch"],"picked":"Backflip","floor":1},{"not_picked":["Cloak And Dagger","Infinite Blades"],"picked":"Dagger Throw","floor":2},{"not_picked":["Dodge and Roll","Cloak And Dagger"],"picked":"Slice","floor":4},{"not_picked":["Dagger Throw","Accuracy"],"picked":"Venomology","floor":5},{"not_picked":["Heel Hook","Slice"],"picked":"All Out Attack","floor":7},{"not_picked":["Deadly Poison","Poisoned Stab"],"picked":"Escape Plan","floor":8},{"not_picked":["Infinite Blades","Dagger Throw"],"picked":"Dagger Spray","floor":11},{"not_picked":["Venomology+1","Caltrops"],"picked":"PiercingWail+1","floor":13},{"not_picked":["Dodge and Roll+1","Dagger Spray"],"picked":"Outmaneuver+1","floor":14},{"not_picked":["Phantasmal Killer+1","Doppelganger+1"],"picked":"Envenom","floor":16},{"not_picked":["Sucker Punch+1","Backflip+1"],"picked":"Leg Sweep+1","floor":18},{"not_picked":["Dodge and Roll+1","Setup+1"],"picked":"Prepared+1","floor":19},{"not_picked":["Infinite Blades+1","Blade Dance+1"],"picked":"Skewer+1","floor":20},{"not_picked":["Calculated Gamble+1","Finisher"],"picked":"Cloak And Dagger+1","floor":21},{"not_picked":["Dodge and Roll+1","Predator"],"picked":"Riddle With Holes","floor":22},{"not_picked":["Outmaneuver+1","Flechettes"],"picked":"Adrenaline+1","floor":24},{"not_picked":["Riddle With Holes","Dodge and Roll+1"],"picked":"Underhanded Strike","floor":27},{"not_picked":["Quick Slash+1","PiercingWail+1"],"picked":"Backstab","floor":28},{"not_picked":["Caltrops","Flying Knee","Masterful Stab"],"picked":"SKIP","floor":30},{"not_picked":["Slice","Acrobatics+1"],"picked":"Dagger Spray+1","floor":31},{"not_picked":["Burst+1","Night Terror+1"],"picked":"Bullet Time+1","floor":33},{"not_picked":["Dagger Throw","Bane+1"],"picked":"Tactician+1","floor":35},{"not_picked":["Underhanded Strike+1","Slice"],"picked":"Cloak And Dagger+1","floor":37},{"not_picked":["Dagger Spray","Skewer+1","Dagger Throw"],"picked":"SKIP","floor":39},{"not_picked":["Bane","Poisoned Stab+1"],"picked":"Backflip+1","floor":41}],"player_experience":3337363,"relics_obtained":[{"floor":7,"key":"Happy Flower"},{"floor":9,"key":"Ninja Scroll"},{"floor":11,"key":"Toxic Egg 2"},{"floor":13,"key":"Mercury Hourglass"},{"floor":24,"key":"Bottled Lightning"},{"floor":26,"key":"Smiling Mask"},{"floor":27,"key":"Letter Opener"},{"floor":41,"key":"Molten Egg 2"}],"event_choices":[{"cards_removed":["Strike_G"],"damage_healed":0,"gold_gain":0,"player_choice":"Card Removal","damage_taken":7,"max_hp_gain":0,"max_hp_loss":0,"event_name":"Golden Wing","floor":3,"gold_loss":0},{"cards_removed":["Strike_G"],"damage_healed":0,"gold_gain":0,"player_choice":"Purged","damage_taken":0,"max_hp_gain":0,"max_hp_loss":0,"event_name":"Purifier","floor":29,"gold_loss":0}],"is_beta":false,"boss_relics":[{"not_picked":["HoveringKite","WristBlade"],"picked":"Philosopher\u0027s Stone"},{"not_picked":["Pandora\u0027s Box","Lizard Tail"],"picked":"Sozu"}],"items_purged_floors":[36],"is_endless":false,"potions_floor_spawned":[2,7,8,14,16,20,27,28,30,39],"killed_by":"Writhing Mass","ascension_level":6}