{"gold_per_floor":[117,117,42,62,85,120,120,120,200,215,215,10,34,48,48,167,167,192,207,231,245,69,110,110,110],"floor_reached":25,"playtime":1822,"items_purged":["Strike_G","Strike_G"],"score":288,"play_id":"af3cf9b8-8656-48fa-a6f0-8829945bc560","local_time":"20190819135459","is_ascension_mode":true,"campfire_choices":[{"data":"Catalyst","floor":7,"key":"SMITH"},{"data":"Deadly Poison","floor":11,"key":"SMITH"},{"data":"Footwork","floor":15,"key":"SMITH"}],"neow_cost":"NONE","seed_source_timestamp":304430616154600,"circlet_count":0,"master_deck":["Strike_G+1","Strike_G+1","Strike_G+1","Defend_G+1","Defend_G+1","Defend_G+1","Defend_G+1","Defend_G+1","Survivor","Neutralize","Poisoned Stab+1","Catalyst+1","Deadly Poison+1","Footwork+1","Terror","Deadly Poison","Bouncing Flask","Night Terror","Crippling Poison","Backflip+1","Sadistic Nature","Leg Sweep"],"relics":["Ring of the Snake","Golden Idol","Oddly Smooth Stone","Singing Bowl","White Beast Statue","Bottled Flame"],"potions_floor_usage":[6,16,19,20,20,21,23,25],"damage_taken":[{"damage":7,"enemies":"Small Slimes","floor":1,"turns":5},{"damage":0,"enemies":"2 Louse","floor":4,"turns":4},{"damage":0,"enemies":"Cultist","floor":5,"turns":3},{"damage":34,"enemies":"Lagavulin","floor":6,"turns":11},{"damage":4,"enemies":"Gremlin Gang","floor":10,"turns":5},{"damage":0,"enemies":"Looter","floor":13,"turns":4},{"damage":0,"enemies":"Exordium Wildlife","floor":14,"turns":3},{"damage":3,"enemies":"The Guardian","floor":16,"turns":7},{"damage":2,"enemies":"Spheric Guardian","floor":18,"turns":3},{"damage":0,"enemies":"Chosen","floor":19,"turns":4},{"damage":0,"enemies":"Snecko","floor":20,"turns":3},{"damage":29,"enemies":"3 Cultists","floor":21,"turns":9},{"damage":30,"enemies":"Book of Stabbing","floor":23,"turns":7},{"damage":14,"enemies":"Slavers","floor":25,"turns":2}],"seed_played":"-5657474746243026564","potions_obtained":[{"floor":4,"key":"Dexterity Potion"},{"floor":10,"key":"Ancient Potion"},{"floor":13,"key":"SkillPotion"},{"floor":18,"key":"Ancient Potion"},{"floor":19,"key":"AttackPotion"},{"floor":20,"key":"Block Potion"},{"floor":21,"key":"GhostInAJar"},{"floor":23,"key":"GhostInAJar"}],"is_trial":false,"path_per_floor":["M","?","$","M","M","E","R","?","T","M","R","$","M","M","R","B",null,"M","M","M","M","$","E","?","E"],"character_chosen":"THE_SILENT","items_purchased":["Footwork","Terror","Sadistic Nature"],"campfire_rested":0,"item_purchase_floors":[12,12,22],"current_hp_per_floor":[70,70,70,70,70,36,36,36,36,32,32,32,32,32,32,29,71,69,71,71,44,44,14,14,0],"gold":110,"neow_bonus":"TEN_PERCENT_HP_BONUS","is_prod":false,"is_daily":false,"chose_seed":false,"campfire_upgraded":3,"win_rate":0,"timestamp":1566240899,"path_taken":["M","?","$","M","M","E","R","?","T","M","R","$","M","M","R","BOSS","M","?","M","?","$","E","?","E"],"build_version":"2019-07-17","purchased_purges":2,"victory":false,"max_hp_per_floor":[77,71,71,71,71,71,71,71,71,71,71,71,71,71,71,71,71,71,73,73,75,75,75,75,75],"card_choices":[{"not_picked":["Outmaneuver","Acrobatics"],"picked":"Poisoned Stab","floor":1},{"not_picked":["Poisoned Stab","Prepared"],"picked":"Catalyst","floor":4},{"not_picked":["PiercingWail","Deflect","Sucker Punch"],"picked":"SKIP","floor":5},{"not_picked":["Expertise","Dagger Throw","Flechettes"],"picked":"SKIP","floor":6},{"not_picked":["Backflip","Deflect"],"picked":"Deadly Poison","floor":10},{"not_picked":["Choke","PiercingWail"],"picked":"Deadly Poison","floor":13},{"not_picked":["Underhanded Strike","Envenom"],"picked":"Bouncing Flask","floor":14},{"not_picked":["Unload","Venomology"],"picked":"Night Terror","floor":16},{"not_picked":["Finisher","Masterful Stab+1"],"picked":"Crippling Poison","floor":18},{"not_picked":["Deflect","PiercingWail","Distraction"],"picked":"Singing Bowl","floor":19},{"not_picked":["Prepared+1","Deflect"],"picked":"Backflip+1","floor":20},{"not_picked":["Underhanded Strike+1","Acrobatics","Expertise"],"picked":"Singing Bowl","floor":21},{"not_picked":["Deadly Poison","Doppelganger"],"picked":"Leg Sweep","floor":23}],"player_experience":185107,"relics_obtained":[{"floor":6,"key":"Oddly Smooth Stone"},{"floor":9,"key":"Singing Bowl"},{"floor":23,"key":"Bottled Flame"}],"event_choices":[{"damage_healed":0,"gold_gain":0,"player_choice":"Lose Max HP","damage_taken":0,"relics_obtained":["Golden Idol"],"max_hp_gain":0,"max_hp_loss":6,"event_name":"Golden Idol","floor":2,"gold_loss":0},{"damage_healed":0,"gold_gain":0,"player_choice":"Upgraded","damage_taken":0,"max_hp_gain":0,"max_hp_loss":0,"event_name":"Upgrade Shrine","floor":8,"gold_loss":0,"cards_upgraded":["Poisoned Stab"]},{"damage_healed":0,"gold_gain":0,"player_choice":"Simplicity","damage_taken":0,"max_hp_gain":0,"max_hp_loss":0,"event_name":"Back to Basics","floor":24,"gold_loss":0,"cards_upgraded":["Strike_G","Strike_G","Strike_G","Defend_G","Defend_G","Defend_G","Defend_G","Defend_G"]}],"is_beta":false,"boss_relics":[{"not_picked":["Ectoplasm","Runic Dome"],"picked":"White Beast Statue"}],"items_purged_floors":[3,12],"is_endless":false,"potions_floor_spawned":[4,10,13,18,19,20,21,23],"killed_by":"Slavers","ascension_level":3}