{"gold_per_floor":[115,127,127,138,153,183,183,213,213,239,239,268,287,130,130,227,227,247,130,130,130,140,140,158,158,158,158,158,185,205,205,205,308,608,625,638,661,54,54,54,85,85,85,95,107,132,149,149,149,149],"floor_reached":50,"playtime":2538,"items_purged":[],"score":680,"play_id":"be159494-f9b0-4cda-92bc-764aa40d9d38","local_time":"20190929223518","is_ascension_mode":true,"campfire_choices":[{"floor":7,"key":"REST"},{"floor":11,"key":"REST"},{"floor":15,"key":"REST"},{"floor":23,"key":"REST"},{"floor":25,"key":"REST"},{"data":"1","floor":28,"key":"LIFT"},{"floor":32,"key":"REST"},{"floor":40,"key":"REST"},{"floor":49,"key":"REST"}],"neow_cost":"NONE","seed_source_timestamp":696598498929626,"circlet_count":0,"master_deck":["Strike_P","Strike_P","Strike_P","Strike_P","Defend_P","Defend_P","Defend_P","Defend_P","Eruption+1","Vigilance+1","FlurryOfBlows","CutThroughFate","InnerPeace","WheelKick","FlowState","Ragnarok","JustLucky","DeusExMachina","Fasting","Night Terror","Backflip","Conclude","FlurryOfBlows","FearNoEvil","After Image","Halt+1","Pommel Strike","Headbutt","Judgement","CurseOfTheBell","BowlingBash+1","TalkToTheHand+1","Bandage Up","Finesse","Deflect+1","Devotion+1","Armaments+1","Body Slam+1"],"relics":["PureWater","Sundial","Potion Belt","Ornamental Fan","Girya","Calipers","PrismaticShard","Sozu","Juzu Bracelet","Mercury Hourglass","CloakClasp","Calling Bell","PreservedInsect","Molten Egg 2","Old Coin","Bag of Preparation","Matryoshka","Pear","InkBottle","Strawberry","Pen Nib","StrikeDummy"],"potions_floor_usage":[8,10,10,16,33,33],"damage_taken":[{"damage":0,"enemies":"2 Louse","floor":1,"turns":1},{"damage":0,"enemies":"Cultist","floor":2,"turns":2},{"damage":0,"enemies":"Small Slimes","floor":4,"turns":2},{"damage":3,"enemies":"Blue Slaver","floor":5,"turns":4},{"damage":23,"enemies":"Lagavulin","floor":6,"turns":5},{"damage":16,"enemies":"Gremlin Nob","floor":8,"turns":3},{"damage":16,"enemies":"3 Sentries","floor":10,"turns":3},{"damage":32,"enemies":"Gremlin Nob","floor":12,"turns":3},{"damage":0,"enemies":"Large Slime","floor":13,"turns":2},{"damage":28,"enemies":"The Guardian","floor":16,"turns":9},{"damage":17,"enemies":"Spheric Guardian","floor":18,"turns":4},{"damage":15,"enemies":"2 Thieves","floor":22,"turns":4},{"damage":2,"enemies":"Centurion and Healer","floor":24,"turns":7},{"damage":40,"enemies":"Slavers","floor":29,"turns":5},{"damage":3,"enemies":"3 Cultists","floor":30,"turns":4},{"damage":15,"enemies":"Collector","floor":33,"turns":6},{"damage":12,"enemies":"Orb Walker","floor":35,"turns":5},{"damage":27,"enemies":"3 Shapes","floor":36,"turns":7},{"damage":55,"enemies":"Giant Head","floor":41,"turns":8},{"damage":0,"enemies":"Maw","floor":44,"turns":7},{"damage":6,"enemies":"Writhing Mass","floor":45,"turns":6},{"damage":25,"enemies":"Reptomancer","floor":46,"turns":4},{"damage":6,"enemies":"3 Darklings","floor":47,"turns":5},{"damage":42,"enemies":"Donu and Deca","floor":50,"turns":3}],"seed_played":"-439824083584099692","potions_obtained":[{"floor":2,"key":"Fire Potion"},{"floor":4,"key":"DuplicationPotion"},{"floor":6,"key":"Strength Potion"},{"floor":10,"key":"EssenceOfSteel"},{"floor":13,"key":"Fire Potion"},{"floor":16,"key":"Dexterity Potion"}],"is_trial":false,"path_per_floor":["M","M","?","M","M","E","R","E","T","E","R","E","M","$","R","B",null,"M","$","?","?","M","R","M","R","T","T","R","E","M","?","R","B",null,"M","M","T","$","?","R","E","?","T","M","M","E","M","?","R","B"],"character_chosen":"WATCHER","items_purchased":["PrismaticShard","Conclude","FlurryOfBlows","Bandage Up","Matryoshka","Pear"],"campfire_rested":8,"item_purchase_floors":[14,19,19,38,38,38],"current_hp_per_floor":[72,72,72,72,69,46,67,51,51,35,56,24,24,24,45,17,72,55,55,55,42,27,50,48,71,71,71,71,31,28,21,44,29,77,65,38,38,48,48,74,23,23,30,34,32,11,9,9,36,0],"gold":149,"neow_bonus":"UPGRADE_CARD","is_prod":false,"is_daily":false,"chose_seed":false,"campfire_upgraded":0,"win_rate":0,"timestamp":1569821718,"path_taken":["M","M","?","?","M","E","R","E","T","E","R","E","M","$","R","BOSS","M","$","?","?","M","R","M","R","T","?","R","E","M","?","R","BOSS","M","M","?","$","?","R","E","?","T","M","M","E","M","?","R","BOSS"],"build_version":"2019-09-27","purchased_purges":0,"victory":false,"max_hp_per_floor":[72,72,72,72,72,72,72,72,72,72,72,72,72,72,72,72,72,72,72,72,77,77,77,77,77,77,77,77,77,77,77,77,77,77,77,77,77,87,87,87,87,83,90,90,90,90,90,90,90,90],"card_choices":[{"not_picked":["Prostrate","EmptyFist"],"picked":"FlurryOfBlows","floor":1},{"not_picked":["EmptyFist","FlyingSleeves"],"picked":"CutThroughFate","floor":2},{"not_picked":["EmptyBody","PathToVictory"],"picked":"InnerPeace","floor":4},{"not_picked":["ThirdEye","FlurryOfBlows"],"picked":"WheelKick","floor":5},{"not_picked":["WindmillStrike","Crescendo"],"picked":"FlowState","floor":6},{"not_picked":["Tantrum","MasterReality"],"picked":"Ragnarok","floor":8},{"not_picked":["MasterReality","Indignation"],"picked":"JustLucky","floor":10},{"not_picked":["FollowUp","FlyingSleeves"],"picked":"DeusExMachina","floor":12},{"not_picked":["ClearTheMind","SashWhip"],"picked":"Fasting","floor":13},{"not_picked":["Wraith Form v2","Barricade"],"picked":"Night Terror","floor":16},{"not_picked":["Prostrate","Crescendo"],"picked":"Backflip","floor":18},{"not_picked":["Headbutt","Sucker Punch"],"picked":"After Image","floor":22},{"not_picked":["SashWhip+1","Protect"],"picked":"Halt+1","floor":24},{"not_picked":["Defragment","Storm"],"picked":"Pommel Strike","floor":29},{"not_picked":["Quick Slash","EmptyBody"],"picked":"Headbutt","floor":30},{"not_picked":["All For One","Venomology"],"picked":"Judgement","floor":33},{"not_picked":["Cold Snap+1","SashWhip+1"],"picked":"BowlingBash+1","floor":35},{"not_picked":["BowlingBash+1","Deflect"],"picked":"TalkToTheHand+1","floor":36},{"not_picked":["Thinking Ahead","Secret Technique"],"picked":"Finesse","floor":39},{"not_picked":["Second Wind","Scrawl+1"],"picked":"Deflect+1","floor":41},{"not_picked":["Twin Strike+1","Slice+1"],"picked":"Devotion+1","floor":44},{"not_picked":["Disarm+1","Sweeping Beam+1"],"picked":"Armaments+1","floor":45},{"not_picked":["EmptyBody","Beam Cell+1","Secret Weapon"],"picked":"SKIP","floor":46},{"not_picked":["Sanctity+1","Evaluate"],"picked":"Body Slam+1","floor":47}],"player_experience":65361,"relics_obtained":[{"floor":6,"key":"Sundial"},{"floor":8,"key":"Potion Belt"},{"floor":9,"key":"Ornamental Fan"},{"floor":10,"key":"Girya"},{"floor":12,"key":"Calipers"},{"floor":26,"key":"Juzu Bracelet"},{"floor":27,"key":"Mercury Hourglass"},{"floor":29,"key":"CloakClasp"},{"floor":34,"key":"PreservedInsect"},{"floor":34,"key":"Molten Egg 2"},{"floor":34,"key":"Old Coin"},{"floor":37,"key":"Bag of Preparation"},{"floor":41,"key":"InkBottle"},{"floor":43,"key":"Strawberry"},{"floor":43,"key":"Pen Nib"},{"floor":46,"key":"StrikeDummy"}],"event_choices":[{"damage_healed":0,"gold_gain":0,"player_choice":"Upgraded","damage_taken":0,"max_hp_gain":0,"max_hp_loss":0,"event_name":"Upgrade Shrine","floor":3,"gold_loss":0,"cards_upgraded":["Vigilance"]},{"damage_healed":0,"gold_gain":0,"player_choice":"Read","damage_taken":0,"max_hp_gain":0,"max_hp_loss":0,"event_name":"The Library","floor":20,"gold_loss":0,"cards_obtained":["FearNoEvil"]},{"damage_healed":0,"gold_gain":0,"player_choice":"Shed Blood","damage_taken":18,"max_hp_gain":5,"max_hp_loss":0,"event_name":"Forgotten Altar","floor":21,"gold_loss":0},{"damage_healed":0,"gold_gain":0,"player_choice":"Damaged","damage_taken":7,"max_hp_gain":0,"max_hp_loss":0,"event_name":"Wheel of Change","floor":31,"gold_loss":0},{"damage_healed":0,"gold_gain":0,"player_choice":"Memory 1","damage_taken":0,"max_hp_gain":0,"max_hp_loss":0,"event_name":"SensoryStone","floor":39,"gold_loss":0},{"damage_healed":0,"gold_gain":0,"player_choice":"Max HP","damage_taken":0,"max_hp_gain":0,"max_hp_loss":4,"event_name":"Winding Halls","floor":42,"gold_loss":0},{"damage_healed":0,"gold_gain":0,"player_choice":"Ignored","damage_taken":0,"max_hp_gain":0,"max_hp_loss":0,"event_name":"Mysterious Sphere","floor":48,"gold_loss":0}],"is_beta":true,"boss_relics":[{"not_picked":["Tiny House","Philosopher\u0027s Stone"],"picked":"Sozu"},{"not_picked":["Black Star","Coffee Dripper"],"picked":"Calling Bell"}],"items_purged_floors":[],"is_endless":false,"potions_floor_spawned":[2,4,6,10,13,16,24,29,30,35,44,45,46],"killed_by":"Donu and Deca","ascension_level":3}