{"gold_per_floor":[109,109,123,123,146,146,190,16,16,16,34,58,76,76,76,197,197,212,0,100,124,3,41,55,55,82,82],"floor_reached":27,"playtime":1701,"items_purged":["Injury"],"score":233,"play_id":"783d0f6d-71de-4acb-8c15-d0d2a21cae00","local_time":"20190914161941","is_ascension_mode":false,"campfire_choices":[{"data":"Genetic Algorithm","floor":6,"key":"SMITH"},{"floor":10,"key":"REST"},{"data":"Hologram","floor":15,"key":"SMITH"},{"data":"Echo Form","floor":25,"key":"SMITH"}],"neow_cost":"NONE","seed_source_timestamp":941300803825100,"circlet_count":0,"master_deck":["Strike_B","Strike_B","Strike_B","Strike_B","Defend_B","Defend_B+1","Defend_B","Defend_B","Zap","Dualcast+1","Gash","Genetic Algorithm+1","Reprogram","BootSequence","Go for the Eyes","Streamline","Hologram+1","Leap+1","All For One","Echo Form+1","Beam Cell+1","FTL","Buffer"],"relics":["Cracked Core","Golden Idol","Darkstone Periapt","Bottled Lightning","Omamori","SlaversCollar","War Paint","Happy Flower"],"potions_floor_usage":[16,16,23,23],"damage_taken":[{"damage":0,"enemies":"2 Louse","floor":1,"turns":2},{"damage":1,"enemies":"Jaw Worm","floor":3,"turns":4},{"damage":0,"enemies":"Small Slimes","floor":5,"turns":2},{"damage":51,"enemies":"Gremlin Nob","floor":7,"turns":5},{"damage":2,"enemies":"Blue Slaver","floor":11,"turns":3},{"damage":0,"enemies":"3 Louse","floor":12,"turns":4},{"damage":0,"enemies":"Red Slaver","floor":13,"turns":3},{"damage":21,"enemies":"Hexaghost","floor":16,"turns":11},{"damage":13,"enemies":"2 Thieves","floor":18,"turns":5},{"damage":18,"enemies":"3 Byrds","floor":21,"turns":6},{"damage":3,"enemies":"Gremlin Leader","floor":23,"turns":5},{"damage":26,"enemies":"Snake Plant","floor":24,"turns":5},{"damage":37,"enemies":"3 Cultists","floor":27,"turns":5}],"seed_played":"-8212461703204590612","potions_obtained":[{"floor":7,"key":"Swift Potion"},{"floor":11,"key":"SteroidPotion"},{"floor":21,"key":"Regen Potion"}],"is_trial":false,"path_per_floor":["M","?","M","?","M","R","E","$","T","R","M","M","M","?","R","B",null,"M","?","?","M","$","E","M","R","T","M"],"character_chosen":"DEFECT","items_purchased":["Go for the Eyes","Streamline","Buffer","Explosive Potion"],"campfire_rested":1,"item_purchase_floors":[8,8,22,22],"current_hp_per_floor":[75,75,74,79,79,79,28,28,28,52,50,50,50,32,32,11,80,67,67,67,49,49,58,32,32,32,0],"gold":82,"neow_bonus":"UPGRADE_CARD","is_prod":false,"is_daily":false,"chose_seed":false,"campfire_upgraded":3,"win_rate":0,"timestamp":1568495981,"path_taken":["M","?","M","?","M","R","E","$","T","R","M","M","?","?","R","BOSS","M","?","?","?","$","E","M","R","T","M"],"build_version":"2019-09-12","purchased_purges":1,"victory":false,"max_hp_per_floor":[75,75,75,80,80,80,80,80,80,80,80,80,80,80,80,80,80,80,80,80,80,80,80,80,80,80,80],"card_choices":[{"not_picked":["Go for the Eyes","Cold Snap"],"picked":"Gash","floor":1},{"not_picked":["Sweeping Beam","Reinforced Body"],"picked":"Genetic Algorithm","floor":3},{"not_picked":["Fusion","Streamline"],"picked":"Reprogram","floor":5},{"not_picked":["Streamline","Doom and Gloom"],"picked":"BootSequence","floor":7},{"not_picked":["Leap","Ball Lightning"],"picked":"Hologram","floor":11},{"not_picked":["Undo","Coolheaded"],"picked":"Leap","floor":12},{"not_picked":["Hologram","Steam"],"picked":"All For One","floor":13},{"not_picked":["Amplify","Machine Learning"],"picked":"Echo Form","floor":16},{"not_picked":["Rebound","Turbo"],"picked":"Beam Cell+1","floor":18},{"not_picked":["Coolheaded","Leap"],"picked":"FTL","floor":21},{"not_picked":["Double Energy","Darkness","Compile Driver"],"picked":"SKIP","floor":23},{"not_picked":["Reboot","Cold Snap","White Noise"],"picked":"SKIP","floor":24}],"player_experience":279801,"relics_obtained":[{"floor":7,"key":"Darkstone Periapt"},{"floor":9,"key":"Bottled Lightning"},{"floor":23,"key":"War Paint"},{"floor":26,"key":"Happy Flower"}],"event_choices":[{"damage_healed":0,"gold_gain":0,"player_choice":"Take Wound","damage_taken":0,"relics_obtained":["Golden Idol"],"max_hp_gain":0,"max_hp_loss":0,"event_name":"Golden Idol","floor":2,"gold_loss":0,"cards_obtained":["Injury"]},{"damage_healed":0,"gold_gain":0,"player_choice":"Donut","damage_taken":0,"max_hp_gain":5,"max_hp_loss":0,"event_name":"Big Fish","floor":4,"gold_loss":0},{"damage_healed":0,"gold_gain":0,"player_choice":"Success","damage_taken":18,"relics_obtained":["Omamori"],"max_hp_gain":0,"max_hp_loss":0,"event_name":"Scrap Ooze","floor":14,"gold_loss":0},{"damage_healed":0,"gold_gain":0,"player_choice":"Paid Fearfully","damage_taken":0,"max_hp_gain":0,"max_hp_loss":0,"event_name":"Masked Bandits","floor":19,"gold_loss":212},{"damage_healed":0,"gold_gain":100,"player_choice":"Pray","damage_taken":0,"max_hp_gain":0,"max_hp_loss":0,"event_name":"Golden Shrine","floor":20,"gold_loss":0}],"is_beta":true,"boss_relics":[{"not_picked":["Inserter","Coffee Dripper"],"picked":"SlaversCollar"}],"items_purged_floors":[8],"is_endless":false,"potions_floor_spawned":[7,11,21],"killed_by":"3 Cultists","ascension_level":0}