{"path_per_floor":["M","M","M","$","M","R","E","?","T","R","M","M","M","M","R","B",null,"M","?"],"character_chosen":"THE_SILENT","items_purchased":["Well Laid Plans","Bouncing Flask"],"gold_per_floor":[116,135,154,2,16,16,49,49,49,49,61,78,94,112,112,214,214,227,227,227],"floor_reached":20,"campfire_rested":2,"playtime":8590,"item_purchase_floors":[4,4],"current_hp_per_floor":[63,63,63,63,44,44,26,26,26,47,43,31,29,18,39,20,58,20,20,13],"items_purged":[],"gold":227,"score":231,"play_id":"96d82803-00b3-46af-b35a-abf68244ec4b","local_time":"20180528014919","is_prod":false,"is_daily":false,"chose_seed":false,"is_ascension_mode":true,"campfire_upgraded":1,"win_rate":0,"timestamp":1527497359,"campfire_choices":[{"data":"Catalyst","floor":6,"key":"SMITH"},{"floor":10,"key":"REST"},{"floor":15,"key":"REST"}],"path_taken":["M","M","M","$","M","R","E","?","T","R","M","M","?","M","R","BOSS","M","?","M"],"build_version":"2018-05-24","seed_source_timestamp":11270806404741,"purchased_purges":0,"victory":false,"master_deck":["Defend_G","Defend_G","Defend_G","Defend_G","Defend_G","Strike_G","Strike_G","Strike_G","Strike_G","Strike_G","Survivor","Neutralize","Infinite Blades","Acrobatics","Infinite Blades","Deflect","Well Laid Plans","Bouncing Flask","Catalyst+1","PiercingWail+1","Accuracy","Blur+1","Malaise+1","Envenom","Backflip+1"],"max_hp_per_floor":[70,70,70,70,70,70,70,70,70,70,70,70,70,70,70,70,70,70,70,70],"relics":["Ring of the Snake","Toxic Egg 2","Blue Candle"],"card_choices":[{"not_picked":["Bane","Caltrops"],"picked":"Infinite Blades","floor":0},{"not_picked":["Dagger Spray","PiercingWail"],"picked":"Acrobatics","floor":1},{"not_picked":["Quick Slash","Deadly Poison"],"picked":"Infinite Blades","floor":2},{"not_picked":["Terror","Blade Dance"],"picked":"Deflect","floor":3},{"not_picked":["Predator","Poisoned Stab"],"picked":"Catalyst","floor":5},{"not_picked":["Well Laid Plans","Catalyst"],"picked":"PiercingWail","floor":7},{"not_picked":["Malaise+1","Outmaneuver+1"],"picked":"Accuracy","floor":11},{"not_picked":["Night Terror+1","Catalyst+1"],"picked":"Blur+1","floor":12},{"not_picked":["Quick Slash","Slice","Distraction+1"],"picked":"SKIP","floor":13},{"not_picked":["Slice","Bane"],"picked":"Malaise+1","floor":14},{"not_picked":["Night Terror+1","Storm of Steel+1"],"picked":"Envenom","floor":16},{"not_picked":["Deadly Poison+1","Blade Dance+1"],"picked":"Backflip+1","floor":18}],"player_experience":414718,"potions_floor_usage":[7,12,14,16],"damage_taken":[{"damage":0,"enemies":"Small Slimes","floor":1,"turns":5},{"damage":0,"enemies":"2 Louse","floor":2,"turns":4},{"damage":0,"enemies":"Cultist","floor":3,"turns":4},{"damage":19,"enemies":"Exordium Thugs","floor":5,"turns":7},{"damage":18,"enemies":"3 Sentries","floor":7,"turns":6},{"damage":4,"enemies":"2 Fungi Beasts","floor":11,"turns":5},{"damage":12,"enemies":"Exordium Wildlife","floor":12,"turns":4},{"damage":2,"enemies":"Large Slime","floor":13,"turns":8},{"damage":11,"enemies":"Lots of Slimes","floor":14,"turns":7},{"damage":19,"enemies":"Hexaghost","floor":16,"turns":8},{"damage":38,"enemies":"3 Byrds","floor":18,"turns":7},{"damage":7,"enemies":"Spheric Guardian","floor":20,"turns":4}],"relics_obtained":[{"floor":7,"key":"Toxic Egg 2"},{"floor":9,"key":"Blue Candle"}],"event_choices":[{"event_name":"Scrap Ooze","player_choice":"unsuccessful","floor":8,"damage_taken":0},{"event_name":"Ghosts","player_choice":"Ignored","floor":19,"damage_taken":0}],"boss_relics":[{"not_picked":["Velvet Choker","Calling Bell","Snecko Eye"]}],"items_purged_floors":[],"potions_floor_spawned":[5,7,11,13,14,16],"seed_played":"-1270934140998576142","killed_by":"Spheric Guardian","ascension_level":6,"potions_obtained":[{"floor":5,"key":"Fire Potion"},{"floor":7,"key":"Ancient Potion"},{"floor":11,"key":"Explosive Potion"},{"floor":13,"key":"Block Potion"},{"floor":14,"key":"AttackPotion"}],"is_trial":false}