{"gold_per_floor":[116,116,63,81,100,134,134,167,167,179,193,207,207,235,235,339,339,359,359,378,388,388,413,413,413,438,88,88,108,143,163,163,265,265,284,302,31,41,41,68,80,80,128,228,6,6,37,47,47,47],"floor_reached":51,"playtime":5532,"items_purged":["Shame","Defend_B","Doubt"],"score":1040,"play_id":"50dbd7ae-bd99-42f2-a60b-b3944047b152","local_time":"20190820152613","is_ascension_mode":true,"campfire_choices":[{"data":"Coolheaded","floor":7,"key":"SMITH"},{"data":"Hologram","floor":13,"key":"SMITH"},{"data":"Reprogram","floor":15,"key":"SMITH"},{"data":"Beam Cell","floor":24,"key":"SMITH"},{"data":"Echo Form","floor":28,"key":"SMITH"},{"data":"All For One","floor":32,"key":"SMITH"},{"data":"Apotheosis","floor":46,"key":"SMITH"},{"data":"Beam Cell","floor":49,"key":"SMITH"}],"neow_cost":"NONE","seed_source_timestamp":392578162015100,"circlet_count":0,"master_deck":["Strike_B","Defend_B","Defend_B","Defend_B","Zap","Dualcast","Gash","Coolheaded+1","Gash","Rebound","Auto Shields","Leap","Reprogram+1","Hologram+1","Gash","Core Surge","All For One+1","Beam Cell+1","Cold Snap","Ghostly","Ghostly","Ghostly","Ghostly","Ghostly","Echo Form+1","Beam Cell+1","Beam Cell+1","FTL+1","Apotheosis+1","Self Repair","Beam Cell+1"],"relics":["Cracked Core","Vajra","Pear","Mango","Gambling Chip","Blue Candle","Cursed Key","The Courier","Bag of Preparation","Juzu Bracelet","Sling","DataDisk","Empty Cage","Emotion Chip","Orichalcum","Thread and Needle","Bag of Marbles","Strawberry"],"potions_floor_usage":[6,8,8,16,21,31,31,36,40,40,50,50,50],"damage_taken":[{"damage":1,"enemies":"Cultist","floor":1,"turns":3},{"damage":2,"enemies":"Small Slimes","floor":4,"turns":4},{"damage":0,"enemies":"2 Louse","floor":5,"turns":2},{"damage":16,"enemies":"Lagavulin","floor":6,"turns":5},{"damage":3,"enemies":"3 Sentries","floor":8,"turns":6},{"damage":9,"enemies":"Exordium Wildlife","floor":10,"turns":3},{"damage":0,"enemies":"Gremlin Gang","floor":11,"turns":4},{"damage":11,"enemies":"3 Louse","floor":12,"turns":2},{"damage":5,"enemies":"Gremlin Nob","floor":14,"turns":3},{"damage":9,"enemies":"Hexaghost","floor":16,"turns":9},{"damage":8,"enemies":"Shell Parasite","floor":18,"turns":4},{"damage":8,"enemies":"2 Thieves","floor":20,"turns":3},{"damage":0,"enemies":"Sentry and Sphere","floor":21,"turns":3},{"damage":4,"enemies":"Slavers","floor":23,"turns":7},{"damage":1,"enemies":"3 Cultists","floor":29,"turns":6},{"damage":5,"enemies":"Book of Stabbing","floor":30,"turns":6},{"damage":0,"enemies":"Snake Plant","floor":31,"turns":4},{"damage":0,"enemies":"Collector","floor":33,"turns":7},{"damage":1,"enemies":"Orb Walker","floor":35,"turns":3},{"damage":15,"enemies":"3 Darklings","floor":36,"turns":5},{"damage":0,"enemies":"Transient","floor":38,"turns":5},{"damage":24,"enemies":"Reptomancer","floor":40,"turns":4},{"damage":2,"enemies":"Jaw Worm Horde","floor":41,"turns":5},{"damage":5,"enemies":"Mind Bloom Boss Battle","floor":44,"turns":6},{"damage":0,"enemies":"Nemesis","floor":47,"turns":3},{"damage":2,"enemies":"Sphere and 2 Shapes","floor":48,"turns":4},{"damage":19,"enemies":"Awakened One","floor":50,"turns":7}],"seed_played":"-1354583551780717163","potions_obtained":[{"floor":4,"key":"SteroidPotion"},{"floor":5,"key":"SteroidPotion"},{"floor":6,"key":"PowerPotion"},{"floor":12,"key":"LiquidBronze"},{"floor":16,"key":"Fire Potion"},{"floor":20,"key":"Strength Potion"},{"floor":29,"key":"Ancient Potion"},{"floor":30,"key":"Regen Potion"},{"floor":31,"key":"FearPotion"},{"floor":33,"key":"Energy Potion"},{"floor":35,"key":"Strength Potion"},{"floor":40,"key":"Poison Potion"},{"floor":44,"key":"SneckoOil"},{"floor":47,"key":"Swift Potion"},{"floor":48,"key":"SteroidPotion"}],"is_trial":false,"path_per_floor":["M","?","$","M","M","E","R","E","T","M","M","M","R","E","R","B",null,"M","?","M","M","?","E","R","T","T","$","R","M","E","M","R","B",null,"M","M","$","M","$","E","M","?","T","?","$","R","E","M","R","B",null],"character_chosen":"DEFECT","items_purchased":["Coolheaded","Echo Form","Sling","Apotheosis","Self Repair","Bag of Marbles"],"campfire_rested":0,"item_purchase_floors":[3,27,27,37,37,45],"current_hp_per_floor":[74,74,74,72,72,66,66,77,77,68,68,57,57,52,52,43,85,77,77,69,69,49,45,45,45,45,45,45,44,39,39,39,39,47,46,40,40,49,49,32,49,49,49,44,44,44,56,54,54,35],"gold":47,"neow_bonus":"RANDOM_COMMON_RELIC","is_prod":false,"is_daily":false,"chose_seed":false,"campfire_upgraded":8,"win_rate":0,"timestamp":1566332773,"path_taken":["M","?","$","M","M","E","R","E","T","M","?","M","R","E","R","BOSS","M","?","?","M","?","E","R","?","T","$","R","M","E","M","R","BOSS","M","M","$","M","$","E","M","?","T","?","$","R","E","M","R","BOSS"],"build_version":"2019-07-17","purchased_purges":3,"victory":true,"max_hp_per_floor":[75,75,75,75,75,85,85,99,99,99,99,99,99,99,99,99,99,99,99,99,99,49,49,49,49,49,49,49,49,49,49,49,49,49,49,49,49,49,49,49,49,49,49,49,49,49,56,56,56,56],"card_choices":[{"not_picked":["Beam Cell","Stack"],"picked":"Gash","floor":1},{"not_picked":["Barrage","Compile Driver"],"picked":"Gash","floor":4},{"not_picked":["Conserve Battery","Sweeping Beam"],"picked":"Rebound","floor":5},{"not_picked":["Darkness","Barrage"],"picked":"Auto Shields","floor":6},{"not_picked":["Compile Driver","Rebound"],"picked":"Leap","floor":8},{"not_picked":["Reinforced Body","Force Field"],"picked":"Reprogram","floor":10},{"not_picked":["Fusion","Rebound"],"picked":"Hologram","floor":11},{"not_picked":["Storm","Barrage"],"picked":"Gash","floor":12},{"not_picked":["Streamline","Consume"],"picked":"Core Surge","floor":14},{"not_picked":["Seek","Amplify"],"picked":"All For One","floor":16},{"not_picked":["Storm","Reprogram"],"picked":"Beam Cell","floor":18},{"not_picked":["Force Field","Go for the Eyes","Doom and Gloom"],"picked":"SKIP","floor":20},{"not_picked":["Stack","Turbo","Rip and Tear"],"picked":"SKIP","floor":21},{"not_picked":["Ball Lightning","Rebound","Go for the Eyes"],"picked":"SKIP","floor":23},{"not_picked":["Turbo+1","Rebound+1","Coolheaded"],"picked":"SKIP","floor":29},{"not_picked":["Core Surge","Stack+1"],"picked":"Beam Cell+1","floor":30},{"not_picked":["Storm","Heatsinks+1","Go for the Eyes"],"picked":"SKIP","floor":31},{"not_picked":["FTL","Consume+1"],"picked":"Beam Cell","floor":35},{"not_picked":["Ball Lightning","Redo+1"],"picked":"FTL+1","floor":36},{"not_picked":["Sweeping Beam+1","Undo+1","Beam Cell+1"],"picked":"SKIP","floor":38},{"not_picked":["Turbo+1","Rip and Tear+1","Biased Cognition"],"picked":"SKIP","floor":40},{"not_picked":["Loop","White Noise+1","Stack"],"picked":"SKIP","floor":41},{"not_picked":["Rebound","Redo"],"picked":"Beam Cell+1","floor":47},{"not_picked":["Recycle+1","Double Energy+1","Compile Driver+1"],"picked":"SKIP","floor":48}],"player_experience":190535,"relics_obtained":[{"floor":6,"key":"Pear"},{"floor":8,"key":"Mango"},{"floor":9,"key":"Gambling Chip"},{"floor":14,"key":"Blue Candle"},{"floor":23,"key":"The Courier"},{"floor":25,"key":"Bag of Preparation"},{"floor":26,"key":"Juzu Bracelet"},{"floor":30,"key":"DataDisk"},{"floor":40,"key":"Emotion Chip"},{"floor":43,"key":"Orichalcum"},{"floor":44,"key":"Thread and Needle"},{"floor":47,"key":"Strawberry"}],"event_choices":[{"cards_removed":["Strike_B"],"damage_healed":0,"gold_gain":0,"player_choice":"Purged","damage_taken":0,"max_hp_gain":0,"max_hp_loss":0,"event_name":"Purifier","floor":2,"gold_loss":0},{"damage_healed":0,"gold_gain":0,"cards_transformed":["Strike_B"],"player_choice":"Transformed","damage_taken":0,"max_hp_gain":0,"max_hp_loss":0,"event_name":"Transmorgrifier","floor":19,"gold_loss":0,"cards_obtained":["Cold Snap"]},{"damage_healed":0,"gold_gain":0,"player_choice":"Became a Ghost","damage_taken":0,"max_hp_gain":0,"max_hp_loss":50,"event_name":"Ghosts","floor":22,"gold_loss":0,"cards_obtained":["Ghostly","Ghostly","Ghostly","Ghostly","Ghostly"]},{"damage_healed":0,"gold_gain":0,"player_choice":"Memory 1","damage_taken":0,"max_hp_gain":0,"max_hp_loss":0,"event_name":"SensoryStone","floor":42,"gold_loss":0},{"damage_healed":0,"gold_gain":0,"player_choice":"Fight","damage_taken":0,"max_hp_gain":0,"max_hp_loss":0,"event_name":"MindBloom","floor":44,"gold_loss":0}],"is_beta":false,"boss_relics":[{"not_picked":["Orrery","Philosopher\u0027s Stone"],"picked":"Cursed Key"},{"not_picked":["Inserter","Nuclear Battery"],"picked":"Empty Cage"}],"items_purged_floors":[27,37,45],"is_endless":false,"potions_floor_spawned":[4,5,6,12,16,20,29,30,31,33,35,40,44,47,48],"ascension_level":5}