{"gold_per_floor":[15,29,29,29,29,29,59,59,59,87,117,129,141,153,165,275,287,318,330],"floor_reached":19,"playtime":789,"items_purged":[],"score":199,"play_id":"cbd126bf-bbf2-4aed-a5a4-4902f10107a1","local_time":"20191005125129","is_ascension_mode":true,"campfire_choices":[{"data":"Eruption","floor":6.0,"key":"SMITH"},{"floor":8.0,"key":"REST"},{"floor":12.0,"key":"REST"},{"data":"Evaluate","floor":15.0,"key":"SMITH"}],"neow_cost":"NO_GOLD","seed_source_timestamp":0,"circlet_count":0,"master_deck":["Strike_P","Strike_P","Strike_P+1","Strike_P+1","Defend_P","Defend_P","Defend_P","Defend_P","Eruption+1","Vigilance","EmptyMind","WaveOfTheHand","WheelKick","Evaluate+1","Consecrate+1","LessonLearned","BowlingBash"],"special_seed":0,"relics":["PureWater","FossilizedHelix","Darkstone Periapt","Mummified Hand","MawBank","VioletLotus"],"potions_floor_usage":[],"damage_taken":[{"damage":0.0,"enemies":"2 Louse","floor":1.0,"turns":2.0},{"damage":0.0,"enemies":"Small Slimes","floor":2.0,"turns":4.0},{"damage":30.0,"enemies":"3 Sentries","floor":7.0,"turns":8.0},{"damage":40.0,"enemies":"Lagavulin","floor":10.0,"turns":6.0},{"damage":0.0,"enemies":"Jaw Worm","floor":11.0,"turns":4.0},{"damage":30.0,"enemies":"Slime Boss","floor":16.0,"turns":8.0},{"damage":32,"enemies":"Chosen","floor":18,"turns":6},{"damage":42,"enemies":"3 Byrds","floor":19,"turns":4}],"seed_played":"8207712099782962899","potions_obtained":[{"floor":2.0,"key":"Weak Potion"},{"floor":7.0,"key":"DuplicationPotion"},{"floor":10.0,"key":"Dexterity Potion"}],"is_trial":false,"path_per_floor":["M","M","$","?","?","R","E","R","T","E","M","R","$","?","R","B",null,"M","M"],"character_chosen":"WATCHER","items_purchased":[],"campfire_rested":2,"item_purchase_floors":[],"current_hp_per_floor":[72,72,72,72,72,72,42,63,63,23,23,44,44,44,44,14,72,40,0],"gold":330,"neow_bonus":"ONE_RARE_RELIC","is_prod":false,"is_daily":false,"chose_seed":false,"campfire_upgraded":2,"win_rate":0,"timestamp":1570305089,"path_taken":["M","M","$","?","?","R","E","R","T","E","M","R","?","?","R","BOSS","M","M"],"build_version":"2019-10-04","purchased_purges":0,"victory":false,"max_hp_per_floor":[72,72,72,72,72,72,72,72,72,72,72,72,72,72,72,72,72,72,72],"card_choices":[{"not_picked":["SashWhip","CrushJoints"],"picked":"EmptyMind","floor":1.0},{"not_picked":["Crescendo","InnerPeace"],"picked":"WaveOfTheHand","floor":2.0},{"not_picked":["FollowUp","ForeignInfluence"],"picked":"WheelKick","floor":7.0},{"not_picked":["Prostrate","CutThroughFate"],"picked":"Evaluate","floor":10.0},{"not_picked":["EmptyBody","PathToVictory"],"picked":"Consecrate","floor":11.0},{"not_picked":["Blasphemy","Devotion"],"picked":"LessonLearned","floor":16.0},{"not_picked":["WindmillStrike","Swivel"],"picked":"BowlingBash","floor":18}],"player_experience":74710,"relics_obtained":[{"floor":7.0,"key":"Darkstone Periapt"},{"floor":9.0,"key":"Mummified Hand"},{"floor":10.0,"key":"MawBank"}],"event_choices":[{"damage_healed":0.0,"max_hp_gain":0.0,"max_hp_loss":0.0,"gold_gain":0.0,"event_name":"Golden Idol","player_choice":"Ignored","floor":4.0,"gold_loss":0.0,"damage_taken":0.0},{"damage_healed":0.0,"max_hp_gain":0.0,"max_hp_loss":0.0,"gold_gain":0.0,"event_name":"Liars Game","player_choice":"Ignored","floor":5.0,"gold_loss":0.0,"damage_taken":0.0},{"damage_healed":0.0,"max_hp_gain":0.0,"max_hp_loss":0.0,"gold_gain":0.0,"event_name":"Living Wall","player_choice":"Grow","floor":14.0,"gold_loss":0.0,"damage_taken":0.0,"cards_upgraded":["Consecrate"]}],"is_beta":true,"boss_relics":[{"not_picked":["Busted Crown","SacredBark"],"picked":"VioletLotus"}],"items_purged_floors":[],"is_endless":false,"potions_floor_spawned":[2,7,10],"killed_by":"3 Byrds","ascension_level":3}