{"path_per_floor":["M","M","M","T","?","R","E","R","T","M","M","?","?","$","R","B",null,"M","$","M","?","$","R","M","$","T","M","R","E","M","M","R","B",null,"M","M"],"character_chosen":"IRONCLAD","items_purchased":["Shrug It Off","Pommel Strike","Matryoshka","Letter Opener","Flex","Metallicize"],"gold_per_floor":[110,123,140,163,238,238,570,570,618,634,644,744,744,92,92,217,217,193,93,109,109,62,62,86,12,12,36,36,70,90,105,105,235,235,251,267,267],"floor_reached":37,"campfire_rested":1,"playtime":5673,"current_hp_per_floor":[88,84,87,87,76,76,47,47,47,35,36,36,36,36,64,30,94,93,93,97,97,97,97,100,100,100,87,87,91,85,89,89,18,110,79,74,0],"items_purged":["Strike_R","Strike_R"],"gold":267,"score":466,"play_id":"15e91566-cc30-4bed-892f-e0991f9c721f","local_time":"20180425222612","is_prod":false,"is_daily":false,"chose_seed":false,"is_ascension_mode":false,"campfire_upgraded":5,"timestamp":1524720372,"path_taken":["M","M","M","?","?","R","E","R","T","M","M","?","?","$","R","BOSS","M","$","M","?","$","R","M","$","T","?","R","E","M","M","R","BOSS","M","M","?"],"build_version":"2018-04-19","seed_source_timestamp":0,"purchased_purges":2,"victory":false,"master_deck":["Defend_R","Defend_R","Defend_R","Bash","Flame Barrier+1","Pommel Strike+1","Ghostly Armor+1","Feed","Spot Weakness","Sever Soul","Shrug It Off+1","Pommel Strike","Impervious","True Grit+1","Fire Breathing+1","Rampage+1","Shrug It Off+1","Flex","Iron Wave","Metallicize","Twin Strike","Cleave","Limit Break","Parasite","Pain","Whirlwind","True Grit+1"],"max_hp_per_floor":[88,88,88,88,88,88,88,88,88,91,94,94,94,94,94,94,94,97,97,97,97,97,97,100,100,100,100,100,110,110,110,110,110,110,113,113,113],"relics":["Burning Blood","Omamori","Old Coin","Ancient Tea Set","Golden Idol","Matryoshka","Letter Opener","Astrolabe","Bronze Scales","Mummified Hand","Pear","Calling Bell","Bag of Preparation","Ornamental Fan","Peace Pipe"],"card_choices":[{"not_picked":["Twin Strike","Dropkick"],"picked":"Flame Barrier","floor":1.0},{"not_picked":["Flame Barrier","Warcry"],"picked":"Pommel Strike","floor":2.0},{"not_picked":["Sword Boomerang","Clash"],"picked":"Ghostly Armor","floor":3.0},{"not_picked":["Headbutt","Ghostly Armor"],"picked":"Feed","floor":7.0},{"not_picked":["Thunderclap","Heavy Blade"],"picked":"Spot Weakness","floor":10.0},{"not_picked":["Corruption","Heavy Blade"],"picked":"Sever Soul","floor":11.0},{"not_picked":["Fiend Fire","Reaper"],"picked":"Impervious","floor":16.0},{"not_picked":["Sword Boomerang","Pommel Strike"],"picked":"Shrug It Off","floor":20.0},{"not_picked":["Warcry","Disarm"],"picked":"Iron Wave","floor":24.0},{"not_picked":["Juggernaut","Reckless Charge"],"picked":"Twin Strike","floor":27.0},{"not_picked":["Pommel Strike","Headbutt"],"picked":"Cleave","floor":30},{"not_picked":["Double Tap","Dark Embrace"],"picked":"Limit Break","floor":33},{"not_picked":["Clothesline","Seeing Red"],"picked":"Whirlwind","floor":35},{"not_picked":["Clash","Power Through"],"picked":"True Grit","floor":36}],"player_experience":26512,"potions_floor_usage":[33],"damage_taken":[{"damage":3.0,"enemies":"Cultist","floor":1.0,"turns":5.0},{"damage":10.0,"enemies":"Small Slimes","floor":2.0,"turns":4.0},{"damage":3.0,"enemies":"2 Louse","floor":3.0,"turns":3.0},{"damage":35.0,"enemies":"Lagavulin","floor":7.0,"turns":11.0},{"damage":21.0,"enemies":"Exordium Thugs","floor":10.0,"turns":9.0},{"damage":8.0,"enemies":"3 Louse","floor":11.0,"turns":3.0},{"damage":58.0,"enemies":"Hexaghost","floor":16.0,"turns":12.0},{"damage":10.0,"enemies":"2 Thieves","floor":18.0,"turns":5.0},{"damage":2.0,"enemies":"3 Byrds","floor":20.0,"turns":5.0},{"damage":0.0,"enemies":"Snake Plant","floor":24.0,"turns":4.0},{"damage":19.0,"enemies":"Cultist and Chosen","floor":27.0,"turns":7.0},{"damage":12,"enemies":"Slavers","floor":29,"turns":7},{"damage":12,"enemies":"Chosen and Byrds","floor":30,"turns":9},{"damage":2,"enemies":"Snake Plant","floor":31,"turns":5},{"damage":92,"enemies":"Automaton","floor":33,"turns":14},{"damage":40,"enemies":"3 Darklings","floor":35,"turns":7},{"damage":11,"enemies":"Orb Walker","floor":36,"turns":3},{"damage":74,"enemies":"Maw","floor":37,"turns":11}],"event_choices":[{"event_name":"World of Goop","player_choice":"Gather Gold","floor":5.0,"damage_taken":0.0},{"event_name":"Wheel of Change","player_choice":"Gold","floor":12.0,"damage_taken":0.0},{"event_name":"Golden Idol","player_choice":"Take Wound","floor":13.0,"damage_taken":0.0},{"event_name":"Back to Basics","player_choice":"Elegance","floor":21.0,"damage_taken":0.0}],"boss_relics":[{"not_picked":["Runic Dome","Snecko Eye"],"picked":"Calling Bell"}],"potions_floor_spawned":[2,3,10,11,29,31,35,36],"seed_played":"4985477230860855653","killed_by":"Maw","ascension_level":0,"is_trial":false}