{"path_per_floor":["M","M","M","?","?","R","E","M","T","R","E","R","E","?","R"],"character_chosen":"THE_SILENT","items_purchased":[],"gold_per_floor":[110,125,141,141,141,141,168,182,182,182,207,207,235,335,335,335],"floor_reached":16,"campfire_rested":2,"playtime":1684,"current_hp_per_floor":[70,70,69,69,62,62,50,50,50,50,25,46,35,35,56,0],"items_purged":[],"gold":335,"score":118,"play_id":"d4a3e949-c9f6-4533-bb9c-6bd69c2d4d24","local_time":"20180513230807","is_prod":false,"is_daily":false,"chose_seed":false,"is_ascension_mode":false,"campfire_upgraded":2,"timestamp":1526278087,"path_taken":["M","M","M","?","?","R","E","M","T","R","E","R","E","?","R","BOSS"],"build_version":"2018-05-10","seed_source_timestamp":69749296082780,"purchased_purges":0,"victory":false,"master_deck":["Defend_G","Defend_G","Defend_G","Defend_G","Defend_G","Strike_G","Strike_G","Strike_G","Survivor+1","Neutralize+1","Sucker Punch","Footwork","Poisoned Stab","Crippling Poison","Deflect","Blur+1","Tactician","Predator"],"max_hp_per_floor":[70,70,70,70,70,70,70,70,70,70,70,70,70,70,70,70],"relics":["Ring of the Snake","Prayer Wheel","Letter Opener","Ninja Scroll","Ornamental Fan"],"card_choices":[{"not_picked":["Eviscerate","Bane"],"picked":"Sucker Punch","floor":1},{"not_picked":["Deflect","Finisher"],"picked":"Footwork","floor":2},{"not_picked":["Prepared","Footwork"],"picked":"Poisoned Stab","floor":3},{"not_picked":["Slice","Deadly Poison"],"picked":"Crippling Poison","floor":7},{"not_picked":["Crippling Poison","Malaise"],"picked":"Deflect","floor":8},{"not_picked":["Eviscerate","Acrobatics"],"picked":"Blur","floor":9},{"not_picked":["Riddle With Holes","Deflect"],"picked":"Tactician","floor":11},{"not_picked":["Dagger Throw","Escape Plan"],"picked":"Predator","floor":13}],"player_experience":157371,"potions_floor_usage":[7,13,16,16,16],"damage_taken":[{"damage":0,"enemies":"Small Slimes","floor":1,"turns":5},{"damage":0,"enemies":"Jaw Worm","floor":2,"turns":6},{"damage":1,"enemies":"2 Louse","floor":3,"turns":3},{"damage":12,"enemies":"3 Sentries","floor":7,"turns":15},{"damage":0,"enemies":"Large Slime","floor":8,"turns":8},{"damage":25,"enemies":"Gremlin Nob","floor":11,"turns":7},{"damage":11,"enemies":"Lagavulin","floor":13,"turns":9},{"damage":73,"enemies":"Slime Boss","floor":16,"turns":16}],"event_choices":[{"event_name":"Living Wall","player_choice":"Forget","floor":4,"damage_taken":0},{"event_name":"Golden Wing","player_choice":"Card Removal","floor":5,"damage_taken":0},{"event_name":"Golden Shrine","player_choice":"Pray","floor":14,"damage_taken":0}],"boss_relics":[],"potions_floor_spawned":[1,3,8,11,13],"seed_played":"1555069029719198180","killed_by":"Slime Boss","ascension_level":0,"is_trial":false}