{"gold_per_floor":[112,124,124,49,62,62,90,165,165,184,84,103,103,135,135,231,231,247,162,37,37],"floor_reached":21,"playtime":664,"items_purged":["Regret","Defend_R","Defend_R"],"score":196,"play_id":"77b8d716-e84c-4dfa-85ec-d4c6200eaf4e","local_time":"20190623165154","is_ascension_mode":true,"campfire_choices":[{"floor":6.0,"key":"RECALL"},{"data":"Flex","floor":15.0,"key":"SMITH"}],"neow_cost":"NONE","seed_source_timestamp":0,"circlet_count":0,"master_deck":["Strike_R","Strike_R","Strike_R","Strike_R","Strike_R","Bash","Flex","Inflame+1","Inflame+1","Flex+1","Double Tap","Battle Trance"],"special_seed":0,"relics":["Burning Blood","NeowsBlessing","Frozen Egg 2","Matryoshka","PreservedInsect","Strawberry","Empty Cage","Darkstone Periapt"],"potions_floor_usage":[],"damage_taken":[{"damage":0.0,"enemies":"2 Louse","floor":1.0,"turns":1.0},{"damage":0.0,"enemies":"Jaw Worm","floor":2.0,"turns":1.0},{"damage":0.0,"enemies":"Cultist","floor":5.0,"turns":1.0},{"damage":30.0,"enemies":"Gremlin Nob","floor":7.0,"turns":4.0},{"damage":13.0,"enemies":"2 Fungi Beasts","floor":10.0,"turns":3.0},{"damage":16.0,"enemies":"Large Slime","floor":12.0,"turns":4.0},{"damage":13.0,"enemies":"Lagavulin","floor":14.0,"turns":5.0},{"damage":26.0,"enemies":"Hexaghost","floor":16.0,"turns":7.0},{"damage":46.0,"enemies":"2 Thieves","floor":18.0,"turns":4.0},{"damage":47,"enemies":"3 Byrds","floor":21,"turns":3}],"seed_played":"-6812959162209813142","potions_obtained":[{"floor":7.0,"key":"Dexterity Potion"},{"floor":10.0,"key":"Energy Potion"},{"floor":12.0,"key":"Weak Potion"},{"floor":18.0,"key":"Strength Potion"}],"is_trial":false,"path_per_floor":["M","M","?","$","M","R","E","?","T","M","$","M","$","E","R","B",null,"M","?","$","M"],"character_chosen":"IRONCLAD","items_purchased":[],"campfire_rested":0,"item_purchase_floors":[],"current_hp_per_floor":[80,80,80,80,80,80,56,45,45,38,38,28,28,28,28,8,87,47,47,47,0],"gold":37,"neow_bonus":"THREE_ENEMY_KILL","is_prod":false,"is_daily":false,"chose_seed":false,"campfire_upgraded":1,"win_rate":0,"timestamp":1561323114,"path_taken":["M","M","?","$","M","R","E","?","T","M","$","M","?","E","R","BOSS","M","?","$","M"],"build_version":"2019-01-23","purchased_purges":3,"victory":false,"max_hp_per_floor":[80,80,80,80,80,80,80,80,80,80,80,80,80,87,87,87,87,87,87,87,87],"card_choices":[{"not_picked":["Headbutt","Havoc","Bloodletting"],"picked":"SKIP","floor":1.0},{"not_picked":["Body Slam","Entrench"],"picked":"Flex","floor":2.0},{"not_picked":["Seeing Red","Battle Trance"],"picked":"Inflame+1","floor":5.0},{"not_picked":["Carnage","Armaments","Body Slam"],"picked":"SKIP","floor":7.0},{"not_picked":["Headbutt","Twin Strike"],"picked":"Inflame+1","floor":10.0},{"not_picked":["Blood for Blood","Warcry"],"picked":"Flex","floor":12.0},{"not_picked":["Clothesline","Heavy Blade"],"picked":"Double Tap","floor":14.0},{"not_picked":["Thunderclap+1","Shrug It Off"],"picked":"Battle Trance","floor":18.0}],"player_experience":187761,"relics_obtained":[{"floor":7.0,"key":"Matryoshka"},{"floor":9.0,"key":"PreservedInsect"},{"floor":14.0,"key":"Strawberry"}],"event_choices":[{"damage_healed":0.0,"max_hp_gain":0.0,"max_hp_loss":0.0,"gold_gain":0.0,"event_name":"Big Fish","player_choice":"Box","floor":3.0,"gold_loss":0.0,"damage_taken":0.0,"relics_obtained":["Frozen Egg 2"],"cards_obtained":["Regret"]},{"damage_healed":0.0,"max_hp_gain":0.0,"max_hp_loss":0.0,"gold_gain":75.0,"event_name":"World of Goop","player_choice":"Gather Gold","floor":8.0,"gold_loss":0.0,"damage_taken":11.0},{"damage_healed":0.0,"max_hp_gain":0.0,"max_hp_loss":0.0,"gold_gain":0.0,"event_name":"Addict","player_choice":"Obtained Relic","floor":19.0,"gold_loss":85.0,"damage_taken":0.0,"relics_obtained":["Darkstone Periapt"]}],"is_beta":false,"boss_relics":[{"not_picked":["Fusion Hammer","Ectoplasm"],"picked":"Empty Cage"}],"items_purged_floors":[4,11,20],"is_endless":false,"potions_floor_spawned":[7,10,12,18],"killed_by":"3 Byrds","ascension_level":1}