{"gold_per_floor":[111,131,142,142,142,177,192,192,192,211,239,189,5,0,0,96,96,115,115,15,15,15,114,114,145,145,70,70,80,96,125,125,230,230,242,242,242,254,32,65,65,28,102,102,102,152,179,193,193,193],"floor_reached":51,"playtime":4111,"items_purged":["Defend_B","Shame"],"score":822,"play_id":"f4de1c0a-42ac-4b4a-8984-22a3d7d288f8","local_time":"20190812200107","is_ascension_mode":true,"campfire_choices":[{"data":"Storm","floor":8,"key":"SMITH"},{"floor":15,"key":"REST"},{"data":"Hyperbeam","floor":24,"key":"SMITH"},{"data":"Defragment","floor":28,"key":"SMITH"},{"data":"Defragment","floor":32,"key":"SMITH"},{"data":"Amplify","floor":41,"key":"SMITH"},{"data":"Capacitor","floor":44,"key":"SMITH"},{"floor":49,"key":"REST"}],"neow_cost":"NONE","seed_source_timestamp":106521948681900,"circlet_count":0,"master_deck":["Zap","Dualcast+1","Redo+1","Go for the Eyes+1","Storm+1","Capacitor+1","Redo","Defragment+1","Barrage","Defragment+1","Glacier","Amplify+1","Chill","Hyperbeam+1","Chill","Loop","Biased Cognition","Steam","Conserve Battery+1","Self Repair","Steam+1","Sunder+1","Core Surge","White Noise+1","Fusion+1","Rebound+1","Loop","Electrodynamics","Heatsinks","Madness","Madness","Barrage+1","Stack","Force Field+1"],"relics":["Cracked Core","Darkstone Periapt","Pocketwatch","Prayer Wheel","Pandora\u0027s Box","Dodecahedron","MutagenicStrength","Meat on the Bone","Orichalcum","Anchor","Black Star","Happy Flower","Bronze Scales","War Paint","Mercury Hourglass","Incense Burner","Bird Faced Urn","Bottled Flame"],"potions_floor_usage":[6,16,31,35,40,46,50,50],"damage_taken":[{"damage":2,"enemies":"Jaw Worm","floor":1,"turns":3},{"damage":1,"enemies":"Cultist","floor":2,"turns":3},{"damage":2,"enemies":"Small Slimes","floor":3,"turns":3},{"damage":12,"enemies":"3 Sentries","floor":6,"turns":5},{"damage":16,"enemies":"Blue Slaver","floor":7,"turns":3},{"damage":0,"enemies":"Large Slime","floor":10,"turns":4},{"damage":20,"enemies":"Lagavulin","floor":11,"turns":5},{"damage":17,"enemies":"Slime Boss","floor":16,"turns":7},{"damage":20,"enemies":"Shell Parasite","floor":18,"turns":3},{"damage":23,"enemies":"Gremlin Leader","floor":25,"turns":4},{"damage":0,"enemies":"Spheric Guardian","floor":29,"turns":3},{"damage":3,"enemies":"Centurion and Healer","floor":30,"turns":4},{"damage":14,"enemies":"Slavers","floor":31,"turns":4},{"damage":0,"enemies":"Champ","floor":33,"turns":8},{"damage":4,"enemies":"3 Darklings","floor":35,"turns":4},{"damage":0,"enemies":"Orb Walker","floor":38,"turns":2},{"damage":20,"enemies":"Nemesis","floor":40,"turns":5},{"damage":1,"enemies":"2 Orb Walkers","floor":46,"turns":3},{"damage":14,"enemies":"Giant Head","floor":47,"turns":6},{"damage":4,"enemies":"Sphere and 2 Shapes","floor":48,"turns":3},{"damage":10,"enemies":"Donu and Deca","floor":50,"turns":5}],"seed_played":"-6323497109713539956","potions_obtained":[{"floor":1,"key":"Fire Potion"},{"floor":3,"key":"Ancient Potion"},{"floor":11,"key":"Ancient Potion"},{"floor":29,"key":"Energy Potion"},{"floor":33,"key":"PowerPotion"},{"floor":38,"key":"SneckoOil"},{"floor":47,"key":"SteroidPotion"},{"floor":48,"key":"LiquidBronze"}],"is_trial":false,"path_per_floor":["M","M","M","?","?","E","M","R","T","M","E","?","$","?","R","B",null,"M","?","$","?","$","?","R","E","T","?","R","M","M","E","R","B",null,"M","?","?","M","$","E","R","$","T","R","?","?","E","M","R","B",null],"character_chosen":"DEFECT","items_purchased":["Defragment","Glacier","Happy Flower","Loop","Heatsinks"],"campfire_rested":2,"item_purchase_floors":[13,13,39,39,42],"current_hp_per_floor":[73,72,70,70,70,58,42,42,42,42,22,22,22,22,44,27,75,55,61,61,61,61,61,61,38,38,38,38,57,68,68,68,75,81,81,81,81,81,81,68,68,68,68,68,58,64,57,67,81,81],"gold":193,"neow_bonus":"THREE_CARDS","is_prod":false,"is_daily":false,"chose_seed":false,"campfire_upgraded":6,"win_rate":0,"timestamp":1565658067,"path_taken":["M","M","M","?","?","E","M","R","T","?","E","?","$","?","R","BOSS","M","?","$","?","$","?","R","E","T","?","R","?","M","E","R","BOSS","M","?","?","M","$","E","R","$","T","R","?","?","E","M","R","BOSS"],"build_version":"2019-07-17","purchased_purges":2,"victory":true,"max_hp_per_floor":[75,75,75,75,75,75,75,75,75,75,75,75,75,75,75,75,75,75,81,81,81,81,81,81,81,81,81,81,81,81,81,81,81,81,81,81,81,81,81,81,81,81,81,81,81,81,81,81,81,81],"card_choices":[{"not_picked":["Hologram","Stack"],"picked":"Redo","floor":0},{"not_picked":["Rip and Tear","Skim"],"picked":"Go for the Eyes","floor":1},{"not_picked":["Redo","Hologram"],"picked":"Storm","floor":2},{"not_picked":["Redo","Beam Cell"],"picked":"Sweeping Beam","floor":3},{"not_picked":["Leap","Reinforced Body"],"picked":"Capacitor","floor":6},{"not_picked":["Turbo","Leap"],"picked":"Redo","floor":7},{"not_picked":["Turbo","Leap"],"picked":"Defragment","floor":10},{"not_picked":["Melter","Steam"],"picked":"Barrage","floor":11},{"not_picked":["Core Surge","Biased Cognition"],"picked":"Amplify","floor":16},{"not_picked":["Barrage","Tempest"],"picked":"Go for the Eyes+1","floor":18},{"not_picked":["FTL+1","Chill+1"],"picked":"Conserve Battery+1","floor":18},{"not_picked":["Reprogram","Hologram+1"],"picked":"Self Repair","floor":25},{"not_picked":["Go for the Eyes","Recycle+1"],"picked":"Steam+1","floor":29},{"not_picked":["Go for the Eyes+1","Beam Cell+1","Gash"],"picked":"SKIP","floor":29},{"not_picked":["Darkness","Streamline+1"],"picked":"Sunder+1","floor":30},{"not_picked":["Sunder+1","Undo","Melter+1"],"picked":"SKIP","floor":30},{"not_picked":["Undo","Conserve Battery","Genetic Algorithm"],"picked":"SKIP","floor":31},{"not_picked":["Multi-Cast","Amplify"],"picked":"Core Surge","floor":33},{"not_picked":["Redo+1","Go for the Eyes+1"],"picked":"White Noise+1","floor":35},{"not_picked":["Reprogram+1","Conserve Battery"],"picked":"Fusion+1","floor":35},{"not_picked":["FTL+1","Coolheaded"],"picked":"Rebound+1","floor":38},{"not_picked":["Cold Snap+1","Heatsinks+1","Ball Lightning"],"picked":"SKIP","floor":38},{"not_picked":["Go for the Eyes","Cold Snap"],"picked":"Electrodynamics","floor":40},{"not_picked":["Doom and Gloom+1","Ball Lightning"],"picked":"Barrage+1","floor":46},{"not_picked":["Biased Cognition","Coolheaded+1"],"picked":"Stack","floor":47},{"not_picked":["Conserve Battery+1","Hologram"],"picked":"Force Field+1","floor":48},{"not_picked":["Leap","Redo","Conserve Battery+1"],"picked":"SKIP","floor":48}],"player_experience":121315,"relics_obtained":[{"floor":6,"key":"Darkstone Periapt"},{"floor":9,"key":"Pocketwatch"},{"floor":11,"key":"Prayer Wheel"},{"floor":25,"key":"Meat on the Bone"},{"floor":26,"key":"Orichalcum"},{"floor":31,"key":"Anchor"},{"floor":40,"key":"Bronze Scales"},{"floor":40,"key":"War Paint"},{"floor":43,"key":"Mercury Hourglass"},{"floor":46,"key":"Incense Burner"},{"floor":47,"key":"Bird Faced Urn"},{"floor":47,"key":"Bottled Flame"}],"event_choices":[{"damage_healed":0,"gold_gain":0,"player_choice":"Ignored","damage_taken":0,"max_hp_gain":0,"max_hp_loss":0,"event_name":"Liars Game","floor":4,"gold_loss":0},{"damage_healed":0,"gold_gain":0,"player_choice":"Forge","damage_taken":0,"max_hp_gain":0,"max_hp_loss":0,"event_name":"Accursed Blacksmith","floor":5,"gold_loss":0,"cards_upgraded":["Go for the Eyes"]},{"cards_removed":["Strike_B"],"damage_healed":0,"gold_gain":0,"player_choice":"Card Removal","damage_taken":0,"max_hp_gain":0,"max_hp_loss":0,"event_name":"The Cleric","floor":12,"gold_loss":50},{"damage_healed":0,"gold_gain":0,"player_choice":"Left Gold","damage_taken":0,"max_hp_gain":0,"max_hp_loss":0,"event_name":"World of Goop","floor":14,"gold_loss":5},{"damage_healed":0,"gold_gain":0,"player_choice":"Stole Relic","damage_taken":0,"relics_obtained":["Dodecahedron"],"max_hp_gain":0,"max_hp_loss":0,"event_name":"Addict","floor":19,"gold_loss":0,"cards_obtained":["Shame"]},{"damage_healed":0,"gold_gain":0,"player_choice":"Inject Mutagens","damage_taken":0,"relics_obtained":["MutagenicStrength"],"max_hp_gain":0,"max_hp_loss":0,"event_name":"Drug Dealer","floor":21,"gold_loss":0},{"damage_healed":0,"gold_gain":99,"player_choice":"Stole From Cult","damage_taken":0,"max_hp_gain":0,"max_hp_loss":0,"event_name":"Nest","floor":23,"gold_loss":0},{"cards_removed":["Sweeping Beam"],"damage_healed":0,"gold_gain":0,"player_choice":"Gave Gold","damage_taken":0,"max_hp_gain":0,"max_hp_loss":0,"event_name":"Beggar","floor":27,"gold_loss":75},{"cards_removed":["Go for the Eyes"],"damage_healed":0,"gold_gain":0,"player_choice":"Removed Attack","damage_taken":0,"max_hp_gain":0,"max_hp_loss":0,"event_name":"Falling","floor":36,"gold_loss":0},{"damage_healed":0,"gold_gain":0,"player_choice":"Ignored","damage_taken":0,"max_hp_gain":0,"max_hp_loss":0,"event_name":"Tomb of Lord Red Mask","floor":37,"gold_loss":0},{"damage_healed":0,"gold_gain":0,"player_choice":"Embrace Madness","damage_taken":10,"max_hp_gain":0,"max_hp_loss":0,"event_name":"Winding Halls","floor":45,"gold_loss":0,"cards_obtained":["Madness","Madness"]},{"damage_healed":0,"gold_gain":0,"player_choice":"Fight","damage_taken":0,"max_hp_gain":0,"max_hp_loss":0,"event_name":"Mysterious Sphere","floor":46,"gold_loss":0}],"is_beta":false,"boss_relics":[{"not_picked":["Inserter","Velvet Choker"],"picked":"Pandora\u0027s Box"},{"not_picked":["Sozu","Philosopher\u0027s Stone"],"picked":"Black Star"}],"items_purged_floors":[13,20],"is_endless":false,"potions_floor_spawned":[1,3,11,29,33,38,47,48],"ascension_level":2}