{"gold_per_floor":[117,133,133,133,156,156,176,176,176,101,121,144,144,144,144,144],"floor_reached":16,"playtime":701,"items_purged":["Defend_G"],"score":92,"play_id":"cf5e0072-b51d-4cd4-bdd6-c49a55dbbf46","local_time":"20180811161736","is_ascension_mode":false,"campfire_choices":[{"data":"Dagger Spray","floor":6,"key":"SMITH"},{"data":"Backstab","floor":13,"key":"SMITH"},{"data":"Neutralize","floor":15,"key":"SMITH"}],"neow_cost":"TEN_PERCENT_HP_LOSS","seed_source_timestamp":2739849803627486,"circlet_count":0,"master_deck":["Defend_G+1","Defend_G","Defend_G","Strike_G","Strike_G","Strike_G+1","Strike_G","Strike_G","Survivor","Neutralize+1","Dagger Spray+1","Quick Slash+1","Backstab+1"],"relics":["Ring of the Snake","Incense Burner","Golden Idol","Ice Cream"],"potions_floor_usage":[],"damage_taken":[{"damage":2,"enemies":"Jaw Worm","floor":1,"turns":6},{"damage":4,"enemies":"2 Louse","floor":2,"turns":2},{"damage":3,"enemies":"Small Slimes","floor":5,"turns":3},{"damage":1,"enemies":"2 Fungi Beasts","floor":7,"turns":3},{"damage":0,"enemies":"Lots of Slimes","floor":11,"turns":1},{"damage":0,"enemies":"3 Louse","floor":12,"turns":1},{"damage":34,"enemies":"Slime Boss","floor":16,"turns":6}],"seed_played":"8245587889347515599","potions_obtained":[{"floor":11,"key":"EssenceOfSteel"},{"floor":12,"key":"Ancient Potion"}],"is_trial":false,"path_per_floor":["M","M","?","?","M","R","M","?","T","$","M","M","R","?","R"],"character_chosen":"THE_SILENT","items_purchased":[],"campfire_rested":0,"item_purchase_floors":[],"current_hp_per_floor":[61,57,42,29,26,26,25,25,25,25,25,25,25,25,25,0],"gold":144,"neow_bonus":"ONE_RARE_RELIC","is_prod":false,"is_daily":false,"chose_seed":false,"campfire_upgraded":3,"win_rate":0,"timestamp":1534018656,"path_taken":["M","M","?","?","M","R","M","?","T","?","M","M","R","?","R","BOSS"],"build_version":"2018-08-09","purchased_purges":1,"victory":false,"max_hp_per_floor":[63,63,63,63,63,63,63,63,63,63,63,63,63,63,63,63],"card_choices":[{"not_picked":["Prepared","Bane"],"picked":"Dagger Spray","floor":1},{"not_picked":["Slice","Backflip","Deflect"],"picked":"SKIP","floor":2},{"not_picked":["Crippling Poison","Acrobatics","Slice"],"picked":"SKIP","floor":5},{"not_picked":["Backflip","Deflect"],"picked":"Quick Slash","floor":7},{"not_picked":["Choke","Dodge and Roll","Calculated Gamble"],"picked":"SKIP","floor":11},{"not_picked":["Terror","Prepared"],"picked":"Backstab","floor":12}],"player_experience":118653,"relics_obtained":[{"floor":9,"key":"Ice Cream"}],"event_choices":[{"event_name":"Golden Idol","player_choice":"Take Damage","floor":3,"damage_taken":0},{"event_name":"Shining Light","player_choice":"Entered Light","floor":4,"damage_taken":0},{"event_name":"Upgrade Shrine","player_choice":"Upgraded","floor":8,"damage_taken":0},{"event_name":"Wheel of Change","player_choice":"Card Removal","floor":14,"damage_taken":0}],"is_beta":false,"boss_relics":[],"items_purged_floors":[10],"is_endless":false,"potions_floor_spawned":[11,12],"killed_by":"Slime Boss","ascension_level":0}