{"gold_per_floor":[115,135,154,104,104,137,137,156,181,181,181],"floor_reached":11,"playtime":2540,"items_purged":[],"score":88,"play_id":"2579e332-49f6-43c3-893d-1777d7358f69","local_time":"20190810135800","is_ascension_mode":true,"campfire_choices":[{"data":"Berserk","floor":7,"key":"SMITH"},{"data":"Metallicize","floor":10,"key":"SMITH"}],"neow_cost":"NONE","seed_source_timestamp":9232055176161,"circlet_count":0,"master_deck":["Strike_R","Strike_R","Strike_R","Strike_R","Defend_R","Defend_R","Defend_R","Bash","Barricade","Heavy Blade","Metallicize+1","Shrug It Off","Berserk+1","Flex"],"special_seed":0,"relics":["Burning Blood","Juzu Bracelet","Orichalcum"],"potions_floor_usage":[6,8],"damage_taken":[{"damage":0.0,"enemies":"Small Slimes","floor":1.0,"turns":3.0},{"damage":1.0,"enemies":"2 Louse","floor":2.0,"turns":3.0},{"damage":6.0,"enemies":"Cultist","floor":3.0,"turns":5.0},{"damage":20,"enemies":"3 Sentries","floor":6,"turns":8},{"damage":7,"enemies":"Blue Slaver","floor":8,"turns":4},{"damage":59,"enemies":"Gremlin Nob","floor":11,"turns":6}],"seed_played":"1389326864152628296","potions_obtained":[{"floor":3.0,"key":"Strength Potion"},{"floor":6,"key":"Block Potion"}],"is_trial":false,"path_per_floor":["M","M","M","?","?","E","R","M","T","R","E"],"character_chosen":"IRONCLAD","items_purchased":[],"campfire_rested":0,"item_purchase_floors":[],"current_hp_per_floor":[80,80,80,80,73,59,59,58,58,58,0],"gold":181,"neow_bonus":"ONE_RANDOM_RARE_CARD","is_prod":false,"is_daily":false,"chose_seed":false,"campfire_upgraded":2,"win_rate":0,"timestamp":1565470680,"path_taken":["M","M","M","?","?","E","R","M","T","R","E"],"build_version":"2019-07-17","purchased_purges":0,"victory":false,"max_hp_per_floor":[80,80,80,80,80,80,80,80,80,80,80],"card_choices":[{"not_picked":["Thunderclap","True Grit"],"picked":"Heavy Blade","floor":1.0},{"not_picked":["Rage","Pommel Strike"],"picked":"Metallicize","floor":2.0},{"not_picked":["Havoc","Bloodletting"],"picked":"Shrug It Off","floor":3.0},{"not_picked":["Reckless Charge","Perfected Strike"],"picked":"Berserk","floor":6},{"not_picked":["Power Through","Headbutt"],"picked":"Flex","floor":8}],"player_experience":2812658,"relics_obtained":[{"floor":6,"key":"Juzu Bracelet"},{"floor":9,"key":"Orichalcum"}],"event_choices":[{"cards_removed":["Strike_R"],"damage_healed":0.0,"max_hp_gain":0.0,"max_hp_loss":0.0,"gold_gain":0.0,"event_name":"The Cleric","player_choice":"Card Removal","floor":4.0,"gold_loss":50.0,"damage_taken":0.0},{"cards_removed":["Defend_R"],"damage_healed":0.0,"max_hp_gain":0.0,"max_hp_loss":0.0,"gold_gain":0.0,"event_name":"Golden Wing","player_choice":"Card Removal","floor":5.0,"gold_loss":0.0,"damage_taken":7.0}],"is_beta":false,"boss_relics":[],"items_purged_floors":[],"is_endless":false,"potions_floor_spawned":[3,6],"killed_by":"Gremlin Nob","ascension_level":4}