{"gold_per_floor":[114,126,142,4,4,31,31,60,108,149,161,173,211,255,267,375,387,409,421,9,36,36,36,68,78,78,78,97,97,97,114,114,217,217,230,330,330,330,345,377,377,10,83,94,129,129,351,361,361,361,361,361,19,45,45],"floor_reached":55,"playtime":5359,"items_purged":["Strike_R"],"score":1197,"play_id":"54c89703-80a1-4336-8040-994e883c2e43","local_time":"20191016133801","is_ascension_mode":true,"campfire_choices":[{"floor":7.0,"key":"DIG"},{"floor":11.0,"key":"DIG"},{"data":"Whirlwind","floor":15.0,"key":"SMITH"},{"floor":23,"key":"DIG"},{"floor":27,"key":"DIG"},{"floor":30,"key":"DIG"},{"floor":32,"key":"DIG"},{"floor":41,"key":"DIG"},{"floor":46,"key":"DIG"},{"floor":49,"key":"RECALL"},{"floor":52,"key":"DIG"}],"neow_cost":"CURSE","seed_source_timestamp":424820994132000,"circlet_count":0,"master_deck":["Strike_R","Defend_R","Defend_R","Defend_R","Defend_R+1","Bash","Reckless Charge","Shrug It Off","Wild Strike","Reaper","Evolve","Shockwave","Dual Wield+1","Whirlwind+1","Headbutt","Brutality","Reckless Charge","Apotheosis+1","Rupture","True Grit","Armaments+1","Hemokinesis+1","Spot Weakness","Heavy Blade","Body Slam","Shrug It Off+1","Berserk","Flex+1","Secret Weapon","Master of Strategy","True Grit","Fire Breathing","Feel No Pain+1","Combust","Uppercut+1","Dual Wield+1","True Grit+1","Shrug It Off","Double Tap"],"special_seed":0,"relics":["Burning Blood","Shovel","Meat on the Bone","Bag of Preparation","Art of War","MawBank","Oddly Smooth Stone","Mango","Letter Opener","Fusion Hammer","War Paint","Red Mask","Pantograph","Centennial Puzzle","Pen Nib","Sundial","Dream Catcher","Gremlin Horn","SacredBark","Prayer Wheel","Bottled Lightning","FossilizedHelix","Chemical X","Vajra","Blood Vial","Orichalcum","Bottled Tornado","Lee\u0027s Waffle","Champion Belt"],"potions_floor_usage":[28,36,50,54,55,55],"damage_taken":[{"damage":6.0,"enemies":"Cultist","floor":1.0,"turns":4.0},{"damage":8.0,"enemies":"Jaw Worm","floor":2.0,"turns":4.0},{"damage":0.0,"enemies":"2 Louse","floor":3.0,"turns":3.0},{"damage":15.0,"enemies":"Gremlin Nob","floor":6.0,"turns":3.0},{"damage":24.0,"enemies":"3 Sentries","floor":8.0,"turns":9.0},{"damage":36.0,"enemies":"Lagavulin","floor":10.0,"turns":9.0},{"damage":19.0,"enemies":"Gremlin Nob","floor":13.0,"turns":4.0},{"damage":16.0,"enemies":"Looter","floor":14.0,"turns":3.0},{"damage":42.0,"enemies":"Slime Boss","floor":16.0,"turns":11.0},{"damage":28.0,"enemies":"Shell Parasite","floor":18.0,"turns":5.0},{"damage":7.0,"enemies":"Masked Bandits","floor":21.0,"turns":3.0},{"damage":15,"enemies":"Book of Stabbing","floor":24,"turns":6},{"damage":3,"enemies":"Spheric Guardian","floor":25,"turns":3},{"damage":25,"enemies":"Snecko","floor":28,"turns":6},{"damage":9,"enemies":"Centurion and Healer","floor":31,"turns":4},{"damage":15,"enemies":"Automaton","floor":33,"turns":6},{"damage":28,"enemies":"3 Darklings","floor":35,"turns":4},{"damage":2,"enemies":"Mind Bloom Boss Battle","floor":36,"turns":4},{"damage":3,"enemies":"Orb Walker","floor":39,"turns":3},{"damage":27,"enemies":"Giant Head","floor":40,"turns":5},{"damage":16,"enemies":"Spire Growth","floor":44,"turns":5},{"damage":51,"enemies":"Nemesis","floor":45,"turns":5},{"damage":15,"enemies":"Sphere and 2 Shapes","floor":48,"turns":5},{"damage":58,"enemies":"Donu and Deca","floor":50,"turns":6},{"damage":22,"enemies":"Shield and Spear","floor":54,"turns":3},{"damage":137,"enemies":"The Heart","floor":55,"turns":5}],"seed_played":"6849379736420547532","potions_obtained":[{"floor":3.0,"key":"Fire Potion"},{"floor":10.0,"key":"Ancient Potion"},{"floor":13.0,"key":"Block Potion"},{"floor":16.0,"key":"Energy Potion"},{"floor":18.0,"key":"SpeedPotion"},{"floor":28,"key":"CultistPotion"},{"floor":36,"key":"Swift Potion"}],"is_trial":false,"path_per_floor":["M","M","M","$","$","E","R","E","T","E","R","?","E","M","R","B",null,"M","?","$","?","?","R","E","M","T","R","M","?","R","M","R","B",null,"M","?","?","?","M","E","R","$","T","M","E","R","?","M","R","B",null,"R","$","E","B"],"character_chosen":"IRONCLAD","items_purchased":["Reaper","Apotheosis","Rupture","True Grit","War Paint","Chemical X","Combust","Vajra","Lee\u0027s Waffle","Energy Potion","Double Tap"],"campfire_rested":0,"item_purchase_floors":[4,20,20,20,20,42,42,42,53,53,53],"current_hp_per_floor":[72,70,76,76,76,67,67,61,61,43,57,57,61,64,64,46,82,60,41,41,52,52,52,64,67,67,67,57,57,57,66,66,97,99,77,99,89,89,99,78,78,78,78,87,66,66,66,59,59,63,90,90,106,90,0],"gold":45,"neow_bonus":"ONE_RARE_RELIC","is_prod":false,"is_daily":false,"chose_seed":false,"campfire_upgraded":1,"win_rate":0,"timestamp":1571251081,"path_taken":["M","M","M","?","$","E","R","E","T","E","R","?","E","M","R","BOSS","M","?","$","?","?","R","E","M","T","R","M","?","R","M","R","BOSS","M","?","?","?","?","E","R","$","T","M","E","R","?","M","R","BOSS","R","$","E","BOSS"],"build_version":"2019-10-15","purchased_purges":1,"victory":false,"max_hp_per_floor":[80,80,80,80,80,80,80,80,80,80,94,94,94,94,94,94,94,94,99,99,99,99,99,99,99,99,99,99,99,99,99,99,99,99,99,99,99,99,99,99,99,99,99,99,99,99,99,99,99,99,99,99,106,106,106],"card_choices":[{"not_picked":["Perfected Strike","Body Slam"],"picked":"Reckless Charge","floor":1.0},{"not_picked":["Iron Wave","Intimidate"],"picked":"Shrug It Off","floor":2.0},{"not_picked":["Ghostly Armor","Thunderclap"],"picked":"Wild Strike","floor":3.0},{"not_picked":["Limit Break","Flex"],"picked":"Evolve","floor":6.0},{"not_picked":["Headbutt","Feel No Pain"],"picked":"Shockwave","floor":8.0},{"not_picked":["Iron Wave","Shrug It Off"],"picked":"Dual Wield","floor":10.0},{"not_picked":["Power Through","Anger"],"picked":"Whirlwind","floor":13.0},{"not_picked":["Corruption","Flex"],"picked":"Headbutt","floor":14.0},{"not_picked":["Juggernaut","Feed"],"picked":"Brutality","floor":16.0},{"not_picked":["Shockwave","Seeing Red"],"picked":"Reckless Charge","floor":18.0},{"not_picked":["Iron Wave","Warcry"],"picked":"Armaments+1","floor":21.0},{"not_picked":["Bloodletting","Twin Strike"],"picked":"Hemokinesis+1","floor":24},{"not_picked":["Infernal Blade","Warcry","Sever Soul"],"picked":"SKIP","floor":25},{"not_picked":["Battle Trance+1","Flex"],"picked":"Spot Weakness","floor":28},{"not_picked":["Perfected Strike","Searing Blow+1"],"picked":"Shrug It Off+1","floor":31},{"not_picked":["Reaper","Demon Form"],"picked":"Berserk","floor":33},{"not_picked":["Searing Blow","Rupture"],"picked":"Flex+1","floor":35},{"not_picked":["Mayhem","Mind Blast"],"picked":"Secret Weapon","floor":37},{"not_picked":["Trip","Purity"],"picked":"Master of Strategy","floor":37},{"not_picked":["Thunderclap","Body Slam"],"picked":"Fire Breathing","floor":39},{"not_picked":["Iron Wave+1","Sword Boomerang","Anger"],"picked":"SKIP","floor":39},{"not_picked":["Carnage+1","Disarm+1"],"picked":"Feel No Pain+1","floor":40},{"not_picked":["Headbutt+1","Warcry+1"],"picked":"Uppercut+1","floor":44},{"not_picked":["Sword Boomerang","Blood for Blood+1"],"picked":"Dual Wield+1","floor":44},{"not_picked":["Cleave","Clash+1","Shockwave"],"picked":"SKIP","floor":45},{"not_picked":["Berserk","Anger"],"picked":"True Grit+1","floor":48},{"not_picked":["Wild Strike","Whirlwind"],"picked":"Shrug It Off","floor":48},{"not_picked":["Juggernaut","Burning Pact+1","Perfected Strike"],"picked":"SKIP","floor":54}],"player_experience":517651,"relics_obtained":[{"floor":6.0,"key":"Meat on the Bone"},{"floor":7.0,"key":"Bag of Preparation"},{"floor":8.0,"key":"Art of War"},{"floor":9.0,"key":"MawBank"},{"floor":10.0,"key":"Oddly Smooth Stone"},{"floor":11.0,"key":"Mango"},{"floor":13.0,"key":"Letter Opener"},{"floor":21.0,"key":"Red Mask"},{"floor":23,"key":"Pantograph"},{"floor":24,"key":"Centennial Puzzle"},{"floor":26,"key":"Pen Nib"},{"floor":27,"key":"Sundial"},{"floor":30,"key":"Dream Catcher"},{"floor":32,"key":"Gremlin Horn"},{"floor":36,"key":"Prayer Wheel"},{"floor":40,"key":"Bottled Lightning"},{"floor":41,"key":"FossilizedHelix"},{"floor":45,"key":"Blood Vial"},{"floor":46,"key":"Orichalcum"},{"floor":52,"key":"Bottled Tornado"},{"floor":54,"key":"Champion Belt"}],"event_choices":[{"damage_healed":0.0,"max_hp_gain":0.0,"max_hp_loss":0.0,"gold_gain":0.0,"event_name":"Upgrade Shrine","player_choice":"Upgraded","floor":12.0,"gold_loss":0.0,"damage_taken":0.0,"cards_upgraded":["Dual Wield"]},{"damage_healed":0.0,"max_hp_gain":5.0,"max_hp_loss":0.0,"gold_gain":0.0,"event_name":"Forgotten Altar","player_choice":"Shed Blood","floor":19.0,"gold_loss":0.0,"damage_taken":24.0},{"damage_healed":0.0,"max_hp_gain":0.0,"max_hp_loss":0.0,"gold_gain":0.0,"event_name":"Masked Bandits","player_choice":"Fought Bandits","floor":21.0,"gold_loss":0.0,"damage_taken":0.0},{"cards_removed":["Writhe"],"damage_healed":0,"gold_gain":0,"player_choice":"Elegance","damage_taken":0,"max_hp_gain":0,"max_hp_loss":0,"event_name":"Back to Basics","floor":22,"gold_loss":0},{"damage_healed":0,"gold_gain":0,"cards_transformed":["Strike_R","Strike_R"],"player_choice":"Became Test Subject","damage_taken":0,"max_hp_gain":0,"max_hp_loss":0,"event_name":"Drug Dealer","floor":29,"gold_loss":0,"cards_obtained":["Heavy Blade","Body Slam"]},{"damage_healed":0,"gold_gain":0,"player_choice":"Fight","damage_taken":0,"max_hp_gain":0,"max_hp_loss":0,"event_name":"MindBloom","floor":36,"gold_loss":0},{"damage_healed":0,"gold_gain":0,"player_choice":"Memory 3","damage_taken":10,"max_hp_gain":0,"max_hp_loss":0,"event_name":"SensoryStone","floor":37,"gold_loss":0},{"damage_healed":0,"gold_gain":0,"cards_transformed":["Strike_R"],"player_choice":"Transformed","damage_taken":0,"max_hp_gain":0,"max_hp_loss":0,"event_name":"Transmorgrifier","floor":38,"gold_loss":0,"cards_obtained":["True Grit"]},{"damage_healed":0,"gold_gain":222,"player_choice":"Wore Mask","damage_taken":0,"max_hp_gain":0,"max_hp_loss":0,"event_name":"Tomb of Lord Red Mask","floor":47,"gold_loss":0}],"is_beta":true,"boss_relics":[{"not_picked":["SlaversCollar","Black Blood"],"picked":"Fusion Hammer"},{"not_picked":["Mark of Pain","Snecko Eye"],"picked":"SacredBark"}],"items_purged_floors":[53],"is_endless":false,"potions_floor_spawned":[3,10,13,16,18,28,36,39],"killed_by":"The Heart","ascension_level":7}