{"gold_per_floor":[116,41,58,58,78,110,129,129,152,183,183,183,199,199,199,301,301],"floor_reached":17,"playtime":899,"items_purged":["Strike_B"],"score":165,"play_id":"37ce049e-6860-44b4-a792-097817a88d74","local_time":"20190918114659","is_ascension_mode":false,"campfire_choices":[{"data":"Fission","floor":8,"key":"SMITH"},{"data":"Doom and Gloom","floor":11,"key":"SMITH"},{"data":"Glacier","floor":15,"key":"SMITH"}],"neow_cost":"NONE","seed_source_timestamp":1271346314894900,"circlet_count":0,"master_deck":["Strike_B","Strike_B","Defend_B","Defend_B","Defend_B","Defend_B","Zap","Dualcast","Glacier+1","Doom and Gloom+1","Fission+1","Cold Snap","Steam","Core Surge"],"relics":["Cracked Core","NeowsBlessing","Ancient Tea Set","Blood Vial","Regal Pillow","Mango","Runic Pyramid"],"potions_floor_usage":[16],"damage_taken":[{"damage":0,"enemies":"Jaw Worm","floor":1,"turns":1},{"damage":0,"enemies":"Cultist","floor":3,"turns":1},{"damage":0,"enemies":"2 Louse","floor":5,"turns":1},{"damage":18,"enemies":"3 Sentries","floor":6,"turns":9},{"damage":0,"enemies":"Large Slime","floor":7,"turns":5},{"damage":15,"enemies":"Gremlin Nob","floor":10,"turns":5},{"damage":0,"enemies":"3 Louse","floor":13,"turns":1},{"damage":47,"enemies":"The Guardian","floor":16,"turns":20}],"seed_played":"-6368321333618416981","potions_obtained":[{"floor":5,"key":"Ancient Potion"},{"floor":6,"key":"Energy Potion"},{"floor":7,"key":"FairyPotion"},{"floor":13,"key":"SpeedPotion"}],"is_trial":false,"path_per_floor":["M","$","M","?","M","E","M","R","T","E","R","?","M","?","R","B",null],"character_chosen":"DEFECT","items_purchased":[],"campfire_rested":0,"item_purchase_floors":[],"current_hp_per_floor":[75,75,75,75,75,57,57,57,57,44,44,40,42,42,42,26,89],"gold":301,"neow_bonus":"THREE_ENEMY_KILL","is_prod":false,"is_daily":false,"chose_seed":false,"campfire_upgraded":3,"win_rate":0,"timestamp":1568825219,"path_taken":["M","$","M","?","?","E","M","R","T","E","R","?","M","?","R","BOSS"],"build_version":"2019-09-17","purchased_purges":1,"victory":false,"max_hp_per_floor":[75,75,75,75,75,75,75,75,75,75,75,89,89,89,89,89,89],"card_choices":[{"not_picked":["Turbo","Steam Power","Skim"],"picked":"SKIP","floor":1},{"not_picked":["Sweeping Beam","Turbo"],"picked":"Glacier","floor":3},{"not_picked":["Conserve Battery","Redo"],"picked":"Doom and Gloom","floor":5},{"not_picked":["Force Field","Skim"],"picked":"Fission","floor":6},{"not_picked":["Recycle","Streamline"],"picked":"Cold Snap","floor":7},{"not_picked":["Beam Cell","Rip and Tear","Hologram"],"picked":"SKIP","floor":10},{"not_picked":["Aggregate","Sweeping Beam"],"picked":"Steam","floor":13},{"not_picked":["Amplify","Multi-Cast"],"picked":"Core Surge","floor":16}],"player_experience":298893,"relics_obtained":[{"floor":6,"key":"Ancient Tea Set"},{"floor":9,"key":"Blood Vial"},{"floor":10,"key":"Regal Pillow"}],"event_choices":[{"cards_removed":["Strike_B"],"damage_healed":0,"gold_gain":0,"player_choice":"Offered Basic","damage_taken":0,"max_hp_gain":0,"max_hp_loss":0,"event_name":"Bonfire Elementals","floor":4,"gold_loss":0},{"damage_healed":0,"gold_gain":0,"player_choice":"Success","damage_taken":18,"relics_obtained":["Mango"],"max_hp_gain":0,"max_hp_loss":0,"event_name":"Scrap Ooze","floor":12,"gold_loss":0},{"damage_healed":0,"gold_gain":0,"player_choice":"Ignored","damage_taken":0,"max_hp_gain":0,"max_hp_loss":0,"event_name":"Liars Game","floor":14,"gold_loss":0}],"is_beta":true,"boss_relics":[{"not_picked":["Astrolabe","Velvet Choker"],"picked":"Runic Pyramid"}],"items_purged_floors":[2],"is_endless":false,"potions_floor_spawned":[5,6,7,13],"ascension_level":0}