{"gold_per_floor":[369,84,49,66,80,80,103,131,131,109,136,152,167,179,179,278,278,289,289,289],"floor_reached":20,"playtime":1092,"items_purged":["Doubt"],"score":276,"play_id":"3ee43605-b164-4b36-96ce-c154fb1a0f13","local_time":"20191016180920","is_ascension_mode":true,"campfire_choices":[{"data":"Coolheaded","floor":6,"key":"SMITH"},{"floor":15,"key":"REST"}],"neow_cost":"CURSE","seed_source_timestamp":446574106051300,"circlet_count":0,"master_deck":["AscendersBane","Strike_B","Strike_B","Strike_B","Strike_B","Defend_B","Defend_B","Defend_B","Defend_B","Zap","Dualcast","Ball Lightning","Sweeping Beam","Doom and Gloom","Compile Driver","Conserve Battery","Go for the Eyes","Coolheaded+1","Hologram","Redo","Reboot","Redo","Cold Snap","Coolheaded","Melter","Ball Lightning","Core Surge","Skim+1","Reprogram"],"relics":["Cracked Core","Orrery","Odd Mushroom","Ginger","Lizard Tail","Centennial Puzzle","Runic Pyramid"],"potions_floor_usage":[11,12],"damage_taken":[{"damage":14,"enemies":"Jaw Worm","floor":1,"turns":4},{"damage":4,"enemies":"Small Slimes","floor":4,"turns":2},{"damage":6,"enemies":"Cultist","floor":5,"turns":3},{"damage":13,"enemies":"The Mushroom Lair","floor":7,"turns":3},{"damage":11,"enemies":"3 Sentries","floor":8,"turns":8},{"damage":25,"enemies":"Gremlin Nob","floor":11,"turns":4},{"damage":10,"enemies":"Exordium Wildlife","floor":12,"turns":3},{"damage":2,"enemies":"Red Slaver","floor":13,"turns":3},{"damage":0,"enemies":"Large Slime","floor":14,"turns":4},{"damage":47,"enemies":"The Guardian","floor":16,"turns":14},{"damage":4,"enemies":"Spheric Guardian","floor":18,"turns":3},{"damage":63,"enemies":"Shell Parasite","floor":20,"turns":7}],"seed_played":"5122619445146512893","potions_obtained":[{"floor":1,"key":"AttackPotion"},{"floor":4,"key":"Strength Potion"},{"floor":8,"key":"Explosive Potion"}],"is_trial":false,"path_per_floor":["M","$","?","M","M","R","?","E","T","?","E","M","M","M","R","B",null,"M","?","M"],"character_chosen":"DEFECT","items_purchased":["Orrery","Coolheaded"],"campfire_rested":1,"item_purchase_floors":[2,2],"current_hp_per_floor":[54,54,72,68,62,62,49,38,38,38,13,3,1,1,23,22,62,58,58,0],"gold":289,"neow_bonus":"TWO_FIFTY_GOLD","is_prod":false,"is_daily":false,"chose_seed":false,"campfire_upgraded":1,"win_rate":0,"timestamp":1571267360,"path_taken":["M","$","?","M","M","R","?","E","T","?","E","?","?","M","R","BOSS","M","?","M"],"build_version":"2019-10-16","purchased_purges":1,"victory":false,"max_hp_per_floor":[75,75,75,75,75,75,75,75,75,75,75,75,75,75,75,75,75,75,75,75],"card_choices":[{"not_picked":["Chaos","Hologram"],"picked":"Ball Lightning","floor":1},{"not_picked":["Rip and Tear","Stack"],"picked":"Sweeping Beam","floor":2},{"not_picked":["Go for the Eyes","Ball Lightning"],"picked":"Doom and Gloom","floor":2},{"not_picked":["Turbo","Beam Cell"],"picked":"Compile Driver","floor":2},{"not_picked":["Steam Power","FTL"],"picked":"Conserve Battery","floor":2},{"not_picked":["Beam Cell","Reinforced Body"],"picked":"Go for the Eyes","floor":2},{"not_picked":["Double Energy","Stack"],"picked":"Hologram","floor":4},{"not_picked":["Lockon","Fusion"],"picked":"Redo","floor":5},{"not_picked":["Chill","Redo"],"picked":"Reboot","floor":7},{"not_picked":["Amplify","Fission"],"picked":"Redo","floor":8},{"not_picked":["Redo","Darkness"],"picked":"Cold Snap","floor":11},{"not_picked":["Conserve Battery","Leap"],"picked":"Coolheaded","floor":12},{"not_picked":["Skim","Turbo"],"picked":"Melter","floor":13},{"not_picked":["Steam","Heatsinks"],"picked":"Ball Lightning","floor":14},{"not_picked":["Thunder Strike","Multi-Cast"],"picked":"Core Surge","floor":16},{"not_picked":["Heatsinks","Chaos"],"picked":"Skim+1","floor":18}],"player_experience":524060,"relics_obtained":[{"floor":7,"key":"Odd Mushroom"},{"floor":8,"key":"Ginger"},{"floor":9,"key":"Lizard Tail"},{"floor":11,"key":"Centennial Puzzle"}],"event_choices":[{"damage_healed":18,"gold_gain":0,"player_choice":"Healed","damage_taken":0,"max_hp_gain":0,"max_hp_loss":0,"event_name":"The Cleric","floor":3,"gold_loss":35},{"damage_healed":0,"gold_gain":0,"player_choice":"Fought Mushrooms","damage_taken":0,"max_hp_gain":0,"max_hp_loss":0,"event_name":"Mushrooms","floor":7,"gold_loss":0},{"damage_healed":0,"gold_gain":0,"player_choice":"Left Gold","damage_taken":0,"max_hp_gain":0,"max_hp_loss":0,"event_name":"World of Goop","floor":10,"gold_loss":22},{"damage_healed":0,"gold_gain":0,"player_choice":"1 cards matched","damage_taken":0,"max_hp_gain":0,"max_hp_loss":0,"event_name":"Match and Keep!","floor":19,"gold_loss":0,"cards_obtained":["Reprogram"]}],"is_beta":true,"boss_relics":[{"not_picked":["Inserter","FrozenCore"],"picked":"Runic Pyramid"}],"items_purged_floors":[2],"is_endless":false,"potions_floor_spawned":[1,4,8],"killed_by":"Shell Parasite","ascension_level":10}