{"gold_per_floor":[111,11,23,34,34,34,77,100,123,166,190,203,38,38,38,166,166,189,189,189,209,3,39,39,57,57,80,80,98,98,133,133,133],"floor_reached":33,"playtime":2998,"items_purged":["Strike_R"],"score":411,"play_id":"cbb17aff-499b-47e1-8494-03c7e78cbeb2","local_time":"20190810194037","is_ascension_mode":true,"campfire_choices":[{"data":"Rage","floor":6.0,"key":"SMITH"},{"floor":15.0,"key":"REST"},{"floor":28.0,"key":"REST"},{"floor":30.0,"key":"REST"},{"floor":32,"key":"REST"}],"neow_cost":"NONE","seed_source_timestamp":29142872321957,"circlet_count":0,"master_deck":["Strike_R+1","Strike_R+1","Strike_R","Strike_R","Defend_R","Defend_R","Defend_R","Defend_R","Bash","Spot Weakness","Armaments","Heavy Blade","Rage+1","Shrug It Off","Metallicize","Seeing Red","Thunderclap","Heavy Blade","Evolve","Evolve","Flex","Demon Form+1","Cleave","Uppercut","Disarm+1","Inflame","Perfected Strike+1","Rampage","Evolve"],"special_seed":0,"relics":["Burning Blood","NeowsBlessing","Golden Idol","Whetstone","Orichalcum","Art of War","Mark of Pain","Nilry\u0027s Codex","Lee\u0027s Waffle","Toxic Egg 2","Pear","Ancient Tea Set"],"potions_floor_usage":[31],"damage_taken":[{"damage":0.0,"enemies":"2 Louse","floor":1.0,"turns":1.0},{"damage":0.0,"enemies":"Cultist","floor":3.0,"turns":1.0},{"damage":0.0,"enemies":"Jaw Worm","floor":4.0,"turns":2.0},{"damage":14.0,"enemies":"3 Sentries","floor":7.0,"turns":8.0},{"damage":0.0,"enemies":"Looter","floor":8.0,"turns":3.0},{"damage":25.0,"enemies":"Lagavulin","floor":10.0,"turns":7.0},{"damage":12.0,"enemies":"Exordium Thugs","floor":11.0,"turns":8.0},{"damage":0.0,"enemies":"Lots of Slimes","floor":12.0,"turns":3.0},{"damage":34.0,"enemies":"Hexaghost","floor":16.0,"turns":9.0},{"damage":20.0,"enemies":"Spheric Guardian","floor":18.0,"turns":4.0},{"damage":8.0,"enemies":"Shell Parasite","floor":21.0,"turns":5.0},{"damage":62.0,"enemies":"Gremlin Leader","floor":23.0,"turns":6.0},{"damage":15.0,"enemies":"Shelled Parasite and Fungi","floor":25.0,"turns":6.0},{"damage":11.0,"enemies":"Snake Plant","floor":27.0,"turns":4.0},{"damage":24.0,"enemies":"3 Cultists","floor":29.0,"turns":5.0},{"damage":41,"enemies":"Slavers","floor":31,"turns":7},{"damage":102,"enemies":"Automaton","floor":33,"turns":8}],"seed_played":"-8707238823186344483","potions_obtained":[{"floor":1.0,"key":"Weak Potion"},{"floor":11.0,"key":"SkillPotion"},{"floor":14.0,"key":"Energy Potion"},{"floor":14.0,"key":"FairyPotion"},{"floor":16.0,"key":"AttackPotion"},{"floor":18.0,"key":"Dexterity Potion"},{"floor":25.0,"key":"GamblersBrew"}],"is_trial":false,"path_per_floor":["M","$","M","M","?","R","E","M","T","E","M","M","$","?","R","B",null,"M","?","?","M","$","E","?","M","T","M","R","M","R","E","R","B"],"character_chosen":"IRONCLAD","items_purchased":["Armaments","Heavy Blade","Evolve","Flex","Lee\u0027s Waffle"],"campfire_rested":4,"item_purchase_floors":[2,2,13,13,22],"current_hp_per_floor":[80,80,80,80,60,60,52,58,58,39,33,39,39,39,63,35,80,66,50,50,48,87,31,31,22,32,27,56,38,67,32,61,0],"gold":133,"neow_bonus":"THREE_ENEMY_KILL","is_prod":false,"is_daily":false,"chose_seed":false,"campfire_upgraded":1,"win_rate":0,"timestamp":1565491237,"path_taken":["M","$","M","M","?","R","E","M","T","E","M","M","$","?","R","BOSS","M","?","?","M","$","E","?","M","T","?","R","M","R","E","R","BOSS"],"build_version":"2019-07-17","purchased_purges":1,"victory":false,"max_hp_per_floor":[80,80,80,80,80,80,80,80,80,80,80,80,80,80,80,80,80,80,80,80,80,87,87,87,87,97,97,97,97,97,97,97,97],"card_choices":[{"not_picked":["Corruption","Sword Boomerang"],"picked":"Spot Weakness","floor":1.0},{"not_picked":["Anger","Second Wind"],"picked":"Rage","floor":3.0},{"not_picked":["Anger","Flex"],"picked":"Shrug It Off","floor":4.0},{"not_picked":["Rupture","Power Through"],"picked":"Metallicize","floor":7.0},{"not_picked":["Armaments","Dropkick"],"picked":"Seeing Red","floor":8.0},{"not_picked":["Seeing Red","Anger"],"picked":"Thunderclap","floor":10.0},{"not_picked":["Power Through","Entrench"],"picked":"Heavy Blade","floor":11.0},{"not_picked":["Battle Trance","Brutality"],"picked":"Evolve","floor":12.0},{"not_picked":["Brutality","Limit Break"],"picked":"Demon Form","floor":16.0},{"not_picked":["Entrench","Clothesline+1"],"picked":"Cleave","floor":18.0},{"not_picked":["Headbutt","Disarm"],"picked":"Uppercut","floor":21.0},{"not_picked":["Iron Wave","Ghostly Armor+1"],"picked":"Disarm","floor":23.0},{"not_picked":["Heavy Blade","Rupture"],"picked":"Inflame","floor":25.0},{"not_picked":["Corruption","Sword Boomerang"],"picked":"Perfected Strike+1","floor":27.0},{"not_picked":["Cleave","Fiend Fire"],"picked":"Rampage","floor":29.0},{"not_picked":["Sword Boomerang+1","Rupture"],"picked":"Evolve","floor":31}],"player_experience":2827277,"relics_obtained":[{"floor":7.0,"key":"Whetstone"},{"floor":9.0,"key":"Orichalcum"},{"floor":10.0,"key":"Art of War"},{"floor":19.0,"key":"Nilry\u0027s Codex"},{"floor":23.0,"key":"Toxic Egg 2"},{"floor":26.0,"key":"Pear"},{"floor":31,"key":"Ancient Tea Set"}],"event_choices":[{"damage_healed":0.0,"max_hp_gain":0.0,"max_hp_loss":0.0,"gold_gain":0.0,"event_name":"Golden Idol","player_choice":"Take Damage","floor":5.0,"gold_loss":0.0,"damage_taken":20.0,"relics_obtained":["Golden Idol"]},{"damage_healed":0.0,"max_hp_gain":0.0,"max_hp_loss":0.0,"gold_gain":0.0,"event_name":"Lab","player_choice":"Got Potions","floor":14.0,"gold_loss":0.0,"damage_taken":0.0},{"damage_healed":0.0,"max_hp_gain":0.0,"max_hp_loss":0.0,"gold_gain":0.0,"event_name":"Cursed Tome","player_choice":"Obtained Book","floor":19.0,"gold_loss":0.0,"damage_taken":16.0},{"damage_healed":0.0,"max_hp_gain":0.0,"max_hp_loss":0.0,"gold_gain":0.0,"event_name":"Vampires","player_choice":"Ignored","floor":20.0,"gold_loss":0.0,"damage_taken":0.0},{"damage_healed":0.0,"max_hp_gain":0.0,"max_hp_loss":0.0,"gold_gain":0.0,"event_name":"Upgrade Shrine","player_choice":"Upgraded","floor":24.0,"gold_loss":0.0,"damage_taken":0.0,"cards_upgraded":["Demon Form"]}],"is_beta":false,"boss_relics":[{"not_picked":["Ectoplasm","Orrery"],"picked":"Mark of Pain"}],"items_purged_floors":[13],"is_endless":false,"potions_floor_spawned":[1,11,16,18,25],"killed_by":"Automaton","ascension_level":4}