{"gold_per_floor":[214,224,224,240,220,220,248,264,342,361,380,96,96,107,107,107],"floor_reached":16,"playtime":784,"items_purged":[],"score":125,"play_id":"86410ce4-282c-462f-beee-96717411c1aa","local_time":"20190825171033","is_ascension_mode":true,"campfire_choices":[{"floor":6,"key":"REST"},{"floor":13,"key":"REST"},{"floor":15,"key":"REST"}],"neow_cost":"NONE","seed_source_timestamp":0,"circlet_count":0,"master_deck":["Strike_G","Strike_G","Strike_G","Strike_G","Defend_G","Defend_G","Defend_G","Defend_G","Defend_G","Survivor","Neutralize","Cloak And Dagger","Leg Sweep","Heel Hook","Quick Slash","Backflip","Escape Plan","Escape Plan","Footwork","Well Laid Plans"],"special_seed":0,"relics":["Ring of the Snake","Unceasing Top","Singing Bowl","Paper Crane"],"potions_floor_usage":[10],"damage_taken":[{"damage":0,"enemies":"Cultist","floor":1,"turns":4},{"damage":2,"enemies":"Small Slimes","floor":2,"turns":5},{"damage":1,"enemies":"2 Louse","floor":4,"turns":6},{"damage":45,"enemies":"3 Sentries","floor":7,"turns":12},{"damage":8,"enemies":"Exordium Thugs","floor":8,"turns":9},{"damage":0,"enemies":"2 Fungi Beasts","floor":10,"turns":4},{"damage":0,"enemies":"Blue Slaver","floor":11,"turns":5},{"damage":0,"enemies":"Large Slime","floor":14,"turns":11},{"damage":19,"enemies":"Hexaghost","floor":16,"turns":5}],"seed_played":"-7385917351215802502","potions_obtained":[{"floor":5,"key":"Fire Potion"},{"floor":10,"key":"Fruit Juice"},{"floor":11,"key":"LiquidBronze"}],"is_trial":false,"path_per_floor":["M","M","?","M","?","R","E","M","T","M","M","$","R","M","R","B"],"character_chosen":"THE_SILENT","items_purchased":["Footwork","Paper Crane"],"campfire_rested":3,"item_purchase_floors":[12,12],"current_hp_per_floor":[70,68,61,60,60,70,25,17,17,22,22,22,44,44,66,47],"gold":107,"neow_bonus":"HUNDRED_GOLD","is_prod":false,"is_daily":false,"chose_seed":false,"campfire_upgraded":0,"win_rate":0,"timestamp":1566778233,"path_taken":["M","?","?","M","?","R","E","M","T","M","M","$","R","M","R","BOSS"],"build_version":"2019-07-17","purchased_purges":0,"victory":false,"max_hp_per_floor":[70,70,70,70,70,70,70,70,70,75,75,75,75,75,75,75],"card_choices":[{"not_picked":["Underhanded Strike","Dagger Spray"],"picked":"Cloak And Dagger","floor":1},{"not_picked":["Poisoned Stab","Flying Knee"],"picked":"Leg Sweep","floor":2},{"not_picked":["Blade Dance","Flying Knee"],"picked":"Heel Hook","floor":4},{"not_picked":["Well Laid Plans","Bane"],"picked":"Quick Slash","floor":7},{"not_picked":["Flying Knee","Masterful Stab"],"picked":"Backflip","floor":8},{"not_picked":["Heel Hook","Backflip"],"picked":"Escape Plan","floor":10},{"not_picked":["PiercingWail","Glass Knife"],"picked":"Escape Plan","floor":11},{"not_picked":["Dagger Throw","Cloak And Dagger"],"picked":"Well Laid Plans","floor":14}],"player_experience":3053207,"relics_obtained":[{"floor":7,"key":"Unceasing Top"},{"floor":9,"key":"Singing Bowl"}],"event_choices":[{"cards_removed":["Strike_G"],"damage_healed":0,"gold_gain":0,"player_choice":"Card Removal","damage_taken":7,"max_hp_gain":0,"max_hp_loss":0,"event_name":"Golden Wing","floor":3,"gold_loss":0},{"damage_healed":0,"gold_gain":0,"player_choice":"Bought 1 Potion","damage_taken":0,"max_hp_gain":0,"max_hp_loss":0,"event_name":"The Woman in Blue","floor":5,"gold_loss":0}],"is_beta":false,"boss_relics":[],"items_purged_floors":[],"is_endless":false,"potions_floor_spawned":[10,11],"killed_by":"Hexaghost","ascension_level":4}