{"gold_per_floor":[117,137,150,163,173,205,205,216,216,216,216,141,172,190,190,190],"floor_reached":16,"playtime":812,"items_purged":["Pain"],"score":137,"play_id":"8db40fa9-6176-4d29-8bdb-ac2b7025d4c7","local_time":"20190708193501","is_ascension_mode":true,"campfire_choices":[{"floor":7,"key":"REST"},{"data":"Noxious Fumes","floor":15,"key":"SMITH"}],"neow_cost":"NONE","seed_source_timestamp":2221748742304113,"circlet_count":0,"master_deck":["Strike_G","Strike_G","Strike_G","Strike_G","Strike_G","Defend_G","Defend_G","Defend_G","Defend_G","Defend_G","Survivor","Neutralize","Noxious Fumes+1","Dagger Spray","All Out Attack","Acrobatics","PiercingWail","Dodge and Roll"],"relics":["Ring of the Snake","Potion Belt","Letter Opener","Golden Idol","WarpedTongs","Nunchaku"],"potions_floor_usage":[6,13],"damage_taken":[{"damage":0,"enemies":"2 Louse","floor":1,"turns":3},{"damage":7,"enemies":"Small Slimes","floor":2,"turns":5},{"damage":2,"enemies":"Cultist","floor":3,"turns":5},{"damage":0,"enemies":"Gremlin Gang","floor":4,"turns":1},{"damage":1,"enemies":"Large Slime","floor":5,"turns":5},{"damage":32,"enemies":"Gremlin Nob","floor":6,"turns":4},{"damage":4,"enemies":"Blue Slaver","floor":8,"turns":5},{"damage":17,"enemies":"3 Sentries","floor":13,"turns":5},{"damage":2,"enemies":"Red Slaver","floor":14,"turns":4},{"damage":59,"enemies":"Slime Boss","floor":16,"turns":9}],"seed_played":"1144611787875083538","potions_obtained":[{"floor":2,"key":"SteroidPotion"},{"floor":3,"key":"SneckoOil"},{"floor":8,"key":"SpeedPotion"},{"floor":13,"key":"FairyPotion"},{"floor":14,"key":"LiquidBronze"}],"is_trial":false,"path_per_floor":["M","M","M","M","M","E","R","M","T","?","?","$","E","M","R","B"],"character_chosen":"THE_SILENT","items_purchased":[],"campfire_rested":1,"item_purchase_floors":[],"current_hp_per_floor":[77,70,68,68,67,35,58,54,54,54,54,54,37,35,35,0],"gold":190,"neow_bonus":"TEN_PERCENT_HP_BONUS","is_prod":false,"is_daily":false,"chose_seed":false,"campfire_upgraded":1,"win_rate":0,"timestamp":1562628901,"path_taken":["M","M","M","M","M","E","R","M","T","?","?","$","E","M","R","BOSS"],"build_version":"2019-07-05","purchased_purges":1,"victory":false,"max_hp_per_floor":[77,77,77,77,77,77,77,77,77,71,71,71,71,71,71,71],"card_choices":[{"not_picked":["Deadly Poison","Underhanded Strike"],"picked":"Noxious Fumes","floor":1},{"not_picked":["Prepared","Masterful Stab"],"picked":"Dagger Spray","floor":2},{"not_picked":["Flying Knee","Blade Dance"],"picked":"All Out Attack","floor":3},{"not_picked":["Prepared","Outmaneuver","Acrobatics"],"picked":"SKIP","floor":4},{"not_picked":["Choke","Bane","Expertise"],"picked":"SKIP","floor":5},{"not_picked":["Riddle With Holes","Sucker Punch"],"picked":"Acrobatics","floor":6},{"not_picked":["Glass Knife","Cloak And Dagger","Flying Knee"],"picked":"SKIP","floor":8},{"not_picked":["Outmaneuver","Slice"],"picked":"PiercingWail","floor":13},{"not_picked":["Sucker Punch","Finisher"],"picked":"Dodge and Roll","floor":14}],"player_experience":366344,"relics_obtained":[{"floor":6,"key":"Potion Belt"},{"floor":9,"key":"Letter Opener"},{"floor":13,"key":"Nunchaku"}],"event_choices":[{"damage_healed":0,"gold_gain":0,"player_choice":"Lose Max HP","damage_taken":0,"relics_obtained":["Golden Idol"],"max_hp_gain":0,"max_hp_loss":6,"event_name":"Golden Idol","floor":10,"gold_loss":0},{"damage_healed":0,"gold_gain":0,"player_choice":"Rummage","damage_taken":0,"relics_obtained":["WarpedTongs"],"max_hp_gain":0,"max_hp_loss":0,"event_name":"Accursed Blacksmith","floor":11,"gold_loss":0,"cards_obtained":["Pain"]}],"is_beta":false,"boss_relics":[],"items_purged_floors":[12],"is_endless":false,"potions_floor_spawned":[2,3,8,13,14],"killed_by":"Slime Boss","ascension_level":4}