{"gold_per_floor":[359,371,388,62,62,87,87,100,100,113,139,139,156,181,181,277,277,294,294,310,324,13,45,45,45,69,95,95,95,95,115,115,217,217,236,255,255,99,99],"floor_reached":39,"playtime":2744,"items_purged":["Strike_B","Strike_B"],"score":579,"play_id":"d05f4e57-e5eb-4f1c-9484-e9b7393732f6","local_time":"20190913110420","is_ascension_mode":true,"campfire_choices":[{"data":"Sunder","floor":7,"key":"SMITH"},{"data":"Static Discharge","floor":12,"key":"SMITH"},{"data":"Dualcast","floor":15,"key":"SMITH"},{"floor":28,"key":"REST"},{"data":"Double Energy","floor":30,"key":"SMITH"},{"data":"Echo Form","floor":32,"key":"SMITH"}],"neow_cost":"TEN_PERCENT_HP_LOSS","seed_source_timestamp":834933958162400,"circlet_count":0,"master_deck":["Defend_B+1","Defend_B","Defend_B","Zap+1","Dualcast+1","Sweeping Beam","Sunder+1","Leap","Self Repair","Static Discharge+1","Ball Lightning","Conserve Battery","Echo Form+1","Double Energy+1","Consume+1","Reprogram+1","Enlightenment","Capacitor","Self Repair+1","Darkness","Recycle","Core Surge","Turbo+1","Storm"],"relics":["Cracked Core","Frozen Eye","Centennial Puzzle","Du-Vu Doll","Singing Bowl","Toy Ornithopter","Odd Mushroom","Inserter","CultistMask","War Paint","Mercury Hourglass","Lantern","Regal Pillow","Philosopher\u0027s Stone","Happy Flower"],"potions_floor_usage":[6,11,11,18,20,20,23,27,31],"damage_taken":[{"damage":2,"enemies":"Jaw Worm","floor":1,"turns":3},{"damage":0,"enemies":"2 Louse","floor":2,"turns":2},{"damage":0,"enemies":"Small Slimes","floor":3,"turns":2},{"damage":11,"enemies":"3 Sentries","floor":6,"turns":4},{"damage":10,"enemies":"Gremlin Gang","floor":8,"turns":4},{"damage":6,"enemies":"Lots of Slimes","floor":10,"turns":3},{"damage":28,"enemies":"Gremlin Nob","floor":11,"turns":4},{"damage":1,"enemies":"2 Fungi Beasts","floor":13,"turns":2},{"damage":9,"enemies":"The Mushroom Lair","floor":14,"turns":3},{"damage":21,"enemies":"Hexaghost","floor":16,"turns":7},{"damage":17,"enemies":"Spheric Guardian","floor":18,"turns":4},{"damage":1,"enemies":"3 Byrds","floor":20,"turns":4},{"damage":27,"enemies":"Snake Plant","floor":21,"turns":4},{"damage":32,"enemies":"Slavers","floor":23,"turns":4},{"damage":38,"enemies":"Book of Stabbing","floor":27,"turns":4},{"damage":20,"enemies":"Sentry and Sphere","floor":31,"turns":4},{"damage":41,"enemies":"Automaton","floor":33,"turns":6},{"damage":30,"enemies":"Orb Walker","floor":35,"turns":4},{"damage":24,"enemies":"3 Shapes","floor":36,"turns":4},{"damage":55,"enemies":"Jaw Worm Horde","floor":39,"turns":2}],"seed_played":"-1908015117871030624","potions_obtained":[{"floor":2,"key":"Poison Potion"},{"floor":6,"key":"Regen Potion"},{"floor":11,"key":"SneckoOil"},{"floor":16,"key":"PowerPotion"},{"floor":18,"key":"SkillPotion"},{"floor":21,"key":"Poison Potion"},{"floor":27,"key":"Energy Potion"}],"is_trial":false,"path_per_floor":["M","M","M","$","?","E","R","M","T","M","E","R","M","?","R","B",null,"M","?","M","M","$","E","?","T","T","E","R","?","R","M","R","B",null,"M","M","?","$","M"],"character_chosen":"DEFECT","items_purchased":["Frozen Eye","Leap","Explosive Potion","Enlightenment","Capacitor","SpeedPotion","Happy Flower"],"campfire_rested":1,"item_purchase_floors":[4,4,4,22,22,22,38],"current_hp_per_floor":[66,66,66,66,59,48,48,38,38,41,32,32,38,36,36,22,58,53,53,69,49,49,36,36,36,36,15,51,51,51,55,55,41,66,53,36,36,36,0],"gold":99,"neow_bonus":"TWO_FIFTY_GOLD","is_prod":false,"is_daily":false,"chose_seed":false,"campfire_upgraded":5,"win_rate":0,"timestamp":1568390660,"path_taken":["M","M","M","$","?","E","R","M","T","M","E","R","M","?","R","BOSS","M","?","M","?","?","E","?","?","T","E","R","?","R","?","R","BOSS","M","M","?","$","M"],"build_version":"2019-09-12","purchased_purges":2,"victory":false,"max_hp_per_floor":[68,68,68,68,68,68,68,68,68,70,70,70,70,70,70,70,70,70,70,70,70,70,70,70,70,70,72,72,72,72,74,74,74,74,74,74,74,74,74],"card_choices":[{"not_picked":["Turbo","Steam"],"picked":"Sweeping Beam","floor":1},{"not_picked":["Reprogram","Doom and Gloom"],"picked":"Sunder","floor":2},{"not_picked":["Scrape","Rebound","Redo"],"picked":"SKIP","floor":3},{"not_picked":["Beam Cell","Sweeping Beam","Rebound"],"picked":"SKIP","floor":6},{"not_picked":["Doom and Gloom","Streamline"],"picked":"Self Repair","floor":8},{"not_picked":["Stack","Machine Learning","Glacier"],"picked":"Singing Bowl","floor":10},{"not_picked":["Redo","Undo"],"picked":"Static Discharge","floor":11},{"not_picked":["Streamline","Hologram"],"picked":"Ball Lightning","floor":13},{"not_picked":["Capacitor","Ball Lightning"],"picked":"Conserve Battery","floor":14},{"not_picked":["Buffer","Seek"],"picked":"Echo Form","floor":16},{"not_picked":["Auto Shields","Cold Snap"],"picked":"Double Energy","floor":18},{"not_picked":["Force Field","Conserve Battery"],"picked":"Consume+1","floor":20},{"not_picked":["Chaos","Scrape"],"picked":"Reprogram+1","floor":21},{"not_picked":["Redo","Leap+1"],"picked":"Self Repair+1","floor":23},{"not_picked":["Chill","Redo","Meteor Strike"],"picked":"Singing Bowl","floor":27},{"not_picked":["Compile Driver","Turbo","Beam Cell+1"],"picked":"Singing Bowl","floor":31},{"not_picked":["Rainbow","Reboot"],"picked":"Core Surge","floor":33},{"not_picked":["Streamline","Ball Lightning+1"],"picked":"Turbo+1","floor":35},{"not_picked":["Echo Form","Stack"],"picked":"Storm","floor":36}],"player_experience":259640,"relics_obtained":[{"floor":6,"key":"Du-Vu Doll"},{"floor":9,"key":"Singing Bowl"},{"floor":11,"key":"Toy Ornithopter"},{"floor":14,"key":"Odd Mushroom"},{"floor":23,"key":"War Paint"},{"floor":25,"key":"Mercury Hourglass"},{"floor":26,"key":"Lantern"},{"floor":27,"key":"Regal Pillow"}],"event_choices":[{"damage_healed":0,"gold_gain":0,"player_choice":"Success","damage_taken":7,"relics_obtained":["Centennial Puzzle"],"max_hp_gain":0,"max_hp_loss":0,"event_name":"Scrap Ooze","floor":5,"gold_loss":0},{"damage_healed":0,"gold_gain":0,"player_choice":"Fought Mushrooms","damage_taken":0,"max_hp_gain":0,"max_hp_loss":0,"event_name":"Mushrooms","floor":14,"gold_loss":0},{"damage_healed":0,"gold_gain":0,"player_choice":"Trade","damage_taken":0,"relics_obtained":["CultistMask"],"max_hp_gain":0,"max_hp_loss":0,"event_name":"FaceTrader","floor":19,"gold_loss":0},{"damage_healed":0,"gold_gain":0,"cards_transformed":["Strike_B","Defend_B"],"player_choice":"Became Test Subject","damage_taken":0,"max_hp_gain":0,"max_hp_loss":0,"event_name":"Drug Dealer","floor":24,"gold_loss":0,"cards_obtained":["Darkness","Recycle"]},{"cards_removed":["Strike_B"],"damage_healed":0,"gold_gain":0,"player_choice":"Purged","damage_taken":0,"max_hp_gain":0,"max_hp_loss":0,"event_name":"Purifier","floor":29,"gold_loss":0},{"damage_healed":0,"gold_gain":0,"player_choice":"Ignored","damage_taken":0,"max_hp_gain":0,"max_hp_loss":0,"event_name":"Tomb of Lord Red Mask","floor":37,"gold_loss":0}],"is_beta":true,"boss_relics":[{"not_picked":["SacredBark","Black Star"],"picked":"Inserter"},{"not_picked":["Runic Pyramid","Runic Dome"],"picked":"Philosopher\u0027s Stone"}],"items_purged_floors":[4,22],"is_endless":false,"potions_floor_spawned":[2,6,11,16,18,21,27],"killed_by":"Jaw Worm Horde","ascension_level":7}