{"gold_per_floor":[12,24,24,35,54,54,88,88,161,87,87,114,126,126,126,226,226,244,255,273,127,140,166,166,199,199,199,199,210,235,245,245,348,348,365,90,100,110,126,161,161],"floor_reached":41,"playtime":3987,"items_purged":["Envenom+1"],"score":627,"play_id":"969671b5-d2fc-4f10-a1b3-118bb71c189a","local_time":"20190630043954","is_ascension_mode":true,"campfire_choices":[{"data":"Footwork","floor":6.0,"key":"SMITH"},{"floor":8.0,"key":"REST"},{"data":"Deadly Poison","floor":15.0,"key":"SMITH"},{"floor":24.0,"key":"REST"},{"floor":27.0,"key":"REST"},{"floor":32,"key":"RECALL"}],"neow_cost":"NO_GOLD","seed_source_timestamp":0,"circlet_count":0,"master_deck":["Defend_G","Defend_G","Defend_G","Defend_G","Survivor","Neutralize","Adrenaline+1","Blur","Backflip","Footwork+1","Deadly Poison+1","Die Die Die","Corpse Explosion+1","Night Terror+1","PiercingWail","Dodge and Roll","PiercingWail+1","Escape Plan+1","Bullet Time+1","Blade Dance+1","Masterful Stab+1","Backstab","Bouncing Flask+1","Caltrops+1"],"special_seed":0,"relics":["Ring of the Snake","StoneCalendar","Meat on the Bone","Omamori","Empty Cage","Lantern","War Paint","Paper Crane","Toxic Egg 2","Pen Nib","Astrolabe","TwistedFunnel","Strawberry"],"potions_floor_usage":[33,33,35],"damage_taken":[{"damage":0.0,"enemies":"Jaw Worm","floor":1.0,"turns":4.0},{"damage":0.0,"enemies":"Small Slimes","floor":2.0,"turns":3.0},{"damage":0.0,"enemies":"Cultist","floor":4.0,"turns":4.0},{"damage":10.0,"enemies":"Gremlin Gang","floor":5.0,"turns":13.0},{"damage":20.0,"enemies":"Lagavulin","floor":7.0,"turns":10.0},{"damage":2.0,"enemies":"3 Sentries","floor":12.0,"turns":5.0},{"damage":8.0,"enemies":"Large Slime","floor":13.0,"turns":7.0},{"damage":0.0,"enemies":"Hexaghost","floor":16.0,"turns":9.0},{"damage":4.0,"enemies":"Shell Parasite","floor":18.0,"turns":7.0},{"damage":4.0,"enemies":"Chosen","floor":19.0,"turns":7.0},{"damage":0.0,"enemies":"3 Cultists","floor":20.0,"turns":2.0},{"damage":0.0,"enemies":"Snake Plant","floor":22.0,"turns":5.0},{"damage":39.0,"enemies":"Gremlin Leader","floor":23.0,"turns":7.0},{"damage":16.0,"enemies":"Slavers","floor":25.0,"turns":2.0},{"damage":0.0,"enemies":"Centurion and Healer","floor":29.0,"turns":3.0},{"damage":1.0,"enemies":"Gremlin Leader","floor":30.0,"turns":7.0},{"damage":9,"enemies":"3 Cultists","floor":31,"turns":5},{"damage":11,"enemies":"Automaton","floor":33,"turns":10},{"damage":2,"enemies":"3 Shapes","floor":35,"turns":4},{"damage":0,"enemies":"3 Darklings","floor":37,"turns":3},{"damage":7,"enemies":"4 Shapes","floor":38,"turns":2},{"damage":22,"enemies":"Sphere and 2 Shapes","floor":39,"turns":7},{"damage":21,"enemies":"Giant Head","floor":40,"turns":12},{"damage":59,"enemies":"Spire Growth","floor":41,"turns":4}],"seed_played":"-368616064256552552","potions_obtained":[{"floor":4.0,"key":"Energy Potion"},{"floor":5.0,"key":"Explosive Potion"},{"floor":7.0,"key":"Strength Potion"},{"floor":13.0,"key":"Explosive Potion"},{"floor":16.0,"key":"SteroidPotion"},{"floor":19.0,"key":"Poison Potion"},{"floor":20.0,"key":"PowerPotion"},{"floor":25.0,"key":"SpeedPotion"},{"floor":28.0,"key":"Fire Potion"},{"floor":28.0,"key":"LiquidBronze"},{"floor":29.0,"key":"Dexterity Potion"},{"floor":33,"key":"SkillPotion"}],"is_trial":false,"path_per_floor":["M","M","?","M","M","R","E","R","T","$","?","E","M","?","R","B",null,"M","M","M","$","M","E","R","E","T","R","?","M","E","M","R","B",null,"M","$","M","M","M","E","M"],"character_chosen":"THE_SILENT","items_purchased":["Die Die Die","Lantern","TwistedFunnel"],"campfire_rested":3,"item_purchase_floors":[10,21,36],"current_hp_per_floor":[70,70,63,63,53,53,33,54,54,54,54,52,44,44,44,44,70,66,62,62,62,62,35,56,40,40,61,61,61,60,51,51,40,70,68,68,68,61,39,37,0],"gold":161,"neow_bonus":"THREE_RARE_CARDS","is_prod":false,"is_daily":false,"chose_seed":false,"campfire_upgraded":2,"win_rate":0,"timestamp":1561883994,"path_taken":["M","M","?","M","M","R","E","R","T","$","?","E","M","?","R","BOSS","M","M","M","$","M","E","R","E","T","R","?","M","E","M","R","BOSS","M","$","M","M","M","E","M"],"build_version":"2019-01-23","purchased_purges":1,"victory":false,"max_hp_per_floor":[70,70,70,70,70,70,70,70,70,70,70,70,70,70,70,70,70,70,70,70,70,70,70,70,70,70,70,70,70,70,70,70,70,70,70,70,70,70,70,77,77],"card_choices":[{"not_picked":["Bullet Time","Grand Finale"],"picked":"Adrenaline","floor":0.0},{"not_picked":["Deadly Poison","Reflex"],"picked":"Blur","floor":1.0},{"not_picked":["Cloak And Dagger","Distraction"],"picked":"Backflip","floor":2.0},{"not_picked":["Acrobatics","Backflip"],"picked":"Footwork","floor":4.0},{"not_picked":["Blade Dance","Acrobatics"],"picked":"Predator","floor":5.0},{"not_picked":["Reflex","Finisher"],"picked":"Deadly Poison","floor":7.0},{"not_picked":["Blade Dance","Setup","Cloak And Dagger"],"picked":"SKIP","floor":12.0},{"not_picked":["Setup","Quick Slash"],"picked":"Corpse Explosion","floor":13.0},{"not_picked":["Die Die Die","Corpse Explosion"],"picked":"Night Terror","floor":16.0},{"not_picked":["Accuracy+1","Choke"],"picked":"PiercingWail","floor":18.0},{"not_picked":["Underhanded Strike","Deflect+1","Sucker Punch+1"],"picked":"SKIP","floor":19.0},{"not_picked":["PiercingWail","Bane+1"],"picked":"Dodge and Roll","floor":20.0},{"not_picked":["Predator+1","Prepared","Bane"],"picked":"SKIP","floor":22.0},{"not_picked":["Night Terror","Infinite Blades","Dagger Spray"],"picked":"SKIP","floor":23.0},{"not_picked":["Slice","All Out Attack","Blade Dance"],"picked":"SKIP","floor":25.0},{"not_picked":["Sucker Punch","Prepared+1","Outmaneuver+1"],"picked":"SKIP","floor":29.0},{"not_picked":["Venomology+1","Backstab"],"picked":"PiercingWail+1","floor":30},{"not_picked":["Caltrops","PiercingWail+1"],"picked":"Escape Plan+1","floor":31},{"not_picked":["Venomology+1","Tools of the Trade"],"picked":"Bullet Time+1","floor":33},{"not_picked":["Riddle With Holes+1","Blade Dance+1","Sucker Punch"],"picked":"SKIP","floor":35},{"not_picked":["Outmaneuver+1","Sucker Punch+1","Blade Dance+1"],"picked":"SKIP","floor":37},{"not_picked":["Setup+1","Expertise+1"],"picked":"Backstab","floor":38},{"not_picked":["Underhanded Strike","Expertise+1"],"picked":"Bouncing Flask+1","floor":39},{"not_picked":["Leg Sweep+1","Prepared+1"],"picked":"Caltrops+1","floor":40}],"player_experience":298239,"relics_obtained":[{"floor":7.0,"key":"StoneCalendar"},{"floor":9.0,"key":"Meat on the Bone"},{"floor":12.0,"key":"Omamori"},{"floor":23.0,"key":"War Paint"},{"floor":25.0,"key":"Paper Crane"},{"floor":26.0,"key":"Toxic Egg 2"},{"floor":30,"key":"Pen Nib"},{"floor":40,"key":"Strawberry"}],"event_choices":[{"cards_removed":["Defend_G"],"damage_healed":0.0,"max_hp_gain":0.0,"max_hp_loss":0.0,"gold_gain":0.0,"event_name":"Golden Wing","player_choice":"Card Removal","floor":3.0,"gold_loss":0.0,"damage_taken":7.0},{"damage_healed":0.0,"max_hp_gain":0.0,"max_hp_loss":0.0,"gold_gain":0.0,"event_name":"Living Wall","player_choice":"Grow","floor":11.0,"gold_loss":0.0,"damage_taken":0.0,"cards_upgraded":["Adrenaline"]},{"cards_removed":["Strike_G"],"damage_healed":0.0,"max_hp_gain":0.0,"max_hp_loss":0.0,"gold_gain":0.0,"event_name":"Bonfire Elementals","player_choice":"Offered Basic","floor":14.0,"gold_loss":0.0,"damage_taken":0.0},{"damage_healed":0.0,"max_hp_gain":0.0,"max_hp_loss":0.0,"gold_gain":0.0,"event_name":"Lab","player_choice":"Got Potions","floor":28.0,"gold_loss":0.0,"damage_taken":0.0}],"is_beta":false,"boss_relics":[{"not_picked":["Runic Dome","White Beast Statue"],"picked":"Empty Cage"},{"not_picked":["HoveringKite","Tiny House"],"picked":"Astrolabe"}],"items_purged_floors":[36],"is_endless":false,"potions_floor_spawned":[4,5,7,13,16,19,20,25,29,31,33],"killed_by":"Spire Growth","ascension_level":3}