{"gold_per_floor":[144,189,25,25,25,115,169,223,232,331,385,385,484,538,538,856,856,901,901,946,991,991,1081,1126,1216,1250,536,581,626,644,133,133,451,460,505,505,170,224,224,314,314,413,447,203,302,37,82,136,136,136],"floor_reached":51,"playtime":2152,"items_purged":[],"score":1570,"play_id":"54e08f71-46e3-4a5b-95b4-a06c497b4732","local_time":"20191011162838","daily_mods":["Cursed Run","Hoarder","Midas"],"is_ascension_mode":false,"campfire_choices":[{"floor":12,"key":"REST"},{"floor":15,"key":"REST"},{"floor":32,"key":"REST"},{"floor":41,"key":"REST"},{"floor":49,"key":"REST"}],"neow_cost":"","seed_source_timestamp":0,"circlet_count":0,"master_deck":["Strike_B","Strike_B","Strike_B","Defend_B","Defend_B","Defend_B","Defend_B","Zap+1","Dualcast+1","Ball Lightning","Ball Lightning","Ball Lightning","Leap","Leap","Leap","Gash","Gash","Gash","Defragment","Defragment","Defragment","Compile Driver","Compile Driver","Compile Driver","Decay","Decay","Decay","Sunder","Sunder","Sunder","Sweeping Beam","Sweeping Beam","Sweeping Beam","Gash+1","Gash+1","Gash+1","Cold Snap+1","Cold Snap+1","Cold Snap+1","Echo Form","Echo Form","Echo Form","Injury","Injury","Injury","Doom and Gloom+1","Doom and Gloom+1","Doom and Gloom+1","Enlightenment","Enlightenment","Enlightenment","Ghostly","Ghostly","Ghostly","Ghostly","Ghostly","Ghostly","Ghostly","Ghostly","Ghostly","Ghostly","Ghostly","Ghostly","Ghostly","Ghostly","Ghostly","Clumsy","Clumsy","Clumsy","Parasite","Parasite","Parasite","Coolheaded","Coolheaded","Coolheaded","Master of Strategy","Master of Strategy","Master of Strategy","Parasite","Parasite","Parasite","Amplify","Amplify","Amplify","CurseOfTheBell","CurseOfTheBell","CurseOfTheBell","Swift Strike+1","Swift Strike+1","Swift Strike+1","Doom and Gloom+1","Doom and Gloom+1","Doom and Gloom+1","Barrage+1","Barrage+1","Barrage+1","Clumsy","Clumsy","Clumsy","Apotheosis","Apotheosis","Apotheosis","Stack","Stack","Stack","Coolheaded+1","Coolheaded+1","Coolheaded+1","Secret Technique","Secret Technique","Secret Technique","Aggregate","Aggregate","Aggregate","Blind","Blind","Blind","Fusion+1","Fusion+1","Fusion+1"],"special_seed":18180,"relics":["Cursed Key","Darkstone Periapt","Du-Vu Doll","CeramicFish","Vajra","Akabeko","Singing Bowl","Mango","Molten Egg 2","Busted Crown","War Paint","CloakClasp","Potion Belt","TungstenRod","Pantograph","MealTicket","Frozen Eye","Calling Bell","Boot","Matryoshka","Dead Branch","Blue Candle","Ornamental Fan","StoneCalendar","Dream Catcher","Omamori","Membership Card","Anchor","InkBottle"],"potions_floor_usage":[23,25,40,47,47,50,50,50,50],"damage_taken":[{"damage":2,"enemies":"2 Louse","floor":1,"turns":3},{"damage":0,"enemies":"Cultist","floor":2,"turns":2},{"damage":8,"enemies":"3 Sentries","floor":6,"turns":5},{"damage":0,"enemies":"Small Slimes","floor":7,"turns":2},{"damage":0,"enemies":"Blue Slaver","floor":8,"turns":2},{"damage":16,"enemies":"Gremlin Nob","floor":10,"turns":3},{"damage":0,"enemies":"2 Fungi Beasts","floor":11,"turns":2},{"damage":6,"enemies":"Lagavulin","floor":13,"turns":4},{"damage":0,"enemies":"3 Louse","floor":14,"turns":1},{"damage":0,"enemies":"Slime Boss","floor":16,"turns":5},{"damage":0,"enemies":"2 Thieves","floor":18,"turns":2},{"damage":0,"enemies":"Shell Parasite","floor":20,"turns":2},{"damage":9,"enemies":"3 Cultists","floor":21,"turns":4},{"damage":0,"enemies":"Book of Stabbing","floor":23,"turns":4},{"damage":16,"enemies":"Cultist and Chosen","floor":24,"turns":4},{"damage":22,"enemies":"Gremlin Leader","floor":25,"turns":4},{"damage":0,"enemies":"Snake Plant","floor":29,"turns":2},{"damage":0,"enemies":"Collector","floor":33,"turns":7},{"damage":0,"enemies":"3 Shapes","floor":35,"turns":1},{"damage":0,"enemies":"3 Darklings","floor":38,"turns":3},{"damage":0,"enemies":"Nemesis","floor":40,"turns":3},{"damage":0,"enemies":"Giant Head","floor":42,"turns":6},{"damage":0,"enemies":"Reptomancer","floor":45,"turns":3},{"damage":0,"enemies":"Transient","floor":47,"turns":5},{"damage":0,"enemies":"4 Shapes","floor":48,"turns":1},{"damage":0,"enemies":"Awakened One","floor":50,"turns":4}],"seed_played":"-6487018245924303858","potions_obtained":[{"floor":1,"key":"EssenceOfSteel"},{"floor":6,"key":"Block Potion"},{"floor":10,"key":"Explosive Potion"},{"floor":13,"key":"Strength Potion"},{"floor":14,"key":"FocusPotion"},{"floor":22,"key":"PowerPotion"},{"floor":22,"key":"PotionOfCapacity"},{"floor":24,"key":"Weak Potion"},{"floor":25,"key":"FocusPotion"},{"floor":35,"key":"LiquidBronze"},{"floor":45,"key":"FocusPotion"},{"floor":48,"key":"Energy Potion"}],"is_trial":false,"path_per_floor":["M","M","$","?","$","E","M","M","T","E","M","R","E","M","R","B",null,"M","?","M","M","?","E","M","E","T","$","?","M","?","$","R","B",null,"M","?","$","M","?","E","R","E","T","$","E","$","M","M","R","B",null],"character_chosen":"DEFECT","items_purchased":["CeramicFish","Gash","TungstenRod","Doom and Gloom+1","Pantograph","Enlightenment","SteroidPotion","MealTicket","Frozen Eye","Coolheaded","Master of Strategy","Blue Candle","Swift Strike+1","Membership Card","Apotheosis","Stack","InkBottle","Secret Technique","Aggregate","Blind"],"campfire_rested":5,"item_purchase_floors":[3,3,27,27,27,27,27,31,31,31,31,37,37,44,44,44,46,46,46,46],"current_hp_per_floor":[73,73,73,73,73,65,65,65,83,81,81,107,101,101,107,125,125,127,127,129,122,122,124,110,90,108,108,77,79,115,115,115,133,151,153,153,153,153,153,155,155,155,173,173,173,173,175,175,177,177],"gold":136,"neow_bonus":"","is_prod":false,"is_daily":true,"chose_seed":false,"campfire_upgraded":0,"win_rate":0,"timestamp":1570829318,"path_taken":["M","M","$","?","?","E","M","M","T","E","?","R","E","M","R","BOSS","M","?","M","M","?","E","?","E","T","$","?","M","?","$","R","BOSS","M","?","$","M","?","E","R","E","T","$","E","$","M","M","R","BOSS"],"build_version":"2019-10-11","purchased_purges":0,"victory":true,"max_hp_per_floor":[75,75,75,75,75,75,75,75,93,107,107,107,107,107,107,125,125,127,127,129,131,131,133,135,137,155,155,77,79,115,115,115,133,151,153,153,153,153,153,155,155,155,173,173,173,173,175,175,177,177],"card_choices":[{"not_picked":["White Noise","Loop"],"picked":"Ball Lightning","floor":1},{"not_picked":["Storm","Skim"],"picked":"Leap","floor":2},{"not_picked":["Meteor Strike","Ball Lightning","Redo"],"picked":"SKIP","floor":6},{"not_picked":["Storm","Loop"],"picked":"Defragment","floor":7},{"not_picked":["Force Field","Consume"],"picked":"Compile Driver","floor":8},{"not_picked":["Thunder Strike","Compile Driver"],"picked":"Sunder","floor":10},{"not_picked":["Sunder","Blizzard"],"picked":"Sweeping Beam","floor":11},{"not_picked":["Reinforced Body","Stack"],"picked":"Gash","floor":13},{"not_picked":["Rebound+1","Go for the Eyes+1"],"picked":"Cold Snap+1","floor":14},{"not_picked":["Hyperbeam+1","Electrodynamics"],"picked":"Echo Form","floor":16},{"not_picked":["Loop"],"picked":"Singing Bowl","floor":18},{"not_picked":["Conserve Battery"],"picked":"Singing Bowl","floor":20},{"not_picked":["Conserve Battery+1"],"picked":"Singing Bowl","floor":21},{"not_picked":["Meteor Strike+1"],"picked":"Singing Bowl","floor":23},{"not_picked":["Hello World+1"],"picked":"Singing Bowl","floor":24},{"not_picked":["Multi-Cast"],"picked":"Singing Bowl","floor":25},{"not_picked":["Redo+1"],"picked":"Singing Bowl","floor":29},{"not_picked":[],"picked":"Amplify","floor":33},{"not_picked":["Compile Driver+1"],"picked":"Singing Bowl","floor":35},{"not_picked":[],"picked":"Doom and Gloom+1","floor":38},{"not_picked":["Chaos+1"],"picked":"Singing Bowl","floor":40},{"not_picked":[],"picked":"Barrage+1","floor":42},{"not_picked":[],"picked":"Coolheaded+1","floor":45},{"not_picked":["Heatsinks+1"],"picked":"Singing Bowl","floor":47},{"not_picked":[],"picked":"Fusion+1","floor":48},{"not_picked":["Leap+1"],"picked":"Singing Bowl","floor":49}],"player_experience":458484,"relics_obtained":[{"floor":6,"key":"Akabeko"},{"floor":9,"key":"Singing Bowl"},{"floor":10,"key":"Mango"},{"floor":13,"key":"Molten Egg 2"},{"floor":23,"key":"War Paint"},{"floor":25,"key":"CloakClasp"},{"floor":26,"key":"Potion Belt"},{"floor":34,"key":"Boot"},{"floor":34,"key":"Matryoshka"},{"floor":34,"key":"Dead Branch"},{"floor":40,"key":"Ornamental Fan"},{"floor":42,"key":"StoneCalendar"},{"floor":43,"key":"Dream Catcher"},{"floor":43,"key":"Omamori"},{"floor":45,"key":"Anchor"}],"event_choices":[{"damage_healed":0,"gold_gain":0,"player_choice":"Gave Potion","damage_taken":0,"relics_obtained":["Vajra"],"max_hp_gain":0,"max_hp_loss":0,"event_name":"WeMeetAgain","floor":4,"gold_loss":0},{"cards_removed":["Normality"],"damage_healed":0,"gold_gain":0,"player_choice":"Elegance","damage_taken":0,"max_hp_gain":0,"max_hp_loss":0,"event_name":"Back to Basics","floor":19,"gold_loss":0},{"damage_healed":0,"gold_gain":0,"player_choice":"Got Potions","damage_taken":0,"max_hp_gain":0,"max_hp_loss":0,"event_name":"Lab","floor":22,"gold_loss":0},{"damage_healed":0,"gold_gain":0,"player_choice":"Became a Ghost","damage_taken":0,"max_hp_gain":0,"max_hp_loss":78,"event_name":"Ghosts","floor":28,"gold_loss":0,"cards_obtained":["Ghostly","Ghostly","Ghostly","Ghostly","Ghostly"]},{"damage_healed":0,"gold_gain":0,"cards_transformed":["Normality","Normality"],"player_choice":"Became Test Subject","damage_taken":0,"max_hp_gain":0,"max_hp_loss":0,"event_name":"Drug Dealer","floor":30,"gold_loss":0,"cards_obtained":["Clumsy","Parasite"]},{"cards_removed":["Strike_B"],"damage_healed":0,"gold_gain":0,"player_choice":"Removed Attack","damage_taken":0,"max_hp_gain":0,"max_hp_loss":0,"event_name":"Falling","floor":36,"gold_loss":0},{"damage_healed":0,"gold_gain":0,"player_choice":"Ignored","damage_taken":0,"max_hp_gain":0,"max_hp_loss":0,"event_name":"SecretPortal","floor":39,"gold_loss":0}],"is_beta":true,"boss_relics":[{"not_picked":["Runic Pyramid","Velvet Choker"],"picked":"Busted Crown"},{"not_picked":["Astrolabe","SacredBark"],"picked":"Calling Bell"}],"items_purged_floors":[],"is_endless":false,"potions_floor_spawned":[1,6,10,13,14,21,24,25,35,45,48],"ascension_level":0}