{"gold_per_floor":[362,138,151,79,79,79,107,107,133,153,173,199,199,199,199,302,302,321,321,337,3,21,47,47,82,109,119,119,119,148,161,161,161],"floor_reached":33,"playtime":2780,"items_purged":[],"score":436,"play_id":"c4710ff9-811c-4de4-a576-ab7066be3bca","local_time":"20190814184741","is_ascension_mode":true,"campfire_choices":[{"data":"Heavy Blade","floor":6.0,"key":"SMITH"},{"floor":13.0,"key":"REST"},{"data":"Uppercut","floor":15.0,"key":"SMITH"},{"floor":24.0,"key":"REST"},{"floor":29.0,"key":"REST"},{"floor":32,"key":"REST"}],"neow_cost":"PERCENT_DAMAGE","seed_source_timestamp":0,"circlet_count":0,"master_deck":["Strike_R+1","Strike_R+1","Strike_R+1","Strike_R+1","Defend_R+1","Defend_R+1","Defend_R+1","Defend_R+1","Bash","Inflame","Inflame","Heavy Blade+1","Spot Weakness","Dual Wield","Heavy Blade","Perfected Strike","Uppercut+1","Double Tap","Armaments","Warcry+1","Apotheosis","Seeing Red","Pummel","Sever Soul","Heavy Blade+1","Limit Break","True Grit"],"special_seed":0,"relics":["Burning Blood","Vajra","Mercury Hourglass","Orichalcum","Lantern","Incense Burner","Runic Pyramid","Omamori","Boot","Happy Flower","Ancient Tea Set","Art of War"],"potions_floor_usage":[33],"damage_taken":[{"damage":4.0,"enemies":"Small Slimes","floor":1.0,"turns":4.0},{"damage":0.0,"enemies":"2 Louse","floor":3.0,"turns":2.0},{"damage":20.0,"enemies":"Lagavulin","floor":7.0,"turns":5.0},{"damage":7.0,"enemies":"Jaw Worm","floor":10.0,"turns":3.0},{"damage":5.0,"enemies":"Looter","floor":11.0,"turns":2.0},{"damage":8.0,"enemies":"3 Sentries","floor":12.0,"turns":4.0},{"damage":0.0,"enemies":"Slime Boss","floor":16.0,"turns":6.0},{"damage":2.0,"enemies":"Chosen","floor":18.0,"turns":3.0},{"damage":0.0,"enemies":"3 Byrds","floor":20.0,"turns":3.0},{"damage":11.0,"enemies":"Centurion and Healer","floor":22.0,"turns":5.0},{"damage":27.0,"enemies":"Book of Stabbing","floor":23.0,"turns":4.0},{"damage":54.0,"enemies":"Gremlin Leader","floor":25.0,"turns":6.0},{"damage":6.0,"enemies":"Cultist and Chosen","floor":27.0,"turns":4.0},{"damage":28,"enemies":"Slavers","floor":30,"turns":3},{"damage":12,"enemies":"Shelled Parasite and Fungi","floor":31,"turns":3},{"damage":98,"enemies":"Collector","floor":33,"turns":7}],"seed_played":"9195189855791531842","potions_obtained":[{"floor":3.0,"key":"SkillPotion"},{"floor":10.0,"key":"Explosive Potion"},{"floor":22.0,"key":"SmokeBomb"},{"floor":25.0,"key":"EntropicBrew"},{"floor":27.0,"key":"SpeedPotion"}],"is_trial":false,"path_per_floor":["M","$","M","$","?","R","E","?","T","M","M","E","R","?","R","B",null,"M","?","M","$","M","E","R","E","T","M","?","R","E","M","R","B"],"character_chosen":"IRONCLAD","items_purchased":["Inflame","Vajra","Spot Weakness","Omamori","Apotheosis"],"campfire_rested":4,"item_purchase_floors":[2,2,4,21,21],"current_hp_per_floor":[58,58,64,64,69,69,55,48,48,47,48,46,71,64,64,70,85,85,85,85,85,80,59,84,36,36,36,36,61,39,33,58,0],"gold":161,"neow_bonus":"TWO_FIFTY_GOLD","is_prod":false,"is_daily":false,"chose_seed":false,"campfire_upgraded":2,"win_rate":0,"timestamp":1565833661,"path_taken":["M","$","M","$","?","R","E","?","T","M","M","E","R","?","R","BOSS","M","?","M","$","M","E","R","E","T","M","?","R","E","M","R","BOSS"],"build_version":"2019-07-17","purchased_purges":0,"victory":false,"max_hp_per_floor":[80,80,80,80,85,85,85,85,85,85,85,85,85,85,85,85,85,85,85,85,85,85,85,85,85,85,85,85,85,85,85,85,85],"card_choices":[{"not_picked":["Sword Boomerang","Reckless Charge"],"picked":"Inflame","floor":1.0},{"not_picked":["Clothesline","True Grit"],"picked":"Heavy Blade","floor":3.0},{"not_picked":["Body Slam","Sentinel"],"picked":"Dual Wield","floor":7.0},{"not_picked":["Iron Wave","Clash"],"picked":"Heavy Blade","floor":10.0},{"not_picked":["Cleave","Wild Strike"],"picked":"Perfected Strike","floor":11.0},{"not_picked":["Body Slam","Iron Wave"],"picked":"Uppercut","floor":12.0},{"not_picked":["Demon Form","Feed"],"picked":"Double Tap","floor":16.0},{"not_picked":["Intimidate","Dual Wield"],"picked":"Armaments","floor":18.0},{"not_picked":["Armaments","Sentinel+1"],"picked":"Warcry+1","floor":20.0},{"not_picked":["Iron Wave+1","Perfected Strike"],"picked":"Seeing Red","floor":22.0},{"not_picked":["Entrench","Bloodletting"],"picked":"Pummel","floor":23.0},{"not_picked":["Perfected Strike","Fire Breathing"],"picked":"Sever Soul","floor":25.0},{"not_picked":["Anger","Clothesline"],"picked":"Heavy Blade+1","floor":27.0},{"not_picked":["Fire Breathing","Anger"],"picked":"Limit Break","floor":30},{"not_picked":["Rage","Armaments"],"picked":"True Grit","floor":31}],"player_experience":2996898,"relics_obtained":[{"floor":7.0,"key":"Mercury Hourglass"},{"floor":9.0,"key":"Orichalcum"},{"floor":12.0,"key":"Lantern"},{"floor":23.0,"key":"Boot"},{"floor":25.0,"key":"Happy Flower"},{"floor":26.0,"key":"Ancient Tea Set"},{"floor":30,"key":"Art of War"}],"event_choices":[{"damage_healed":0.0,"max_hp_gain":5.0,"max_hp_loss":0.0,"gold_gain":0.0,"event_name":"Big Fish","player_choice":"Donut","floor":5.0,"gold_loss":0.0,"damage_taken":0.0},{"cards_removed":["Strike_R"],"damage_healed":0.0,"max_hp_gain":0.0,"max_hp_loss":0.0,"gold_gain":0.0,"event_name":"Golden Wing","player_choice":"Card Removal","floor":8.0,"gold_loss":0.0,"damage_taken":7.0},{"damage_healed":0.0,"max_hp_gain":0.0,"max_hp_loss":0.0,"gold_gain":0.0,"event_name":"Scrap Ooze","player_choice":"Success","floor":14.0,"gold_loss":0.0,"damage_taken":7.0,"relics_obtained":["Incense Burner"]},{"damage_healed":0.0,"max_hp_gain":0.0,"max_hp_loss":0.0,"gold_gain":0.0,"event_name":"Back to Basics","player_choice":"Simplicity","floor":19.0,"gold_loss":0.0,"damage_taken":0.0,"cards_upgraded":["Strike_R","Strike_R","Strike_R","Strike_R","Defend_R","Defend_R","Defend_R","Defend_R"]},{"damage_healed":0.0,"max_hp_gain":0.0,"max_hp_loss":0.0,"gold_gain":0.0,"event_name":"Ghosts","player_choice":"Ignored","floor":28.0,"gold_loss":0.0,"damage_taken":0.0}],"is_beta":false,"boss_relics":[{"not_picked":["Calling Bell","Fusion Hammer"],"picked":"Runic Pyramid"}],"items_purged_floors":[],"is_endless":false,"potions_floor_spawned":[3,10,22,25,27,30],"killed_by":"Collector","ascension_level":4}