{"gold_per_floor":[215,231,5,19,19,19,44,44,68,78,97,97,97,9,9,106,106,119,119,135,50,68,68,103,116,165,30,41,68,81,1,1,101,101,114,134,84,99,99,113,113,128,151,169,20,20,48,58,58,58],"floor_reached":50,"playtime":3427,"items_purged":["Strike_G","Strike_G"],"score":676,"play_id":"3693140d-a1a5-4c1e-b25d-712537aeba08","local_time":"20191009225720","is_ascension_mode":true,"campfire_choices":[{"data":"Bouncing Flask","floor":6,"key":"SMITH"},{"data":"Leg Sweep","floor":8,"key":"SMITH"},{"data":"Sucker Punch","floor":15,"key":"SMITH"},{"floor":23,"key":"REST"},{"floor":32,"key":"REST"},{"data":"Catalyst","floor":41,"key":"SMITH"},{"floor":46,"key":"REST"},{"floor":49,"key":"REST"}],"neow_cost":"NONE","seed_source_timestamp":219231502948600,"circlet_count":0,"master_deck":["Strike_G+1","Defend_G+1","Defend_G+1","Defend_G+1","Defend_G+1","Defend_G+1","Survivor","Crippling Poison","Bouncing Flask+1","Backstab","Leg Sweep+1","PiercingWail","Sucker Punch+1","Dash","Poisoned Stab","Bullet Time","Flying Knee","PiercingWail","Catalyst+1","Blur","Adrenaline","Blur+1","Quick Slash","Noxious Fumes","Burst","Deadly Poison","Calculated Gamble+1","Bane","Well Laid Plans","Malaise","After Image","Poisoned Stab+1"],"relics":["Ring of the Snake","Bronze Scales","Strawberry","MawBank","SacredBark","Shuriken","Snake Skull","Regal Pillow","Kunai","Empty Cage","Akabeko","Ancient Tea Set"],"potions_floor_usage":[22,29,29,33,33,40,44,47],"damage_taken":[{"damage":0,"enemies":"Cultist","floor":1,"turns":4},{"damage":1,"enemies":"Small Slimes","floor":2,"turns":4},{"damage":7,"enemies":"Jaw Worm","floor":4,"turns":5},{"damage":10,"enemies":"Lagavulin","floor":7,"turns":6},{"damage":0,"enemies":"Blue Slaver","floor":10,"turns":2},{"damage":0,"enemies":"3 Louse","floor":11,"turns":3},{"damage":13,"enemies":"The Guardian","floor":16,"turns":9},{"damage":11,"enemies":"Shell Parasite","floor":18,"turns":6},{"damage":2,"enemies":"Spheric Guardian","floor":20,"turns":5},{"damage":14,"enemies":"Snecko","floor":22,"turns":4},{"damage":24,"enemies":"Slavers","floor":24,"turns":6},{"damage":7,"enemies":"Snake Plant","floor":25,"turns":4},{"damage":0,"enemies":"Cultist and Chosen","floor":28,"turns":4},{"damage":17,"enemies":"Gremlin Leader","floor":29,"turns":5},{"damage":3,"enemies":"Shelled Parasite and Fungi","floor":30,"turns":5},{"damage":23,"enemies":"Automaton","floor":33,"turns":10},{"damage":0,"enemies":"3 Shapes","floor":35,"turns":4},{"damage":11,"enemies":"Orb Walker","floor":36,"turns":3},{"damage":6,"enemies":"4 Shapes","floor":38,"turns":7},{"damage":11,"enemies":"Writhing Mass","floor":40,"turns":5},{"damage":18,"enemies":"Jaw Worm Horde","floor":42,"turns":5},{"damage":12,"enemies":"3 Darklings","floor":44,"turns":7},{"damage":8,"enemies":"Nemesis","floor":47,"turns":7},{"damage":7,"enemies":"Maw","floor":48,"turns":6},{"damage":80,"enemies":"Time Eater","floor":50,"turns":10}],"seed_played":"-2846630641624133131","potions_obtained":[{"floor":2,"key":"Weak Potion"},{"floor":4,"key":"Strength Potion"},{"floor":10,"key":"PowerPotion"},{"floor":18,"key":"SkillPotion"},{"floor":28,"key":"Fire Potion"},{"floor":29,"key":"SkillPotion"},{"floor":30,"key":"DuplicationPotion"},{"floor":36,"key":"Poison Potion"},{"floor":40,"key":"GamblersBrew"}],"is_trial":false,"path_per_floor":["M","M","$","M","$","R","E","R","T","M","M","?","?","$","R","B",null,"M","?","M","?","M","R","E","M","T","$","M","E","M","$","R","B",null,"M","M","$","M","?","M","R","M","T","M","$","R","E","M","R","B"],"character_chosen":"THE_SILENT","items_purchased":["Backstab","Leg Sweep","Adrenaline","Noxious Fumes","Poison Potion","Well Laid Plans","Malaise"],"campfire_rested":4,"item_purchase_floors":[3,3,27,31,37,45,45],"current_hp_per_floor":[70,69,69,62,62,62,52,52,59,59,59,64,52,52,52,39,71,60,60,58,58,44,68,44,37,37,37,37,20,17,17,56,33,70,70,59,59,53,53,42,42,24,24,12,12,51,43,36,75,0],"gold":58,"neow_bonus":"HUNDRED_GOLD","is_prod":false,"is_daily":false,"chose_seed":false,"campfire_upgraded":4,"win_rate":0,"timestamp":1570679840,"path_taken":["M","M","$","M","?","R","E","R","T","M","M","?","?","?","R","BOSS","M","?","M","?","M","R","E","M","T","$","M","E","?","?","R","BOSS","M","M","$","M","?","M","R","M","T","?","$","R","E","M","R","BOSS"],"build_version":"2019-10-09","purchased_purges":2,"victory":false,"max_hp_per_floor":[70,70,70,70,70,70,70,70,77,77,77,82,82,82,82,82,82,82,82,82,82,82,82,82,82,82,82,82,82,82,82,82,82,82,82,82,82,82,82,82,82,82,82,82,82,82,82,82,82,82],"card_choices":[{"not_picked":["Dagger Throw","PiercingWail"],"picked":"Crippling Poison","floor":1},{"not_picked":["PiercingWail","Riddle With Holes"],"picked":"Bouncing Flask","floor":2},{"not_picked":["Blade Dance","Concentrate"],"picked":"PiercingWail","floor":4},{"not_picked":["PiercingWail","Masterful Stab"],"picked":"Sucker Punch","floor":7},{"not_picked":["Outmaneuver","Calculated Gamble"],"picked":"Dash","floor":10},{"not_picked":["Setup","Leg Sweep"],"picked":"Poisoned Stab","floor":11},{"not_picked":["Glass Knife","Unload"],"picked":"Bullet Time","floor":16},{"not_picked":["Caltrops","Masterful Stab","Finisher"],"picked":"SKIP","floor":18},{"not_picked":["Dagger Throw","Riddle With Holes"],"picked":"Flying Knee","floor":20},{"not_picked":["Poisoned Stab+1","Eviscerate+1"],"picked":"PiercingWail","floor":22},{"not_picked":["Eviscerate+1","Riddle With Holes"],"picked":"Catalyst","floor":24},{"not_picked":["Deflect","Infinite Blades"],"picked":"Blur","floor":25},{"not_picked":["Setup","Dagger Throw","Reflex"],"picked":"SKIP","floor":28},{"not_picked":["Acrobatics","Accuracy"],"picked":"Blur+1","floor":29},{"not_picked":["Sucker Punch+1","A Thousand Cuts"],"picked":"Quick Slash","floor":30},{"not_picked":["Bullet Time","Envenom"],"picked":"Burst","floor":33},{"not_picked":["Tactician","Underhanded Strike"],"picked":"Deadly Poison","floor":35},{"not_picked":["Deflect","Bane"],"picked":"Calculated Gamble+1","floor":36},{"not_picked":["Quick Slash","Sucker Punch","Accuracy"],"picked":"SKIP","floor":38},{"not_picked":["Dagger Throw+1","Cloak And Dagger+1","Outmaneuver+1"],"picked":"SKIP","floor":40},{"not_picked":["Blade Dance","Bane","Prepared"],"picked":"SKIP","floor":42},{"not_picked":["Bane","PiercingWail","Poisoned Stab+1"],"picked":"SKIP","floor":44},{"not_picked":["Noxious Fumes","Outmaneuver"],"picked":"After Image","floor":47},{"not_picked":["Well Laid Plans+1","Backstab+1"],"picked":"Poisoned Stab+1","floor":48}],"player_experience":438293,"relics_obtained":[{"floor":7,"key":"Bronze Scales"},{"floor":9,"key":"Strawberry"},{"floor":24,"key":"Snake Skull"},{"floor":26,"key":"Regal Pillow"},{"floor":29,"key":"Kunai"},{"floor":43,"key":"Akabeko"},{"floor":47,"key":"Ancient Tea Set"}],"event_choices":[{"damage_healed":0,"gold_gain":0,"player_choice":"Donut","damage_taken":0,"max_hp_gain":5,"max_hp_loss":0,"event_name":"Big Fish","floor":12,"gold_loss":0},{"damage_healed":0,"gold_gain":0,"player_choice":"Success","damage_taken":12,"relics_obtained":["MawBank"],"max_hp_gain":0,"max_hp_loss":0,"event_name":"Scrap Ooze","floor":13,"gold_loss":0},{"damage_healed":0,"gold_gain":0,"player_choice":"Simplicity","damage_taken":0,"max_hp_gain":0,"max_hp_loss":0,"event_name":"Back to Basics","floor":19,"gold_loss":0,"cards_upgraded":["Strike_G","Strike_G","Strike_G","Defend_G","Defend_G","Defend_G","Defend_G","Defend_G"]},{"damage_healed":0,"gold_gain":0,"player_choice":"Obtained Relic","damage_taken":0,"relics_obtained":["Shuriken"],"max_hp_gain":0,"max_hp_loss":0,"event_name":"Addict","floor":21,"gold_loss":85},{"damage_healed":0,"gold_gain":0,"cards_transformed":["Neutralize"],"player_choice":"Transformed","damage_taken":0,"max_hp_gain":0,"max_hp_loss":0,"event_name":"Transmorgrifier","floor":39,"gold_loss":0,"cards_obtained":["Bane"]}],"is_beta":true,"boss_relics":[{"not_picked":["HoveringKite","Velvet Choker"],"picked":"SacredBark"},{"not_picked":["Snecko Eye","Pandora\u0027s Box"],"picked":"Empty Cage"}],"items_purged_floors":[3,14],"is_endless":false,"potions_floor_spawned":[2,4,10,18,28,29,30,36,40],"killed_by":"Time Eater","ascension_level":5}