{"path_per_floor":["M","M","M","M","M","R","E","M","T","M","R","M","R","M","R","B",null],"character_chosen":"THE_SILENT","items_purchased":[],"gold_per_floor":[110,120,139,150,160,160,215,228,275,293,293,309,309,325,325,422,422,347],"floor_reached":18,"campfire_rested":2,"playtime":1922,"current_hp_per_floor":[61,61,61,47,42,63,48,44,44,44,44,23,44,43,43,12,70,33],"items_purged":[],"gold":347,"score":185,"play_id":"439b2c00-9d11-4d97-923e-8c87a5902385","local_time":"20180522215450","is_prod":false,"is_daily":false,"chose_seed":false,"is_ascension_mode":true,"campfire_upgraded":2,"timestamp":1527051290,"campfire_choices":[{"floor":6,"key":"REST"},{"data":"Noxious Fumes","floor":11,"key":"SMITH"},{"floor":13,"key":"REST"},{"data":"Prepared","floor":15,"key":"SMITH"}],"path_taken":["M","M","M","M","M","R","E","M","T","M","R","M","R","M","R","BOSS","M"],"build_version":"2018-05-17","seed_source_timestamp":14863735730250,"purchased_purges":0,"victory":false,"master_deck":["Defend_G","Defend_G","Defend_G","Defend_G","Defend_G","Strike_G","Strike_G","Strike_G","Strike_G","Strike_G","Survivor","Neutralize","Tactician","Flying Knee","Noxious Fumes+1","Sucker Punch","Prepared+1","Outmaneuver","Deflect","Heel Hook","Bouncing Flask"],"max_hp_per_floor":[70,70,70,70,70,70,70,70,70,70,70,70,70,70,70,70,70,70],"relics":["Ring of the Snake","Tiny Chest","Boot","Orrery"],"card_choices":[{"not_picked":["Backstab","Choke","Slice"],"picked":"SKIP","floor":1},{"not_picked":["Poisoned Stab","Dagger Spray"],"picked":"Flying Knee","floor":2},{"not_picked":["All Out Attack","Quick Slash","Flying Knee"],"picked":"SKIP","floor":3},{"not_picked":["Prepared","Slice"],"picked":"Noxious Fumes","floor":4},{"not_picked":["Flying Knee","Cloak And Dagger"],"picked":"Sucker Punch","floor":5},{"not_picked":["Dagger Spray","Storm of Steel","Masterful Stab"],"picked":"SKIP","floor":7},{"not_picked":["Slice","Deadly Poison"],"picked":"Prepared","floor":8},{"not_picked":["Crippling Poison","Dagger Spray","Bouncing Flask"],"picked":"SKIP","floor":10},{"not_picked":["Quick Slash","Caltrops","Blade Dance"],"picked":"SKIP","floor":12},{"not_picked":["Poisoned Stab","Catalyst"],"picked":"Outmaneuver","floor":14},{"not_picked":["Prepared","Quick Slash"],"picked":"Deflect","floor":17},{"not_picked":["Bane","Catalyst"],"picked":"Heel Hook","floor":17},{"not_picked":["Setup","Poisoned Stab"],"picked":"Bouncing Flask","floor":17}],"player_experience":304570,"potions_floor_usage":[3,4,12,16,16],"damage_taken":[{"damage":9,"enemies":"Jaw Worm","floor":1,"turns":6},{"damage":0,"enemies":"Small Slimes","floor":2,"turns":6},{"damage":0,"enemies":"Cultist","floor":3,"turns":4},{"damage":14,"enemies":"3 Louse","floor":4,"turns":6},{"damage":5,"enemies":"Large Slime","floor":5,"turns":6},{"damage":15,"enemies":"3 Sentries","floor":7,"turns":8},{"damage":4,"enemies":"Blue Slaver","floor":8,"turns":6},{"damage":0,"enemies":"2 Fungi Beasts","floor":10,"turns":4},{"damage":21,"enemies":"Exordium Thugs","floor":12,"turns":5},{"damage":1,"enemies":"Blue Slaver","floor":14,"turns":3},{"damage":46,"enemies":"The Guardian","floor":16,"turns":14},{"damage":37,"enemies":"2 Thieves","floor":18,"turns":4}],"relics_obtained":[{"floor":7,"key":"Tiny Chest"},{"floor":9,"key":"Boot"}],"event_choices":[],"boss_relics":[{"not_picked":["Snecko Eye","Calling Bell"],"picked":"Orrery"}],"potions_floor_spawned":[1,2,8,12,14],"seed_played":"2537724385700905535","killed_by":"2 Thieves","ascension_level":2,"potions_obtained":[{"floor":1,"key":"Swift Potion"},{"floor":2,"key":"Poison Potion"},{"floor":8,"key":"LiquidBronze"},{"floor":12,"key":"AttackPotion"},{"floor":14,"key":"Regen Potion"}],"is_trial":false}