{"gold_per_floor":[18,18,18,18,18,18,39,82,109,109,142,142,163,207,207,326,326,251,251,251,251,251,251,193,193,193,118,118,118,90,90,90,90],"floor_reached":33,"playtime":2936,"items_purged":[],"score":313,"play_id":"cab1d060-1418-406b-a19b-3f14ad610ac4","local_time":"20190808180538","is_ascension_mode":true,"campfire_choices":[{"floor":6.0,"key":"REST"},{"floor":10.0,"key":"REST"},{"floor":12.0,"key":"REST"},{"floor":15.0,"key":"REST"},{"floor":23.0,"key":"REST"},{"floor":29.0,"key":"REST"},{"floor":32.0,"key":"REST"}],"neow_cost":"NO_GOLD","seed_source_timestamp":0,"circlet_count":0,"master_deck":["Strike_R","Strike_R","Strike_R","Strike_R","Defend_R","Defend_R","Defend_R","Defend_R","Bash","Berserk+1","Headbutt","Flex","Evolve","Disarm","Armaments","Iron Wave","Pommel Strike","Metallicize","Limit Break","Berserk","Shrug It Off","Clothesline","Inflame","Rage","Body Slam","Inflame","Shrug It Off","Uppercut+1"],"special_seed":0,"relics":["Burning Blood","Golden Idol","Dream Catcher","Calipers","Lantern","The Courier","Peace Pipe","Ectoplasm","MutagenicStrength","Vajra"],"potions_floor_usage":[33],"damage_taken":[{"damage":5.0,"enemies":"Small Slimes","floor":1.0,"turns":3.0},{"damage":9.0,"enemies":"Jaw Worm","floor":7.0,"turns":4.0},{"damage":65.0,"enemies":"3 Sentries","floor":8.0,"turns":10.0},{"damage":36.0,"enemies":"Gremlin Nob","floor":11.0,"turns":5.0},{"damage":1.0,"enemies":"2 Louse","floor":13.0,"turns":3.0},{"damage":6.0,"enemies":"3 Sentries","floor":14.0,"turns":8.0},{"damage":28.0,"enemies":"Hexaghost","floor":16.0,"turns":9.0},{"damage":30.0,"enemies":"2 Thieves","floor":18.0,"turns":5.0},{"damage":53.0,"enemies":"Spheric Guardian","floor":19.0,"turns":9.0},{"damage":19.0,"enemies":"3 Cultists","floor":21.0,"turns":7.0},{"damage":39.0,"enemies":"Snake Plant","floor":25.0,"turns":4.0},{"damage":9.0,"enemies":"Centurion and Healer","floor":31.0,"turns":6.0},{"damage":53,"enemies":"Automaton","floor":33,"turns":6}],"seed_played":"-2324982265773576568","potions_obtained":[{"floor":8.0,"key":"PowerPotion"},{"floor":11.0,"key":"EssenceOfSteel"},{"floor":14.0,"key":"EntropicBrew"},{"floor":16.0,"key":"PowerPotion"},{"floor":18.0,"key":"PowerPotion"},{"floor":19.0,"key":"Swift Potion"}],"is_trial":false,"path_per_floor":["M","?","?","$","?","R","M","E","T","R","E","R","M","E","R","B",null,"M","M","?","M","?","R","$","M","T","?","?","R","$","M","R","B"],"character_chosen":"IRONCLAD","items_purchased":["Inflame","Inflame"],"campfire_rested":7,"item_purchase_floors":[24,30],"current_hp_per_floor":[80,60,60,60,53,77,74,15,15,39,9,33,38,38,62,40,80,56,29,29,16,16,40,40,7,7,7,7,31,31,28,52,0],"gold":90,"neow_bonus":"THREE_RARE_CARDS","is_prod":false,"is_daily":false,"chose_seed":false,"campfire_upgraded":0,"win_rate":0,"timestamp":1565312738,"path_taken":["M","?","?","$","?","R","?","E","T","R","E","R","M","E","R","BOSS","M","M","?","M","?","R","$","?","T","?","?","R","?","M","R","BOSS"],"build_version":"2019-07-17","purchased_purges":0,"victory":false,"max_hp_per_floor":[80,80,80,80,80,80,80,80,80,80,80,80,80,80,80,80,80,80,80,80,80,80,80,80,80,80,80,80,80,80,80,80,80],"card_choices":[{"not_picked":["Brutality","Limit Break"],"picked":"Berserk","floor":0.0},{"not_picked":["Perfected Strike","Feel No Pain"],"picked":"Headbutt","floor":1.0},{"not_picked":["True Grit","Havoc"],"picked":"Flex","floor":6.0},{"not_picked":["Corruption","Wild Strike","Twin Strike"],"picked":"SKIP","floor":7.0},{"not_picked":["Pummel","Power Through"],"picked":"Evolve","floor":8.0},{"not_picked":["Ghostly Armor","Second Wind"],"picked":"Disarm","floor":10.0},{"not_picked":["Pommel Strike","Clash"],"picked":"Armaments","floor":11.0},{"not_picked":["Thunderclap","Warcry"],"picked":"Iron Wave","floor":12.0},{"not_picked":["Warcry","Clothesline"],"picked":"Pommel Strike","floor":13.0},{"not_picked":["Dropkick","Shrug It Off"],"picked":"Metallicize","floor":14.0},{"not_picked":["Armaments","Shrug It Off"],"picked":"Limit Break","floor":15.0},{"not_picked":["Fiend Fire","Limit Break"],"picked":"Berserk","floor":16.0},{"not_picked":["Evolve+1","Iron Wave","Wild Strike+1"],"picked":"SKIP","floor":18.0},{"not_picked":["Headbutt","Feel No Pain"],"picked":"Shrug It Off","floor":19.0},{"not_picked":["Shrug It Off","Headbutt","Sword Boomerang"],"picked":"SKIP","floor":21.0},{"not_picked":["Sword Boomerang","Anger"],"picked":"Clothesline","floor":23.0},{"not_picked":["Havoc","Warcry"],"picked":"Rage","floor":25.0},{"not_picked":["Anger","Fiend Fire"],"picked":"Body Slam","floor":29.0},{"not_picked":["Twin Strike","Headbutt"],"picked":"Shrug It Off","floor":31.0},{"not_picked":["Blood for Blood","Body Slam"],"picked":"Uppercut+1","floor":32.0}],"player_experience":2697629,"relics_obtained":[{"floor":8.0,"key":"Calipers"},{"floor":9.0,"key":"Lantern"},{"floor":11.0,"key":"The Courier"},{"floor":14.0,"key":"Peace Pipe"},{"floor":26.0,"key":"Vajra"}],"event_choices":[{"damage_healed":0.0,"max_hp_gain":0.0,"max_hp_loss":0.0,"gold_gain":0.0,"event_name":"Golden Idol","player_choice":"Take Damage","floor":2.0,"gold_loss":0.0,"damage_taken":20.0,"relics_obtained":["Golden Idol"]},{"damage_healed":0.0,"max_hp_gain":0.0,"max_hp_loss":0.0,"gold_gain":0.0,"event_name":"Living Wall","player_choice":"Grow","floor":3.0,"gold_loss":0.0,"damage_taken":0.0,"cards_upgraded":["Berserk"]},{"damage_healed":0.0,"max_hp_gain":0.0,"max_hp_loss":0.0,"gold_gain":0.0,"event_name":"Scrap Ooze","player_choice":"Success","floor":5.0,"gold_loss":0.0,"damage_taken":7.0,"relics_obtained":["Dream Catcher"]},{"damage_healed":0.0,"max_hp_gain":0.0,"max_hp_loss":0.0,"gold_gain":0.0,"event_name":"Drug Dealer","player_choice":"Inject Mutagens","floor":20.0,"gold_loss":0.0,"damage_taken":0.0,"relics_obtained":["MutagenicStrength"]},{"damage_healed":0.0,"max_hp_gain":0.0,"max_hp_loss":0.0,"gold_gain":99.0,"event_name":"Nest","player_choice":"Stole From Cult","floor":22.0,"gold_loss":0.0,"damage_taken":0.0},{"cards_removed":["Strike_R"],"damage_healed":0.0,"max_hp_gain":0.0,"max_hp_loss":0.0,"gold_gain":0.0,"event_name":"Beggar","player_choice":"Gave Gold","floor":27.0,"gold_loss":75.0,"damage_taken":0.0},{"damage_healed":0.0,"max_hp_gain":0.0,"max_hp_loss":0.0,"gold_gain":0.0,"event_name":"Vampires","player_choice":"Ignored","floor":28.0,"gold_loss":0.0,"damage_taken":0.0}],"is_beta":false,"boss_relics":[{"not_picked":["Runic Cube","Lizard Tail"],"picked":"Ectoplasm"}],"items_purged_floors":[],"is_endless":false,"potions_floor_spawned":[8,11,14,16,18,19],"killed_by":"Automaton","ascension_level":4}