{"gold_per_floor":[111,121,138,154,166,166,166,166,212,212,246,9,28,66,66,157,157,178,178,21,90,104,104,120,94,117,132,152,152,190,215,215,311,311,336,191,191,215,18,18,58,58,58,76,76,76,76,96,96,96],"floor_reached":51,"playtime":4086,"items_purged":[],"score":1109,"play_id":"b0d22a27-5e1f-48dc-a46a-2795d593a9c6","local_time":"20191017155005","is_ascension_mode":true,"campfire_choices":[{"data":"Immolate","floor":6.0,"key":"SMITH"},{"data":"Perfected Strike","floor":10.0,"key":"SMITH"},{"data":"Clothesline","floor":15.0,"key":"SMITH"},{"data":"Inflame","floor":23.0,"key":"SMITH"},{"data":"Perfected Strike","floor":29.0,"key":"SMITH"},{"floor":32.0,"key":"REST"},{"data":"Perfected Strike","floor":40.0,"key":"SMITH"},{"floor":42.0,"key":"REST"},{"data":"Shrug It Off","floor":45.0,"key":"SMITH"},{"floor":49.0,"key":"REST"}],"neow_cost":"NONE","seed_source_timestamp":0,"circlet_count":0,"master_deck":["AscendersBane","Strike_R","Strike_R","Strike_R","Strike_R","Defend_R","Defend_R","Defend_R","Bash+1","Immolate+1","Pommel Strike","Carnage","Perfected Strike+1","Shrug It Off+1","Impervious","Perfected Strike+1","Perfected Strike+1","Clothesline+1","Reaper","Shrug It Off+1","Inflame+1","Spot Weakness","Perfected Strike+1","Twin Strike","Reaper","Pommel Strike","Impervious","Corruption+1","Inflame+1"],"special_seed":0,"relics":["Burning Blood","Golden Idol","Regal Pillow","Shuriken","DollysMirror","Bag of Marbles","Philosopher\u0027s Stone","Art of War","Dodecahedron","Centennial Puzzle","Frozen Egg 2","Lizard Tail","Orichalcum","HandDrill","Girya","Mango"],"potions_floor_usage":[50],"damage_taken":[{"damage":1.0,"enemies":"Cultist","floor":1.0,"turns":3.0},{"damage":3.0,"enemies":"Jaw Worm","floor":2.0,"turns":4.0},{"damage":4.0,"enemies":"Small Slimes","floor":3.0,"turns":3.0},{"damage":12.0,"enemies":"Exordium Thugs","floor":4.0,"turns":4.0},{"damage":7.0,"enemies":"Lots of Slimes","floor":5.0,"turns":2.0},{"damage":14.0,"enemies":"Gremlin Nob","floor":11.0,"turns":4.0},{"damage":5.0,"enemies":"Red Slaver","floor":13.0,"turns":3.0},{"damage":10.0,"enemies":"3 Sentries","floor":14.0,"turns":4.0},{"damage":9.0,"enemies":"Hexaghost","floor":16.0,"turns":11.0},{"damage":14.0,"enemies":"2 Thieves","floor":18.0,"turns":3.0},{"damage":22.0,"enemies":"Shell Parasite","floor":22.0,"turns":3.0},{"damage":0.0,"enemies":"Cultist and Chosen","floor":24.0,"turns":3.0},{"damage":0.0,"enemies":"Snake Plant","floor":27.0,"turns":2.0},{"damage":15.0,"enemies":"Centurion and Healer","floor":28.0,"turns":5.0},{"damage":3.0,"enemies":"Slavers","floor":30.0,"turns":3.0},{"damage":28.0,"enemies":"Sentry and Sphere","floor":31.0,"turns":4.0},{"damage":38.0,"enemies":"Collector","floor":33.0,"turns":4.0},{"damage":0.0,"enemies":"Orb Walker","floor":35.0,"turns":3.0},{"damage":15.0,"enemies":"3 Darklings","floor":38.0,"turns":8.0},{"damage":59.0,"enemies":"Giant Head","floor":41.0,"turns":7.0},{"damage":12.0,"enemies":"Maw","floor":44.0,"turns":6.0},{"damage":43.0,"enemies":"Transient","floor":48.0,"turns":5.0},{"damage":158,"enemies":"Time Eater","floor":50,"turns":11}],"seed_played":"4053236520994075918","potions_obtained":[{"floor":3.0,"key":"SkillPotion"},{"floor":5.0,"key":"EssenceOfSteel"},{"floor":14.0,"key":"EntropicBrew"},{"floor":24.0,"key":"EntropicBrew"},{"floor":27.0,"key":"LiquidBronze"},{"floor":28.0,"key":"GamblersBrew"},{"floor":38.0,"key":"Block Potion"},{"floor":41.0,"key":"FairyPotion"},{"floor":44.0,"key":"PowerPotion"}],"is_trial":false,"path_per_floor":["M","M","M","M","M","R","?","?","T","R","E","$","M","E","R","B",null,"M","?","$","T","M","R","M","$","T","M","M","R","E","M","R","B",null,"M","$","?","M","$","R","E","R","T","M","R","$","?","M","R","B",null],"character_chosen":"IRONCLAD","items_purchased":["Perfected Strike","DollysMirror","Art of War","Perfected Strike","Orichalcum","HandDrill"],"campfire_rested":3,"item_purchase_floors":[12,12,20,25,36,39],"current_hp_per_floor":[77,80,80,74,73,73,73,53,53,53,45,45,46,42,42,39,70,72,80,80,80,64,64,70,70,70,76,80,80,80,61,80,48,72,78,78,78,76,76,76,35,74,88,94,94,94,94,57,94,25],"gold":96,"neow_bonus":"TRANSFORM_CARD","is_prod":false,"is_daily":false,"chose_seed":false,"campfire_upgraded":7,"win_rate":0,"timestamp":1571341805,"path_taken":["M","M","M","M","M","R","?","?","T","R","E","?","?","E","R","BOSS","M","?","$","?","?","R","M","?","T","M","M","R","E","M","R","BOSS","M","$","?","M","?","R","E","R","T","?","R","$","?","M","R","BOSS"],"build_version":"2019-07-17","purchased_purges":0,"victory":true,"max_hp_per_floor":[80,80,80,80,80,80,80,80,80,80,80,80,80,80,80,80,80,80,80,80,80,80,80,80,80,80,80,80,80,80,80,80,80,80,80,80,80,80,80,80,80,80,94,94,94,94,94,94,94,94],"card_choices":[{"not_picked":["Entrench","Sword Boomerang"],"picked":"Pommel Strike","floor":1.0},{"not_picked":["Armaments","Entrench"],"picked":"Carnage","floor":2.0},{"not_picked":["Blood for Blood","True Grit"],"picked":"Perfected Strike","floor":3.0},{"not_picked":["Twin Strike","Thunderclap"],"picked":"Shrug It Off","floor":4.0},{"not_picked":["Burning Pact","Rupture","Iron Wave"],"picked":"SKIP","floor":5.0},{"not_picked":["Pummel","Blood for Blood"],"picked":"Impervious","floor":11.0},{"not_picked":["Thunderclap","Rampage"],"picked":"Clothesline","floor":13.0},{"not_picked":["Wild Strike","Heavy Blade","Pummel"],"picked":"SKIP","floor":14.0},{"not_picked":["Juggernaut","Offering"],"picked":"Reaper","floor":16.0},{"not_picked":["Cleave","Armaments"],"picked":"Shrug It Off","floor":18.0},{"not_picked":["Twin Strike","Wild Strike"],"picked":"Inflame","floor":22.0},{"not_picked":["Bloodletting","Sword Boomerang"],"picked":"Spot Weakness","floor":24.0},{"not_picked":["Warcry","Headbutt+1"],"picked":"Twin Strike","floor":27.0},{"not_picked":["Flex","Wild Strike","Second Wind"],"picked":"SKIP","floor":28.0},{"not_picked":["Twin Strike","Evolve"],"picked":"Reaper","floor":30.0},{"not_picked":["Sword Boomerang","Rupture+1"],"picked":"Pommel Strike","floor":31.0},{"not_picked":["Exhume","Dark Embrace+1"],"picked":"Impervious","floor":33.0},{"not_picked":["Sword Boomerang","Flex","Twin Strike"],"picked":"SKIP","floor":35.0},{"not_picked":["Heavy Blade","Anger","Havoc"],"picked":"SKIP","floor":38.0},{"not_picked":["Immolate","Headbutt"],"picked":"Inflame+1","floor":41.0},{"not_picked":["Clash+1","Havoc","Body Slam"],"picked":"SKIP","floor":44.0},{"not_picked":["Burning Pact","Body Slam","Rampage"],"picked":"SKIP","floor":48.0}],"player_experience":819051,"relics_obtained":[{"floor":9.0,"key":"Regal Pillow"},{"floor":11.0,"key":"Shuriken"},{"floor":14.0,"key":"Bag of Marbles"},{"floor":21.0,"key":"Dodecahedron"},{"floor":26.0,"key":"Centennial Puzzle"},{"floor":30.0,"key":"Frozen Egg 2"},{"floor":41.0,"key":"Girya"},{"floor":43.0,"key":"Mango"}],"event_choices":[{"damage_healed":0.0,"max_hp_gain":0.0,"max_hp_loss":0.0,"gold_gain":0.0,"event_name":"Living Wall","player_choice":"Grow","floor":7.0,"gold_loss":0.0,"damage_taken":0.0,"cards_upgraded":["Bash"]},{"damage_healed":0.0,"max_hp_gain":0.0,"max_hp_loss":0.0,"gold_gain":0.0,"event_name":"Golden Idol","player_choice":"Take Damage","floor":8.0,"gold_loss":0.0,"damage_taken":20.0,"relics_obtained":["Golden Idol"]},{"damage_healed":8.0,"max_hp_gain":0.0,"max_hp_loss":0.0,"gold_gain":0.0,"event_name":"Wheel of Change","player_choice":"Full Heal","floor":19.0,"gold_loss":0.0,"damage_taken":0.0},{"damage_healed":0.0,"max_hp_gain":0.0,"max_hp_loss":0.0,"gold_gain":0.0,"cards_transformed":["Defend_R"],"event_name":"Transmorgrifier","player_choice":"Transformed","floor":37.0,"gold_loss":0.0,"damage_taken":0.0,"cards_obtained":["Corruption"]},{"damage_healed":0.0,"max_hp_gain":0.0,"max_hp_loss":0.0,"gold_gain":0.0,"event_name":"Accursed Blacksmith","player_choice":"Forge","floor":47.0,"gold_loss":0.0,"damage_taken":0.0,"cards_upgraded":["Shrug It Off"]}],"is_beta":false,"boss_relics":[{"not_picked":["Cursed Key","Coffee Dripper"],"picked":"Philosopher\u0027s Stone"},{"not_picked":["Astrolabe","Empty Cage"],"picked":"Lizard Tail"}],"items_purged_floors":[],"is_endless":false,"potions_floor_spawned":[3,5,14,24,27,28,38,41,44],"ascension_level":13}