{"path_per_floor":["M","M","?","$","M","R","E","M","T","R","?","R","M","M","R","B",null,"M","M","M","$","M","E","R","E","T","R","M","R","M","?","R","B",null,"M","?","M","?","?","R","M","R","T","M","M","M","M","M","R"],"character_chosen":"IRONCLAD","items_purchased":["Anchor"],"gold_per_floor":[99,112,187,112,132,132,166,185,234,234,184,184,199,209,209,314,314,334,350,363,112,129,164,164,194,194,194,209,209,220,143,143,238,268,282,282,292,292,292,292,310,310,310,324,335,355,365,375,375,375],"floor_reached":50,"campfire_rested":3,"playtime":4945,"current_hp_per_floor":[80,80,69,69,73,73,51,41,41,41,41,41,41,39,63,50,80,72,78,76,76,67,68,68,48,48,48,47,47,43,43,67,17,85,66,66,46,46,46,46,47,47,47,39,39,31,37,24,49,0],"items_purged":["Strike_R","Strike_R"],"gold":375,"score":490,"play_id":"d0da68f7-04f1-49fd-a50b-438856f0bdf7","local_time":"20180428183517","is_prod":false,"is_daily":false,"chose_seed":false,"is_ascension_mode":false,"campfire_upgraded":8,"timestamp":1524965717,"path_taken":["M","?","?","$","M","R","E","M","T","R","?","R","M","M","R","BOSS","M","M","M","$","M","E","R","E","T","R","M","R","M","?","R","BOSS","M","?","M","?","?","R","M","R","T","M","M","?","M","M","R","BOSS"],"build_version":"2018-04-26","seed_source_timestamp":21695232512662,"purchased_purges":2,"victory":false,"master_deck":["Strike_R","Defend_R","Defend_R","Defend_R","Defend_R","Bash+1","Shrug It Off+1","Pommel Strike+1","Flex+1","Flex+1","Rampage+1","Heavy Blade+1","Impervious+1","Warcry+1","Shockwave+1","Body Slam+1","Juggernaut+1","Ghostly Armor+1","J.A.X.","Barricade+1","True Grit+1","Shrug It Off+1","Inflame","Whirlwind+1","Shrug It Off","Evolve+1"],"max_hp_per_floor":[80,80,80,80,80,80,80,80,80,80,80,80,80,80,80,80,80,80,80,80,80,80,80,80,80,80,80,80,80,80,80,80,80,85,85,85,85,85,85,85,85,85,85,85,85,85,85,85,85,85],"relics":["Burning Blood","Molten Egg 2","Happy Flower","Runic Cube","Anchor","Bag of Marbles","Ice Cream","Letter Opener","Tiny House","Centennial Puzzle"],"card_choices":[{"not_picked":["Dropkick","Body Slam"],"picked":"Shrug It Off","floor":1},{"not_picked":["Warcry","Havoc"],"picked":"Pommel Strike","floor":2},{"not_picked":["Clothesline","Warcry"],"picked":"Flex","floor":5},{"not_picked":["Shrug It Off","Perfected Strike"],"picked":"Flex","floor":7},{"not_picked":["Sword Boomerang","Rage"],"picked":"Rampage","floor":13},{"not_picked":["Shockwave","Hemokinesis"],"picked":"Heavy Blade","floor":14},{"not_picked":["Fiend Fire","Feed"],"picked":"Impervious","floor":16},{"not_picked":["Seeing Red","Intimidate"],"picked":"Warcry","floor":18},{"not_picked":["Sword Boomerang","Hemokinesis"],"picked":"Shockwave","floor":20},{"not_picked":["Headbutt","Combust"],"picked":"Body Slam","floor":23},{"not_picked":["Twin Strike","Hemokinesis"],"picked":"Juggernaut","floor":25},{"not_picked":["Body Slam","Thunderclap"],"picked":"Ghostly Armor","floor":28},{"not_picked":["Feed","Limit Break"],"picked":"Barricade","floor":33},{"not_picked":["Pommel Strike","Bloodletting"],"picked":"True Grit","floor":34},{"not_picked":["Clash","Twin Strike"],"picked":"Shrug It Off","floor":35},{"not_picked":["Clash","Perfected Strike"],"picked":"Inflame","floor":44},{"not_picked":["Anger","Sword Boomerang"],"picked":"Whirlwind","floor":45},{"not_picked":["Rage","Fire Breathing"],"picked":"Shrug It Off","floor":47},{"not_picked":["Cleave","Heavy Blade"],"picked":"Evolve","floor":48}],"player_experience":83198,"potions_floor_usage":[23,23,28,33,35,37,47,50,50,50],"damage_taken":[{"damage":1,"enemies":"Cultist","floor":1,"turns":4},{"damage":0,"enemies":"Small Slimes","floor":2,"turns":4},{"damage":2,"enemies":"Jaw Worm","floor":5,"turns":6},{"damage":28,"enemies":"Lagavulin","floor":7,"turns":8},{"damage":16,"enemies":"Gremlin Gang","floor":8,"turns":6},{"damage":6,"enemies":"Large Slime","floor":13,"turns":6},{"damage":8,"enemies":"Red Slaver","floor":14,"turns":3},{"damage":19,"enemies":"Slime Boss","floor":16,"turns":8},{"damage":14,"enemies":"Shell Parasite","floor":18,"turns":6},{"damage":0,"enemies":"Chosen","floor":19,"turns":3},{"damage":8,"enemies":"Centurion and Healer","floor":20,"turns":8},{"damage":15,"enemies":"Snecko","floor":22,"turns":6},{"damage":17,"enemies":"Book of Stabbing","floor":23,"turns":5},{"damage":26,"enemies":"Gremlin Leader","floor":25,"turns":7},{"damage":7,"enemies":"3 Cultists","floor":28,"turns":4},{"damage":10,"enemies":"Snake Plant","floor":30,"turns":4},{"damage":56,"enemies":"Champ","floor":33,"turns":10},{"damage":25,"enemies":"Orb Walker","floor":35,"turns":5},{"damage":26,"enemies":"3 Darklings","floor":37,"turns":5},{"damage":5,"enemies":"Maw","floor":41,"turns":8},{"damage":14,"enemies":"Sphere and 2 Shapes","floor":44,"turns":4},{"damage":6,"enemies":"4 Shapes","floor":45,"turns":10},{"damage":14,"enemies":"Maw","floor":46,"turns":7},{"damage":0,"enemies":"Sphere and 2 Shapes","floor":47,"turns":4},{"damage":19,"enemies":"3 Darklings","floor":48,"turns":5},{"damage":49,"enemies":"Time Eater","floor":50,"turns":10}],"event_choices":[{"event_name":"World of Goop","player_choice":"Gather Gold","floor":3,"damage_taken":0},{"event_name":"The Cleric","player_choice":"Card Removal","floor":11,"damage_taken":0},{"event_name":"Drug Dealer","player_choice":"Got JAXXED","floor":31,"damage_taken":0},{"event_name":"Accursed Blacksmith","player_choice":"Ignore","floor":36,"damage_taken":0},{"event_name":"Tomb of Lord Red Mask","player_choice":"Ignored","floor":38,"damage_taken":0},{"event_name":"Mysterious Sphere","player_choice":"Ignore","floor":39,"damage_taken":0}],"boss_relics":[{"not_picked":["Calling Bell","White Beast Statue"],"picked":"Runic Cube"},{"not_picked":["Cursed Key","Philosopher\u0027s Stone"],"picked":"Tiny House"}],"potions_floor_spawned":[7,14,16,19,22,25,28,33,44,45,47,48],"seed_played":"6976015395329427515","killed_by":"Time Eater","ascension_level":0,"is_trial":false}