{"gold_per_floor":[110,110,110,110,30,60,60,71,71,71,90,90,117,131,131,230,230,247,176,176,101,16,16,27,27,27,27],"floor_reached":27,"playtime":162010,"items_purged":[],"score":282,"play_id":"e7538eaf-be88-4cca-a196-f6275cc43df2","local_time":"20190919194008","is_ascension_mode":true,"campfire_choices":[{"floor":7.0,"key":"REST"},{"floor":10.0,"key":"REST"},{"data":"Metallicize","floor":12.0,"key":"SMITH"},{"floor":15,"key":"RECALL"},{"data":"Evolve","floor":23,"key":"SMITH"},{"data":"Heavy Blade","floor":25,"key":"SMITH"}],"neow_cost":"NONE","seed_source_timestamp":0,"circlet_count":0,"master_deck":["Strike_R","Strike_R","Strike_R","Defend_R","Defend_R","Defend_R","Defend_R","Bash","Heavy Blade+1","Headbutt","Impervious","Metallicize","Metallicize+1","Havoc","Shockwave","Shrug It Off","Disarm","Feed","Second Wind","Evolve+1","True Grit+1"],"special_seed":0,"relics":["Burning Blood","Lantern","Art of War","Lizard Tail","Pear","Gambling Chip"],"potions_floor_usage":[16,18],"damage_taken":[{"damage":7.0,"enemies":"Small Slimes","floor":1.0,"turns":3.0},{"damage":60.0,"enemies":"Gremlin Nob","floor":6.0,"turns":6.0},{"damage":1.0,"enemies":"2 Louse","floor":8.0,"turns":3.0},{"damage":0.0,"enemies":"Cultist","floor":11.0,"turns":2.0},{"damage":25,"enemies":"Lagavulin","floor":13,"turns":9},{"damage":11,"enemies":"Looter","floor":14,"turns":4},{"damage":12,"enemies":"The Guardian","floor":16,"turns":16},{"damage":3,"enemies":"Chosen","floor":18,"turns":8},{"damage":29,"enemies":"2 Thieves","floor":24,"turns":5},{"damage":127,"enemies":"Gremlin Leader","floor":27,"turns":6}],"seed_played":"-6390687272944070294","potions_obtained":[{"floor":6.0,"key":"FearPotion"},{"floor":8.0,"key":"Fire Potion"},{"floor":13,"key":"Fire Potion"},{"floor":14,"key":"BloodPotion"}],"is_trial":false,"path_per_floor":["M","$","?","?","$","E","R","M","T","R","M","R","E","M","R","B",null,"M","$","?","?","?","R","M","R","T","E"],"character_chosen":"IRONCLAD","items_purchased":["Metallicize","Evolve"],"campfire_rested":2,"item_purchase_floors":[5,19],"current_hp_per_floor":[71,71,64,64,64,10,34,39,39,63,69,69,50,45,45,39,70,73,73,73,73,83,83,63,63,63,0],"gold":27,"neow_bonus":"THREE_CARDS","is_prod":false,"is_daily":false,"chose_seed":false,"campfire_upgraded":3,"win_rate":0,"timestamp":1568947208,"path_taken":["M","$","?","?","$","E","R","?","T","R","M","R","E","M","R","BOSS","M","$","?","?","?","R","M","R","T","E"],"build_version":"2019-07-17","purchased_purges":0,"victory":false,"max_hp_per_floor":[80,80,80,80,80,80,80,80,80,80,80,80,80,80,80,80,80,80,80,80,80,90,90,93,93,93,93],"card_choices":[{"not_picked":["Sword Boomerang","Perfected Strike"],"picked":"Heavy Blade","floor":0.0},{"not_picked":["Clash","Sword Boomerang"],"picked":"Headbutt","floor":1.0},{"not_picked":["Rupture","Cleave"],"picked":"Metallicize","floor":6.0},{"not_picked":["Shrug It Off","Clothesline"],"picked":"Havoc","floor":8.0},{"not_picked":["Heavy Blade","Clash"],"picked":"Shockwave","floor":11.0},{"not_picked":["Warcry","Wild Strike"],"picked":"Shrug It Off","floor":13},{"not_picked":["Blood for Blood","Dropkick"],"picked":"Disarm","floor":14},{"not_picked":["Barricade","Brutality"],"picked":"Feed","floor":16},{"not_picked":["Shrug It Off","Heavy Blade"],"picked":"Second Wind","floor":18},{"not_picked":["Sword Boomerang","Havoc+1"],"picked":"True Grit+1","floor":24}],"player_experience":3480571,"relics_obtained":[{"floor":6.0,"key":"Lantern"},{"floor":13,"key":"Art of War"},{"floor":26,"key":"Gambling Chip"}],"event_choices":[{"cards_removed":["Strike_R"],"damage_healed":0.0,"max_hp_gain":0.0,"max_hp_loss":0.0,"gold_gain":0.0,"event_name":"Golden Wing","player_choice":"Card Removal","floor":3.0,"gold_loss":0.0,"damage_taken":7.0},{"damage_healed":0.0,"max_hp_gain":0.0,"max_hp_loss":0.0,"gold_gain":0.0,"event_name":"Match and Keep!","player_choice":"1 cards matched","floor":4.0,"gold_loss":0.0,"damage_taken":0.0,"cards_obtained":["Impervious"]},{"damage_healed":0,"gold_gain":0,"player_choice":"Ignored","damage_taken":0,"max_hp_gain":0,"max_hp_loss":0,"event_name":"Cursed Tome","floor":20,"gold_loss":0},{"cards_removed":["Strike_R"],"damage_healed":0,"gold_gain":0,"player_choice":"Gave Gold","damage_taken":0,"max_hp_gain":0,"max_hp_loss":0,"event_name":"Beggar","floor":21,"gold_loss":75},{"damage_healed":0,"gold_gain":0,"player_choice":"Obtained Relic","damage_taken":0,"relics_obtained":["Pear"],"max_hp_gain":0,"max_hp_loss":0,"event_name":"Addict","floor":22,"gold_loss":85}],"is_beta":false,"boss_relics":[{"not_picked":["White Beast Statue","Coffee Dripper"],"picked":"Lizard Tail"}],"items_purged_floors":[],"is_endless":false,"potions_floor_spawned":[6,8,13,14],"killed_by":"Gremlin Leader","ascension_level":6}