{"path_per_floor":["M","M","?","M","?","R","M","R","T","R","M","M","$","M","R","B",null,"M","?","?","$","?","R","M","R","T"],"character_chosen":"THE_SILENT","items_purchased":["Accuracy","Quick Slash"],"gold_per_floor":[115,135,135,155,155,155,168,168,168,168,179,198,44,60,60,155,155,171,171,171,21,21,21,39,39,39,39],"floor_reached":27,"campfire_rested":0,"playtime":1311,"item_purchase_floors":[13,21],"current_hp_per_floor":[70,70,63,59,59,59,59,59,59,59,59,58,58,58,58,31,70,61,61,61,61,61,61,59,59,59,51],"items_purged":["Strike_G","Strike_G"],"gold":39,"score":244,"play_id":"a422df07-483f-4148-8932-f2b91baa23ae","local_time":"20180526023522","is_prod":false,"is_daily":false,"chose_seed":false,"is_ascension_mode":true,"campfire_upgraded":6,"win_rate":0,"timestamp":1527327322,"campfire_choices":[{"data":"Neutralize","floor":6,"key":"SMITH"},{"data":"Cloak And Dagger","floor":8,"key":"SMITH"},{"data":"Sucker Punch","floor":10,"key":"SMITH"},{"data":"Accuracy","floor":15,"key":"SMITH"},{"data":"Adrenaline","floor":23,"key":"SMITH"},{"data":"Noxious Fumes","floor":25,"key":"SMITH"}],"path_taken":["M","M","?","M","?","R","M","R","T","R","M","M","$","M","R","BOSS","M","?","?","$","?","R","M","R","T","M"],"build_version":"2018-05-24","seed_source_timestamp":35285186112072,"purchased_purges":2,"victory":false,"master_deck":["Defend_G","Defend_G","Defend_G","Defend_G","Defend_G","Strike_G","Survivor","Neutralize+1","Cloak And Dagger+1","Deflect","Sucker Punch+1","Envenom","Cloak And Dagger","Accuracy+1","Acrobatics","Adrenaline+1","Accuracy+1","Quick Slash","Noxious Fumes+1"],"max_hp_per_floor":[70,70,70,70,70,70,70,70,70,70,70,70,70,70,70,70,70,70,70,70,70,70,70,70,70,70,70],"relics":["Ring of the Snake","Shuriken","Meat on the Bone"],"card_choices":[{"not_picked":["Distraction","Dagger Throw"],"picked":"Cloak And Dagger","floor":1},{"not_picked":["PiercingWail","Slice","Dodge and Roll"],"picked":"SKIP","floor":2},{"not_picked":["Quick Slash","Underhanded Strike"],"picked":"Deflect","floor":4},{"not_picked":["Dagger Spray","Finisher"],"picked":"Sucker Punch","floor":7},{"not_picked":["Deadly Poison","Terror"],"picked":"Envenom","floor":11},{"not_picked":["Dodge and Roll","Predator"],"picked":"Cloak And Dagger","floor":12},{"not_picked":["Masterful Stab","Setup"],"picked":"Acrobatics","floor":14},{"not_picked":["Envenom","Glass Knife"],"picked":"Adrenaline","floor":16},{"not_picked":["Bane","PiercingWail+1","Setup+1"],"picked":"SKIP","floor":18},{"not_picked":["Riddle With Holes","Bane"],"picked":"Noxious Fumes","floor":24}],"player_experience":367826,"potions_floor_usage":[11,14],"damage_taken":[{"damage":0,"enemies":"Cultist","floor":1,"turns":4},{"damage":0,"enemies":"Small Slimes","floor":2,"turns":4},{"damage":4,"enemies":"Jaw Worm","floor":4,"turns":7},{"damage":0,"enemies":"Blue Slaver","floor":7,"turns":7},{"damage":0,"enemies":"3 Louse","floor":11,"turns":3},{"damage":1,"enemies":"2 Fungi Beasts","floor":12,"turns":4},{"damage":0,"enemies":"Exordium Wildlife","floor":14,"turns":6},{"damage":27,"enemies":"The Guardian","floor":16,"turns":12},{"damage":9,"enemies":"2 Thieves","floor":18,"turns":5},{"damage":2,"enemies":"Shell Parasite","floor":24,"turns":5},{"damage":8,"enemies":"Centurion and Healer","floor":27,"turns":4}],"relics_obtained":[{"floor":9,"key":"Shuriken"},{"floor":26,"key":"Meat on the Bone"}],"event_choices":[{"event_name":"Golden Wing","player_choice":"Card Removal","floor":3,"damage_taken":0},{"event_name":"Liars Game","player_choice":"disagreed","floor":5,"damage_taken":0},{"event_name":"Vampires","player_choice":"Ignored","floor":19,"damage_taken":0},{"event_name":"Duplicator","player_choice":"One dupe","floor":20,"damage_taken":0},{"event_name":"Cursed Tome","player_choice":"Ignored","floor":22,"damage_taken":0}],"boss_relics":[{"not_picked":["Philosopher\u0027s Stone","Ectoplasm","Runic Dome"]}],"items_purged_floors":[13,21],"potions_floor_spawned":[1,11,12,18,24],"seed_played":"-4635975514829214725","killed_by":"Centurion and Healer","ascension_level":4,"potions_obtained":[{"floor":1,"key":"Energy Potion"},{"floor":11,"key":"SpeedPotion"},{"floor":12,"key":"Fire Potion"},{"floor":18,"key":"Ancient Potion"},{"floor":24,"key":"Strength Potion"}],"is_trial":false}