{"gold_per_floor":[109,126,140,150,100,128,128,128,128,128,128,128,172,192,192,311,311,324,324,31,45,45,84,84,98,98,131,144,175,175,198,198,319,319,335,460,481,504,522,522,565,584,584,88,154,198,198,223,223,223],"floor_reached":50,"playtime":6232,"items_purged":["Shame","Clumsy"],"score":703,"play_id":"52d92d4d-d6fa-4dd3-9376-4ee8145c3336","local_time":"20190910223605","is_ascension_mode":true,"campfire_choices":[{"floor":8,"key":"REST"},{"data":"ThirdEye","floor":10,"key":"SMITH"},{"data":"CrushJoints","floor":15,"key":"SMITH"},{"data":"Secret Weapon","floor":24,"key":"SMITH"},{"data":"Conclude","floor":30,"key":"SMITH"},{"data":"CutThroughFate","floor":32,"key":"SMITH"},{"floor":40,"key":"REST"},{"data":"Omniscience","floor":49,"key":"SMITH"}],"neow_cost":"NONE","seed_source_timestamp":613740341326800,"circlet_count":0,"master_deck":["Strike_P","Strike_P","Strike_P","Defend_P","Defend_P","Defend_P","Eruption","Vigilance","EmptyMind","ThirdEye+1","EmptyBody","JustLucky","Halt","Conclude+1","CrushJoints+1","Vault","FollowUp","Secret Weapon+1","Swivel+1","EmptyFist","CutThroughFate+1","Vault","FollowUp","ReachHeaven","Crescendo+1","Weave","InnerPeace+1","FlyingSleeves+1","Sanctity+1","Omniscience+1","Protect+1"],"relics":["PureWater","Ice Cream","Mercury Hourglass","Darkstone Periapt","Golden Idol","Oddly Smooth Stone","Sozu","Letter Opener","Anchor","Ginger","Orichalcum","Meat on the Bone","Potion Belt","Cursed Key","Mango","Ancient Tea Set","Singing Bowl","Pear","Lee\u0027s Waffle","Pocketwatch","Gremlin Horn"],"potions_floor_usage":[6,16,23],"damage_taken":[{"damage":0,"enemies":"Small Slimes","floor":1,"turns":3},{"damage":0,"enemies":"2 Louse","floor":2,"turns":2},{"damage":2,"enemies":"Cultist","floor":3,"turns":3},{"damage":0,"enemies":"Large Slime","floor":4,"turns":5},{"damage":26,"enemies":"Lagavulin","floor":6,"turns":12},{"damage":20,"enemies":"Gremlin Nob","floor":13,"turns":4},{"damage":0,"enemies":"Looter","floor":14,"turns":3},{"damage":22,"enemies":"Slime Boss","floor":16,"turns":11},{"damage":1,"enemies":"Shell Parasite","floor":18,"turns":3},{"damage":1,"enemies":"Spheric Guardian","floor":21,"turns":3},{"damage":0,"enemies":"Book of Stabbing","floor":23,"turns":6},{"damage":1,"enemies":"Centurion and Healer","floor":25,"turns":5},{"damage":3,"enemies":"Slavers","floor":27,"turns":2},{"damage":4,"enemies":"Snake Plant","floor":28,"turns":3},{"damage":0,"enemies":"Gremlin Leader","floor":29,"turns":5},{"damage":0,"enemies":"Snecko","floor":31,"turns":5},{"damage":28,"enemies":"Automaton","floor":33,"turns":11},{"damage":0,"enemies":"3 Darklings","floor":35,"turns":4},{"damage":12,"enemies":"Mind Bloom Boss Battle","floor":36,"turns":6},{"damage":5,"enemies":"3 Shapes","floor":37,"turns":3},{"damage":0,"enemies":"Jaw Worm Horde","floor":38,"turns":3},{"damage":15,"enemies":"3 Darklings","floor":39,"turns":4},{"damage":10,"enemies":"Giant Head","floor":41,"turns":7},{"damage":0,"enemies":"Transient","floor":42,"turns":5},{"damage":28,"enemies":"2 Orb Walkers","floor":45,"turns":6},{"damage":23,"enemies":"Nemesis","floor":46,"turns":7},{"damage":0,"enemies":"Jaw Worm Horde","floor":48,"turns":3},{"damage":138,"enemies":"Time Eater","floor":50,"turns":10}],"seed_played":"-1641863331901237888","potions_obtained":[{"floor":3,"key":"SkillPotion"},{"floor":13,"key":"StancePotion"},{"floor":16,"key":"PowerPotion"}],"is_trial":false,"path_per_floor":["M","M","M","M","?","E","?","R","T","R","?","?","E","M","R","B",null,"M","?","$","M","?","E","R","M","T","E","M","E","R","M","R","B",null,"M","?","M","M","M","R","E","M","T","$","?","E","?","M","R","B"],"character_chosen":"WATCHER","items_purchased":["FollowUp","Secret Weapon","Pear","Lee\u0027s Waffle"],"campfire_rested":2,"item_purchase_floors":[20,20,44,44],"current_hp_per_floor":[65,65,63,63,63,37,25,44,44,44,50,43,23,23,23,1,71,70,76,76,75,75,75,75,74,74,71,67,67,67,67,67,39,77,77,79,74,74,59,86,76,76,82,114,88,65,116,116,116,0],"gold":223,"neow_bonus":"REMOVE_CARD","is_prod":false,"is_daily":false,"chose_seed":false,"campfire_upgraded":6,"win_rate":0,"timestamp":1568172965,"path_taken":["M","M","M","M","?","E","?","R","T","R","?","?","E","M","R","BOSS","M","?","$","M","?","E","R","M","T","E","?","E","R","M","R","BOSS","M","?","M","M","M","R","E","M","T","$","?","E","?","M","R","BOSS"],"build_version":"2019-09-10","purchased_purges":2,"victory":false,"max_hp_per_floor":[65,65,65,65,65,65,65,65,65,65,71,71,71,71,71,71,71,71,77,77,77,77,77,77,77,77,77,77,77,77,77,77,77,77,77,91,91,91,91,91,91,91,97,114,116,116,116,116,116,116],"card_choices":[{"not_picked":["CutThroughFate","InnerPeace"],"picked":"EmptyMind","floor":1},{"not_picked":["Swivel","WaveOfTheHand"],"picked":"ThirdEye","floor":2},{"not_picked":["WaveOfTheHand","WreathOfFlame"],"picked":"EmptyBody","floor":3},{"not_picked":["Halt","Swivel"],"picked":"JustLucky","floor":4},{"not_picked":["WreathOfFlame","Perseverance"],"picked":"Halt","floor":6},{"not_picked":["CleanseEvil","Wallop"],"picked":"Conclude","floor":13},{"not_picked":["ThirdEye","ClearTheMind"],"picked":"CrushJoints","floor":14},{"not_picked":["Metaphysics","Nirvana"],"picked":"Vault","floor":16},{"not_picked":["Worship+1","BowlingBash","Evaluate"],"picked":"SKIP","floor":18},{"not_picked":["Halt","CutThroughFate"],"picked":"Swivel+1","floor":21},{"not_picked":["Consecrate","InnerPeace"],"picked":"EmptyFist","floor":23},{"not_picked":["Consecrate","Scrawl+1"],"picked":"CutThroughFate","floor":25},{"not_picked":["Tantrum","JustLucky"],"picked":"Vault","floor":27},{"not_picked":["BowlingBash","CleanseEvil+1","Prostrate"],"picked":"SKIP","floor":28},{"not_picked":["WreathOfFlame+1","Vengeance"],"picked":"FollowUp","floor":29},{"not_picked":["EmptyFist+1","Vengeance"],"picked":"Meditate","floor":31},{"not_picked":["DeusExMachina","FlowState"],"picked":"ReachHeaven","floor":33},{"not_picked":["Sanctity+1","Consecrate+1"],"picked":"Crescendo+1","floor":35},{"not_picked":["Adaptation+1","Swivel"],"picked":"Weave","floor":36},{"not_picked":["EmptyMind+1","Tantrum"],"picked":"InnerPeace+1","floor":37},{"not_picked":["Protect","BowlingBash+1","Crescendo+1"],"picked":"SKIP","floor":38},{"not_picked":["WaveOfTheHand","CrushJoints"],"picked":"FlyingSleeves+1","floor":39},{"not_picked":["Tantrum","ThirdEye+1","Halt+1"],"picked":"SKIP","floor":41},{"not_picked":["CleanseEvil","EmptyFist+1"],"picked":"Sanctity+1","floor":42},{"not_picked":["FlyingSleeves","Swivel","CutThroughFate+1"],"picked":"Singing Bowl","floor":45},{"not_picked":["FollowUp+1","Wireheading"],"picked":"Omniscience","floor":46},{"not_picked":["CrushJoints","Consecrate"],"picked":"Protect+1","floor":48}],"player_experience":247703,"relics_obtained":[{"floor":6,"key":"Ice Cream"},{"floor":9,"key":"Darkstone Periapt"},{"floor":13,"key":"Oddly Smooth Stone"},{"floor":22,"key":"Anchor"},{"floor":23,"key":"Ginger"},{"floor":26,"key":"Orichalcum"},{"floor":27,"key":"Meat on the Bone"},{"floor":29,"key":"Potion Belt"},{"floor":36,"key":"Mango"},{"floor":41,"key":"Ancient Tea Set"},{"floor":43,"key":"Singing Bowl"},{"floor":45,"key":"Pocketwatch"},{"floor":46,"key":"Gremlin Horn"}],"event_choices":[{"cards_removed":["Defend_P"],"damage_healed":0,"gold_gain":0,"player_choice":"Card Removal","damage_taken":0,"max_hp_gain":0,"max_hp_loss":0,"event_name":"The Cleric","floor":5,"gold_loss":50},{"damage_healed":0,"gold_gain":0,"player_choice":"Success","damage_taken":12,"relics_obtained":["Mercury Hourglass"],"max_hp_gain":0,"max_hp_loss":0,"event_name":"Scrap Ooze","floor":7,"gold_loss":0},{"damage_healed":0,"gold_gain":0,"player_choice":"Take Wound","damage_taken":0,"relics_obtained":["Golden Idol"],"max_hp_gain":0,"max_hp_loss":0,"event_name":"Golden Idol","floor":11,"gold_loss":0,"cards_obtained":["Injury"]},{"cards_removed":["Injury"],"damage_healed":0,"gold_gain":0,"player_choice":"Card Removal","damage_taken":7,"max_hp_gain":0,"max_hp_loss":0,"event_name":"Golden Wing","floor":12,"gold_loss":0},{"damage_healed":0,"gold_gain":0,"player_choice":"Stole Relic","damage_taken":0,"relics_obtained":["Letter Opener"],"max_hp_gain":0,"max_hp_loss":0,"event_name":"Addict","floor":19,"gold_loss":0,"cards_obtained":["Shame"]},{"damage_healed":0,"gold_gain":0,"player_choice":"Relic","damage_taken":0,"max_hp_gain":0,"max_hp_loss":0,"event_name":"Wheel of Change","floor":22,"gold_loss":0},{"damage_healed":0,"gold_gain":0,"player_choice":"Fight","damage_taken":0,"max_hp_gain":0,"max_hp_loss":0,"event_name":"MindBloom","floor":36,"gold_loss":0},{"damage_healed":0,"gold_gain":0,"player_choice":"Fight","damage_taken":0,"max_hp_gain":0,"max_hp_loss":0,"event_name":"Mysterious Sphere","floor":45,"gold_loss":0},{"cards_removed":["Meditate"],"damage_healed":51,"gold_gain":0,"player_choice":"Offered Uncommon","damage_taken":0,"max_hp_gain":0,"max_hp_loss":0,"event_name":"Bonfire Elementals","floor":47,"gold_loss":0}],"is_beta":true,"boss_relics":[{"not_picked":["Velvet Choker","SacredBark"],"picked":"Sozu"},{"not_picked":["Coffee Dripper","Fusion Hammer"],"picked":"Cursed Key"}],"items_purged_floors":[20,44],"is_endless":false,"potions_floor_spawned":[3,13,16,21,25,31,33,35,36,38,42,45,48],"killed_by":"Time Eater","ascension_level":1}