{"gold_per_floor":[114,128,15,15,29,57,73,73,73,73],"floor_reached":10,"playtime":611,"items_purged":[],"score":82,"play_id":"1ddb79e7-bc64-462e-aab9-7c8ed69344db","local_time":"20190825223925","is_ascension_mode":true,"campfire_choices":[{"floor":8,"key":"REST"}],"neow_cost":"NONE","seed_source_timestamp":368931547937071,"circlet_count":0,"master_deck":["Strike_G","Strike_G","Strike_G","Strike_G","Strike_G","Defend_G","Defend_G","Defend_G","Defend_G","Defend_G","Survivor","Neutralize","Venomology","Caltrops","Escape Plan","Endless Agony","Distraction","Prepared","Crippling Poison","Deadly Poison"],"special_seed":0,"relics":["Ring of the Snake","Pen Nib","Bottled Flame"],"potions_floor_usage":[2,6,6,10],"damage_taken":[{"damage":0,"enemies":"Small Slimes","floor":1,"turns":3},{"damage":4,"enemies":"Jaw Worm","floor":2,"turns":7},{"damage":0,"enemies":"Cultist","floor":5,"turns":4},{"damage":47,"enemies":"3 Sentries","floor":6,"turns":12},{"damage":14,"enemies":"Exordium Thugs","floor":7,"turns":5},{"damage":24,"enemies":"Gremlin Nob","floor":10,"turns":4}],"seed_played":"-2673729844586899711","potions_obtained":[{"floor":2,"key":"Dexterity Potion"},{"floor":5,"key":"Block Potion"},{"floor":6,"key":"GamblersBrew"}],"is_trial":false,"path_per_floor":["M","M","$","?","M","E","M","R","T","E"],"character_chosen":"THE_SILENT","items_purchased":["Endless Agony","Distraction"],"campfire_rested":1,"item_purchase_floors":[3,3],"current_hp_per_floor":[70,66,66,66,66,19,5,26,26,2],"gold":73,"neow_bonus":"ONE_RANDOM_RARE_CARD","is_prod":false,"is_daily":false,"chose_seed":false,"campfire_upgraded":0,"win_rate":0,"timestamp":1566797965,"path_taken":["M","M","$","?","M","E","M","R","T","E"],"build_version":"2019-07-17","purchased_purges":0,"victory":false,"max_hp_per_floor":[70,70,70,70,70,70,70,70,70,70],"card_choices":[{"not_picked":["Deflect","Slice"],"picked":"Caltrops","floor":1},{"not_picked":["PiercingWail","Slice"],"picked":"Escape Plan","floor":2},{"not_picked":["Choke","Masterful Stab"],"picked":"Prepared","floor":5},{"not_picked":["Bane","Expertise"],"picked":"Crippling Poison","floor":6},{"not_picked":["Deflect","Dagger Throw"],"picked":"Deadly Poison","floor":7}],"player_experience":3066487,"relics_obtained":[{"floor":6,"key":"Pen Nib"},{"floor":9,"key":"Bottled Flame"}],"event_choices":[{"damage_healed":0,"gold_gain":0,"player_choice":"Ignored","damage_taken":0,"max_hp_gain":0,"max_hp_loss":0,"event_name":"Golden Idol","floor":4,"gold_loss":0}],"is_beta":false,"boss_relics":[],"items_purged_floors":[],"is_endless":false,"potions_floor_spawned":[2,5,6],"killed_by":"Gremlin Nob","ascension_level":4}