{"gold_per_floor":[110,23,23,33,33,64,64,64,64,64,75,75,87,116,116,220,220,235,254,254,254,103,103,137,148,148,148,162,177,277,277,277,379,379,403,0,999,999,999,999,1034,1034,1034,1034,1052,656,391,407,407,407],"floor_reached":51,"playtime":4204,"items_purged":["Blur","Normality"],"score":976,"play_id":"4c93cc45-99a7-486c-a46a-269c71c0b827","local_time":"20191013174509","is_ascension_mode":true,"campfire_choices":[{"floor":7.0,"key":"DIG"},{"floor":10.0,"key":"DIG"},{"floor":12.0,"key":"DIG"},{"floor":15.0,"key":"DIG"},{"floor":23.0,"key":"DIG"},{"floor":27.0,"key":"REST"},{"data":"Calculated Gamble","floor":32.0,"key":"SMITH"},{"floor":40.0,"key":"DIG"},{"floor":42.0,"key":"DIG"},{"floor":49,"key":"DIG"}],"neow_cost":"NONE","seed_source_timestamp":0,"circlet_count":0,"master_deck":["Survivor","Neutralize","Quick Slash","Well Laid Plans+1","Dagger Spray","Dodge and Roll+1","Crippling Poison","Adrenaline","Crippling Poison","Deadly Poison","A Thousand Cuts+1","Well Laid Plans+1","Acrobatics","Bane","Deflect","Quick Slash","Footwork+1","Calculated Gamble+1","Expertise","Caltrops+1","DeceiveReality","Rebound+1","Leap+1","Ghostly Armor","Barricade+1","Shrug It Off+1","Footwork+1","Flash of Steel+1","Headbutt+1","Reflex","Tactician","Slice+1","Bane+1","Go for the Eyes+1"],"special_seed":0,"relics":["Ring of the Snake","NeowsBlessing","Shovel","War Paint","Frozen Egg 2","Mercury Hourglass","Omamori","Darkstone Periapt","Anchor","Ornamental Fan","Pandora\u0027s Box","PrismaticShard","Pantograph","Molten Egg 2","Happy Flower","Tough Bandages","Eternal Feather","Calling Bell","MawBank","Mummified Hand","TungstenRod","Bottled Lightning","Blood Vial","PreservedInsect","Pear","Bag of Preparation","Membership Card","Paper Crane","Bronze Scales","Lee\u0027s Waffle","Centennial Puzzle","Bottled Tornado"],"potions_floor_usage":[50,50],"damage_taken":[{"damage":0.0,"enemies":"Jaw Worm","floor":1.0,"turns":1.0},{"damage":0.0,"enemies":"2 Louse","floor":4.0,"turns":1.0},{"damage":0.0,"enemies":"3 Sentries","floor":6.0,"turns":1.0},{"damage":0.0,"enemies":"Cultist","floor":11.0,"turns":3.0},{"damage":3.0,"enemies":"Exordium Wildlife","floor":13.0,"turns":4.0},{"damage":13.0,"enemies":"Gremlin Nob","floor":14.0,"turns":5.0},{"damage":9.0,"enemies":"Slime Boss","floor":16.0,"turns":9.0},{"damage":11.0,"enemies":"Shell Parasite","floor":18.0,"turns":4.0},{"damage":0.0,"enemies":"3 Byrds","floor":19.0,"turns":3.0},{"damage":16.0,"enemies":"Book of Stabbing","floor":24.0,"turns":5.0},{"damage":2.0,"enemies":"Shelled Parasite and Fungi","floor":25.0,"turns":5.0},{"damage":0.0,"enemies":"Centurion and Healer","floor":28.0,"turns":5.0},{"damage":0.0,"enemies":"Snake Plant","floor":29.0,"turns":4.0},{"damage":3.0,"enemies":"Colosseum Slavers","floor":30.0,"turns":3.0},{"damage":14.0,"enemies":"Colosseum Nobs","floor":30.0,"turns":3.0},{"damage":19.0,"enemies":"Collector","floor":33.0,"turns":9.0},{"damage":0.0,"enemies":"3 Darklings","floor":35.0,"turns":4.0},{"damage":28.0,"enemies":"Giant Head","floor":41.0,"turns":13.0},{"damage":0.0,"enemies":"Orb Walker","floor":45.0,"turns":4.0},{"damage":11,"enemies":"3 Darklings","floor":48,"turns":3},{"damage":31,"enemies":"Awakened One","floor":50,"turns":14}],"seed_played":"-4328452090024838407","potions_obtained":[{"floor":11.0,"key":"Explosive Potion"},{"floor":14.0,"key":"CunningPotion"},{"floor":16.0,"key":"SteroidPotion"},{"floor":25.0,"key":"LiquidBronze"},{"floor":29.0,"key":"FearPotion"},{"floor":30.0,"key":"FairyPotion"},{"floor":33.0,"key":"FearPotion"},{"floor":41.0,"key":"PowerPotion"}],"is_trial":false,"path_per_floor":["M","$","?","M","T","E","R","?","T","R","M","R","M","E","R","B",null,"M","M","?","?","$","R","E","M","T","R","M","M","?","?","R","B",null,"M","$","?","?","?","R","E","R","T","?","M","$","$","M","R","B",null],"character_chosen":"THE_SILENT","items_purchased":["Well Laid Plans","Explosive Potion","PrismaticShard","Footwork+1","Bottled Lightning","Membership Card","Paper Crane","Bronze Scales","Lee\u0027s Waffle","Reflex","Tactician","Slice+1","Bane+1","Centennial Puzzle"],"campfire_rested":1,"item_purchase_floors":[2,2,22,36,36,46,46,46,47,47,47,47,47,47],"current_hp_per_floor":[63,63,63,63,63,63,63,63,63,63,63,63,60,47,47,38,62,51,51,51,51,51,51,35,33,33,54,54,54,37,37,52,51,65,65,65,71,71,71,76,48,73,73,73,75,75,89,78,89,58],"gold":407,"neow_bonus":"THREE_ENEMY_KILL","is_prod":false,"is_daily":false,"chose_seed":false,"campfire_upgraded":1,"win_rate":0,"timestamp":1571006709,"path_taken":["M","$","?","M","?","E","R","?","T","R","?","R","M","E","R","BOSS","M","M","?","?","$","R","E","M","T","R","M","M","?","?","R","BOSS","M","$","?","?","?","R","E","R","T","?","M","?","$","M","R","BOSS"],"build_version":"2019-10-11","purchased_purges":2,"victory":true,"max_hp_per_floor":[70,70,70,70,70,70,70,70,70,70,70,70,70,70,70,70,70,70,70,70,70,70,70,70,70,70,70,70,70,70,70,70,70,70,70,70,76,76,76,76,76,86,86,82,82,82,89,89,89,89],"card_choices":[{"not_picked":["Slice","Backflip"],"picked":"Quick Slash","floor":1.0},{"not_picked":["Flying Knee","Dodge and Roll"],"picked":"Dagger Spray","floor":4.0},{"not_picked":["Tactician","Endless Agony"],"picked":"Dodge and Roll","floor":6.0},{"not_picked":["Slice","Outmaneuver"],"picked":"Poisoned Stab","floor":11.0},{"not_picked":["Dodge and Roll","Infinite Blades+1"],"picked":"Crippling Poison","floor":13.0},{"not_picked":["Blade Dance","Backflip"],"picked":"Blur","floor":14.0},{"not_picked":["After Image+1","Night Terror"],"picked":"Adrenaline","floor":16.0},{"not_picked":["Acrobatics","Bane"],"picked":"Footwork+1","floor":18.0},{"not_picked":["Bane","Blade Dance","Outmaneuver"],"picked":"SKIP","floor":19.0},{"not_picked":["Blood for Blood","Bane"],"picked":"Caltrops+1","floor":24.0},{"not_picked":["Sword Boomerang+1","Fusion"],"picked":"DeceiveReality","floor":25.0},{"not_picked":["Consume+1","Intimidate"],"picked":"Rebound+1","floor":28.0},{"not_picked":["Finesse","Tempest+1"],"picked":"Leap+1","floor":29.0},{"not_picked":["Prepared","Sword Boomerang+1"],"picked":"Ghostly Armor","floor":30.0},{"not_picked":["Multi-Cast","Judgement"],"picked":"Barricade+1","floor":33.0},{"not_picked":["Stack+1","Impatience"],"picked":"Shrug It Off+1","floor":35.0},{"not_picked":["Bandage Up","Discovery"],"picked":"Flash of Steel+1","floor":38.0},{"not_picked":["FlurryOfBlows+1","Meteor Strike+1","Enlightenment"],"picked":"SKIP","floor":41.0},{"not_picked":["Evolve+1","Second Wind"],"picked":"Headbutt+1","floor":45.0},{"not_picked":["Infernal Blade","Rebound+1"],"picked":"Go for the Eyes+1","floor":48}],"player_experience":475703,"relics_obtained":[{"floor":5.0,"key":"Shovel"},{"floor":6.0,"key":"War Paint"},{"floor":7.0,"key":"Frozen Egg 2"},{"floor":9.0,"key":"Mercury Hourglass"},{"floor":10.0,"key":"Omamori"},{"floor":12.0,"key":"Darkstone Periapt"},{"floor":14.0,"key":"Anchor"},{"floor":15.0,"key":"Ornamental Fan"},{"floor":23.0,"key":"Pantograph"},{"floor":24.0,"key":"Molten Egg 2"},{"floor":26.0,"key":"Happy Flower"},{"floor":30.0,"key":"Tough Bandages"},{"floor":30.0,"key":"Eternal Feather"},{"floor":34.0,"key":"MawBank"},{"floor":34.0,"key":"Mummified Hand"},{"floor":34.0,"key":"TungstenRod"},{"floor":40.0,"key":"Blood Vial"},{"floor":41.0,"key":"PreservedInsect"},{"floor":42.0,"key":"Pear"},{"floor":43.0,"key":"Bag of Preparation"},{"floor":49,"key":"Bottled Tornado"}],"event_choices":[{"damage_healed":0.0,"max_hp_gain":0.0,"max_hp_loss":0.0,"gold_gain":0.0,"event_name":"Golden Wing","player_choice":"Ignored","floor":3.0,"gold_loss":0.0,"damage_taken":0.0},{"damage_healed":0.0,"max_hp_gain":0.0,"max_hp_loss":0.0,"gold_gain":0.0,"event_name":"Accursed Blacksmith","player_choice":"Forge","floor":8.0,"gold_loss":0.0,"damage_taken":0.0,"cards_upgraded":["Well Laid Plans"]},{"damage_healed":0.0,"max_hp_gain":0.0,"max_hp_loss":0.0,"gold_gain":0.0,"cards_transformed":["Concentrate","A Thousand Cuts"],"event_name":"Drug Dealer","player_choice":"Became Test Subject","floor":20.0,"gold_loss":0.0,"damage_taken":0.0,"cards_obtained":["Calculated Gamble","Expertise"]},{"damage_healed":0.0,"max_hp_gain":0.0,"max_hp_loss":0.0,"gold_gain":0.0,"event_name":"Back to Basics","player_choice":"Simplicity","floor":21.0,"gold_loss":0.0,"damage_taken":0.0,"cards_upgraded":[]},{"damage_healed":0.0,"max_hp_gain":0.0,"max_hp_loss":0.0,"gold_gain":0.0,"event_name":"Colosseum","player_choice":"Fight","floor":30.0,"gold_loss":0.0,"damage_taken":0.0},{"damage_healed":0.0,"max_hp_gain":0.0,"max_hp_loss":0.0,"gold_gain":0.0,"event_name":"Colosseum","player_choice":"Fought Nobs","floor":30.0,"gold_loss":0.0,"damage_taken":0.0},{"damage_healed":0.0,"max_hp_gain":0.0,"max_hp_loss":0.0,"gold_gain":0.0,"event_name":"Vampires","player_choice":"Ignored","floor":31.0,"gold_loss":0.0,"damage_taken":0.0},{"damage_healed":0.0,"max_hp_gain":0.0,"max_hp_loss":0.0,"gold_gain":999.0,"event_name":"MindBloom","player_choice":"Gold","floor":37.0,"gold_loss":0.0,"damage_taken":0.0,"cards_obtained":["Normality","Normality"]},{"damage_healed":0.0,"max_hp_gain":0.0,"max_hp_loss":0.0,"gold_gain":0.0,"event_name":"SensoryStone","player_choice":"Memory 1","floor":38.0,"gold_loss":0.0,"damage_taken":0.0},{"cards_removed":["Poisoned Stab"],"damage_healed":0.0,"max_hp_gain":0.0,"max_hp_loss":0.0,"gold_gain":0.0,"event_name":"Falling","player_choice":"Removed Attack","floor":39.0,"gold_loss":0.0,"damage_taken":0.0},{"damage_healed":0.0,"max_hp_gain":0.0,"max_hp_loss":4.0,"gold_gain":0.0,"event_name":"Winding Halls","player_choice":"Max HP","floor":44.0,"gold_loss":0.0,"damage_taken":0.0}],"is_beta":true,"boss_relics":[{"not_picked":["Busted Crown","Astrolabe"],"picked":"Pandora\u0027s Box"},{"not_picked":["Empty Cage","Fusion Hammer"],"picked":"Calling Bell"}],"items_purged_floors":[36,46],"is_endless":false,"potions_floor_spawned":[11,14,16,25,29,30,33,41,48],"ascension_level":6}