{"gold_per_floor":[109,34,48,48,48,79,98,98,98,98,119,144,68,101,101,101],"floor_reached":16,"playtime":1178,"items_purged":["Strike_B"],"score":116,"play_id":"c6c15530-0e78-4bc3-8a62-a85703972a27","local_time":"20180922234754","is_ascension_mode":true,"campfire_choices":[{"floor":10,"key":"REST"},{"data":"Defragment","floor":15,"key":"SMITH"}],"neow_cost":"","seed_source_timestamp":635615318862390,"circlet_count":0,"master_deck":["Strike_B","Defend_B","Defend_B","Defend_B","Defend_B","Zap","Dualcast","Injury","Defragment+1","Tempest"],"relics":["Cracked Core","Shuriken","Golden Idol","Gremlin Horn","Gambling Chip"],"potions_floor_usage":[16],"damage_taken":[{"damage":3,"enemies":"2 Louse","floor":1,"turns":3},{"damage":1,"enemies":"Jaw Worm","floor":3,"turns":4},{"damage":31,"enemies":"Lagavulin","floor":6,"turns":9},{"damage":2,"enemies":"Small Slimes","floor":7,"turns":3},{"damage":5,"enemies":"2 Fungi Beasts","floor":11,"turns":5},{"damage":18,"enemies":"Large Slime","floor":12,"turns":6},{"damage":43,"enemies":"Gremlin Nob","floor":14,"turns":5},{"damage":25,"enemies":"Slime Boss","floor":16,"turns":3}],"seed_played":"2115849048868741470","potions_obtained":[{"floor":6,"key":"Swift Potion"},{"floor":11,"key":"FairyPotion"}],"is_trial":false,"path_per_floor":["M","$","M","?","?","E","M","?","T","R","M","M","$","E","R"],"character_chosen":"DEFECT","items_purchased":["Defragment"],"campfire_rested":1,"item_purchase_floors":[13],"current_hp_per_floor":[72,72,71,64,64,33,31,31,31,53,48,30,30,7,7,0],"gold":101,"neow_bonus":"","is_prod":false,"is_daily":false,"chose_seed":false,"campfire_upgraded":1,"win_rate":0,"timestamp":1537674474,"path_taken":["M","$","M","?","?","E","?","?","T","R","M","?","$","E","R","BOSS"],"build_version":"2018-09-20","purchased_purges":1,"victory":false,"max_hp_per_floor":[75,75,75,75,75,75,75,75,75,75,75,75,75,75,75,75],"card_choices":[{"not_picked":["Leap","Doom and Gloom","Hologram"],"picked":"SKIP","floor":1},{"not_picked":["Skim","Barrage","Stack"],"picked":"SKIP","floor":3},{"not_picked":["Streamline","Compile Driver","Reboot"],"picked":"SKIP","floor":6},{"not_picked":["Chill","Sweeping Beam","Coolheaded"],"picked":"SKIP","floor":7},{"not_picked":["Doom and Gloom","Rip and Tear","Sweeping Beam"],"picked":"SKIP","floor":11},{"not_picked":["Rebound","Go for the Eyes","Streamline"],"picked":"SKIP","floor":12},{"not_picked":["Sweeping Beam","Scrape"],"picked":"Tempest","floor":14}],"player_experience":132573,"relics_obtained":[{"floor":6,"key":"Shuriken"},{"floor":9,"key":"Gremlin Horn"},{"floor":14,"key":"Gambling Chip"}],"event_choices":[{"event_name":"Golden Wing","player_choice":"Card Removal","floor":4,"damage_taken":0},{"event_name":"Living Wall","player_choice":"Forget","floor":5,"damage_taken":0},{"event_name":"Golden Idol","player_choice":"Take Wound","floor":8,"damage_taken":0}],"is_beta":false,"boss_relics":[],"items_purged_floors":[2],"is_endless":false,"potions_floor_spawned":[6,11],"killed_by":"Slime Boss","ascension_level":1}