{"path_per_floor":["M","?","M","?","M","R","?","M","T","M","T","M","R","$","R"],"character_chosen":"THE_SILENT","items_purchased":["Caltrops"],"gold_per_floor":[117,117,131,131,144,144,94,109,132,145,145,155,155,7,7,7],"floor_reached":16,"campfire_rested":1,"playtime":899,"item_purchase_floors":[14],"current_hp_per_floor":[63,50,50,50,48,48,48,42,42,37,37,37,37,37,55,0],"items_purged":["Defend_G"],"gold":7,"score":120,"play_id":"8dcf4bd6-c457-4167-9bab-03fa7c4c9ad9","local_time":"20180528180422","is_prod":false,"is_daily":false,"chose_seed":false,"is_ascension_mode":true,"campfire_upgraded":2,"win_rate":0,"timestamp":1527555862,"campfire_choices":[{"data":"Acrobatics","floor":6,"key":"SMITH"},{"data":"Blur","floor":13,"key":"SMITH"},{"floor":15,"key":"REST"}],"path_taken":["M","?","M","?","?","R","?","M","T","M","?","M","R","$","R","BOSS"],"build_version":"2018-05-24","seed_source_timestamp":23405489694032,"purchased_purges":1,"victory":false,"master_deck":["Defend_G","Defend_G","Defend_G+1","Defend_G","Strike_G","Strike_G","Survivor","Neutralize+1","Backflip","Acrobatics+1","Quick Slash","Blur+1","All Out Attack","Caltrops"],"max_hp_per_floor":[63,63,63,63,63,63,63,63,63,63,63,63,63,63,63,63],"relics":["Ring of the Snake","Art of War","Calipers"],"card_choices":[{"not_picked":["Bane","Malaise"],"picked":"Backflip","floor":1},{"not_picked":["PiercingWail","Quick Slash"],"picked":"Acrobatics","floor":3},{"not_picked":["Slice","PiercingWail","Reflex"],"picked":"SKIP","floor":5},{"not_picked":["Reflex","Grand Finale"],"picked":"Quick Slash","floor":8},{"not_picked":["Bouncing Flask","Masterful Stab"],"picked":"Blur","floor":10},{"not_picked":["Setup","Dash"],"picked":"All Out Attack","floor":12}],"player_experience":450301,"potions_floor_usage":[5,12],"damage_taken":[{"damage":0,"enemies":"2 Louse","floor":1,"turns":3},{"damage":0,"enemies":"Jaw Worm","floor":3,"turns":6},{"damage":2,"enemies":"Cultist","floor":5,"turns":4},{"damage":6,"enemies":"2 Fungi Beasts","floor":8,"turns":8},{"damage":5,"enemies":"Looter","floor":10,"turns":4},{"damage":0,"enemies":"Gremlin Gang","floor":12,"turns":3},{"damage":56,"enemies":"Hexaghost","floor":16,"turns":16}],"relics_obtained":[{"floor":9,"key":"Art of War"},{"floor":11,"key":"Calipers"}],"event_choices":[{"event_name":"Shining Light","player_choice":"Entered Light","floor":2,"damage_taken":0},{"event_name":"Golden Idol","player_choice":"Ignored","floor":4,"damage_taken":0},{"event_name":"The Cleric","player_choice":"Card Removal","floor":7,"damage_taken":0}],"boss_relics":[],"items_purged_floors":[14],"potions_floor_spawned":[3,8],"seed_played":"-7455943133669014504","killed_by":"Hexaghost","ascension_level":6,"potions_obtained":[{"floor":3,"key":"SteroidPotion"},{"floor":8,"key":"Explosive Potion"}],"is_trial":false}