{"path_per_floor":["M","M","M","?","M","R","M","M","T","M","E","R","$","T","R","B",null,"M","?","M","T","M","R","E","M","T","R","M","E","M","$","R"],"character_chosen":"THE_SILENT","items_purchased":["Lantern","Infinite Blades","Molten Egg 2"],"gold_per_floor":[111,129,149,99,113,113,129,140,164,176,202,202,45,45,45,142,142,161,161,177,177,193,193,219,238,292,292,307,333,345,20,20],"floor_reached":33,"campfire_rested":2,"playtime":3639,"current_hp_per_floor":[70,68,68,68,53,53,53,46,46,34,22,58,58,58,58,29,70,70,70,69,69,56,56,35,24,24,60,60,42,41,41,41],"items_purged":[],"gold":20,"score":317,"play_id":"5f5ed1c2-e7de-4a13-93ea-b47af3d092cf","local_time":"20180303185325","is_prod":false,"is_daily":false,"is_ascension_mode":false,"campfire_upgraded":4,"timestamp":1520121205,"path_taken":["M","M","M","?","M","R","?","M","T","?","E","R","$","?","R","BOSS","M","?","M","?","M","R","E","M","T","R","M","E","M","$","R","BOSS"],"build_version":"2018-03-01-PROD1","purchased_purges":0,"victory":false,"master_deck":["Defend_G","Defend_G+1","Defend_G+1","Defend_G","Strike_G","Strike_G","Strike_G","Strike_G","Strike_G","Survivor","Neutralize","Phantasmal Killer+1","Predator+1","Finisher","Backstab","Predator","Dash","Prepared","Outmaneuver","Flying Knee","A Thousand Cuts+1","Flying Knee","Dagger Throw+1","Noxious Fumes","Quick Slash","Well Laid Plans","Flying Knee+1","Flying Knee","Infinite Blades+1"],"max_hp_per_floor":[70,70,70,70,70,70,70,70,70,70,70,70,70,70,70,70,70,70,70,70,70,70,70,70,70,70,70,70,70,70,70,70],"relics":["Ring of the Snake","Regal Pillow","Prayer Wheel","Shuriken","Lantern","Torii","Velvet Choker","Tough Bandages","War Paint","Vajra","Anchor","Snake Skull","Molten Egg 2"],"card_choices":[{"not_picked":["PiercingWail","Malaise"],"picked":"Phantasmal Killer"},{"not_picked":["Poisoned Stab","Acrobatics"],"picked":"Predator"},{"not_picked":["Bouncing Flask","Eviscerate"],"picked":"Finisher"},{"not_picked":["Malaise","Backflip"],"picked":"Backstab"},{"not_picked":["Malaise","Expertise"],"picked":"Predator"},{"not_picked":["Deadly Poison","Choke"],"picked":"Dash"},{"not_picked":["Distraction","Crippling Poison"],"picked":"Prepared"},{"not_picked":["Malaise","Prepared"],"picked":"Outmaneuver"},{"not_picked":["Expertise","PiercingWail"],"picked":"Flying Knee"},{"not_picked":["Venomology","Tactician"],"picked":"A Thousand Cuts"},{"not_picked":["PiercingWail","Dash"],"picked":"Flying Knee"},{"not_picked":["Acrobatics","Poisoned Stab"],"picked":"Dagger Throw"},{"not_picked":["Sucker Punch","Dodge and Roll"],"picked":"Noxious Fumes"},{"not_picked":["Phantasmal Killer","Deflect"],"picked":"Quick Slash"},{"not_picked":["Slice","Sucker Punch"],"picked":"Well Laid Plans"},{"not_picked":["Masterful Stab","Outmaneuver"],"picked":"Flying Knee"},{"not_picked":["Backflip","Endless Agony"],"picked":"Flying Knee"}],"player_experience":19865,"potions_floor_usage":[16,16,25,29,33,33],"damage_taken":[{"damage":0,"enemies":"Cultist","floor":1,"turns":5},{"damage":2,"enemies":"Jaw Worm","floor":2,"turns":7},{"damage":0,"enemies":"Small Slimes","floor":3,"turns":3},{"damage":15,"enemies":"Exordium Thugs","floor":5,"turns":5},{"damage":0,"enemies":"3 Louse","floor":7,"turns":2},{"damage":7,"enemies":"Looter","floor":8,"turns":2},{"damage":12,"enemies":"Blue Slaver","floor":10,"turns":2},{"damage":12,"enemies":"Lagavulin","floor":11,"turns":6},{"damage":32,"enemies":"Slime Boss","floor":16,"turns":7},{"damage":0,"enemies":"Spheric Guardian","floor":18,"turns":2},{"damage":1,"enemies":"Chosen","floor":20,"turns":3},{"damage":13,"enemies":"Snake Plant","floor":22,"turns":3},{"damage":21,"enemies":"Book of Stabbing","floor":24,"turns":5},{"damage":17,"enemies":"Slaver and Parasite","floor":25,"turns":4},{"damage":0,"enemies":"3 Cultists","floor":28,"turns":3},{"damage":18,"enemies":"Slavers","floor":29,"turns":4},{"damage":1,"enemies":"Snecko","floor":30,"turns":3},{"damage":44,"enemies":"Automaton","floor":33,"turns":6}],"event_choices":[{"event_name":"The Cleric","player_choice":"Card Removal","floor":4,"damage_taken":0},{"event_name":"The Mausoleum","player_choice":"Yes","floor":19,"damage_taken":0}],"boss_relics":[{"not_picked":["Eternal Feather","Ectoplasm"],"picked":"Velvet Choker"}],"potions_floor_spawned":[1,5,8,18,20,25,30],"seed_played":"6733502849896911182","killed_by":"Automaton","ascension_level":0,"is_trial":false}