{"gold_per_floor":[111,129,129,14,14,45,58,58,110,120,145,156,184,149,149,249,249,264,264,275,275],"floor_reached":21,"playtime":3919,"items_purged":[],"score":261,"play_id":"7a2a5420-cfbc-495d-8421-36fb60739d3b","local_time":"20190928160331","is_ascension_mode":true,"campfire_choices":[{"floor":8.0,"key":"REST"},{"data":"1","floor":15,"key":"LIFT"}],"neow_cost":"NONE","seed_source_timestamp":0,"circlet_count":0,"master_deck":["Strike_P","Strike_P","Strike_P","Defend_P","Defend_P","Defend_P","Eruption","Vigilance","FearNoEvil","CutThroughFate","MasterReality","ForeignInfluence","MentalFortress","BattleHymn","Tantrum","WheelKick","Perseverance","Collect","DevaForm","ThirdEye","Sanctity"],"special_seed":0,"relics":["PureWater","InkBottle","Happy Flower","Girya","Anchor","Black Star"],"potions_floor_usage":[],"damage_taken":[{"damage":0.0,"enemies":"Cultist","floor":1.0,"turns":4.0},{"damage":0.0,"enemies":"Small Slimes","floor":2.0,"turns":2.0},{"damage":14.0,"enemies":"Gremlin Nob","floor":6.0,"turns":3.0},{"damage":11.0,"enemies":"Jaw Worm","floor":7.0,"turns":2.0},{"damage":7.0,"enemies":"Looter","floor":10.0,"turns":4.0},{"damage":14.0,"enemies":"3 Sentries","floor":11.0,"turns":5.0},{"damage":0.0,"enemies":"Large Slime","floor":12.0,"turns":2.0},{"damage":12.0,"enemies":"Gremlin Nob","floor":13.0,"turns":3.0},{"damage":0,"enemies":"Slime Boss","floor":16,"turns":4},{"damage":24,"enemies":"2 Thieves","floor":18,"turns":4},{"damage":14,"enemies":"3 Byrds","floor":20,"turns":5},{"damage":0,"enemies":"Snecko","floor":21,"turns":2}],"seed_played":"-321469709078379955","potions_obtained":[{"floor":2.0,"key":"AttackPotion"},{"floor":10.0,"key":"Dexterity Potion"},{"floor":11.0,"key":"Strength Potion"},{"floor":16,"key":"FearPotion"},{"floor":18,"key":"Dexterity Potion"}],"is_trial":false,"path_per_floor":["M","M","?","$","?","E","M","R","T","M","E","M","E","?","R","B",null,"M","?","M","M"],"character_chosen":"WATCHER","items_purchased":["MasterReality","ForeignInfluence"],"campfire_rested":1,"item_purchase_floors":[4,4],"current_hp_per_floor":[72,72,65,65,65,51,40,61,61,54,40,40,28,46,46,46,72,48,34,20,20],"gold":275,"neow_bonus":"REMOVE_CARD","is_prod":false,"is_daily":false,"chose_seed":false,"campfire_upgraded":0,"win_rate":0,"timestamp":1569711811,"path_taken":["M","M","?","$","?","E","?","R","T","M","E","M","E","?","R","BOSS","M","?","?","M"],"build_version":"2019-09-27","purchased_purges":0,"victory":false,"max_hp_per_floor":[72,72,72,72,72,72,72,72,72,72,72,72,72,72,72,72,72,72,72,72,72],"card_choices":[{"not_picked":["CutThroughFate","BowlingBash"],"picked":"FearNoEvil","floor":1.0},{"not_picked":["Protect","FollowUp"],"picked":"CutThroughFate","floor":2.0},{"not_picked":["PathToVictory","WindmillStrike"],"picked":"MentalFortress","floor":6.0},{"not_picked":["FollowUp","InnerPeace"],"picked":"BattleHymn","floor":7.0},{"not_picked":["Halt","SandsOfTime"],"picked":"Tantrum","floor":10.0},{"not_picked":["PathToVictory","Sanctity"],"picked":"WheelKick","floor":11.0},{"not_picked":["MasterReality","Prostrate"],"picked":"Perseverance","floor":12.0},{"not_picked":["Consecrate","Evaluate"],"picked":"Collect","floor":13.0},{"not_picked":["ConjureBlade","LessonLearned"],"picked":"DevaForm","floor":16},{"not_picked":["SashWhip","WaveOfTheHand"],"picked":"ThirdEye","floor":18},{"not_picked":["Perseverance","Vengeance"],"picked":"Sanctity","floor":20}],"player_experience":27533,"relics_obtained":[{"floor":6.0,"key":"InkBottle"},{"floor":9.0,"key":"Happy Flower"},{"floor":11.0,"key":"Girya"},{"floor":13.0,"key":"Anchor"}],"event_choices":[{"cards_removed":["Defend_P"],"damage_healed":0.0,"max_hp_gain":0.0,"max_hp_loss":0.0,"gold_gain":0.0,"event_name":"Golden Wing","player_choice":"Card Removal","floor":3.0,"gold_loss":0.0,"damage_taken":7.0},{"damage_healed":0.0,"max_hp_gain":0.0,"max_hp_loss":0.0,"gold_gain":0.0,"event_name":"Golden Idol","player_choice":"Ignored","floor":5.0,"gold_loss":0.0,"damage_taken":0.0},{"damage_healed":18.0,"max_hp_gain":0.0,"max_hp_loss":0.0,"gold_gain":0.0,"event_name":"The Cleric","player_choice":"Healed","floor":14.0,"gold_loss":35.0,"damage_taken":0.0},{"damage_healed":0,"gold_gain":0,"player_choice":"POTION ","damage_taken":14,"max_hp_gain":0,"max_hp_loss":0,"event_name":"Knowing Skull","floor":19,"potions_obtained":["SmokeBomb"],"gold_loss":0,"cards_obtained":[]}],"is_beta":true,"boss_relics":[{"not_picked":["SacredBark","Calling Bell"],"picked":"Black Star"}],"items_purged_floors":[],"is_endless":false,"potions_floor_spawned":[2,10,11,16,18],"killed_by":"Snecko","ascension_level":1}