{"gold_per_floor":[211,231,249,26,26,60,60,86,139,171,206,8,24,58,58,158,158,170,170,170,20,80,109,109,138,162,162,87,134,134,52,52,154,154,168,168,12,56,56,56,87,100,146,146,191,191,202,227,227,227],"floor_reached":50,"playtime":3918,"items_purged":["Defend_P+1"],"score":762,"play_id":"2fbefb5c-d610-44e8-b47f-f8b3cdb01a0a","local_time":"20191003102148","is_ascension_mode":true,"campfire_choices":[{"data":"Eruption","floor":7,"key":"SMITH"},{"floor":15,"key":"REST"},{"data":"Wish","floor":24,"key":"SMITH"},{"floor":27,"key":"REST"},{"data":"Mind Blast","floor":32,"key":"SMITH"},{"data":"1","floor":40,"key":"LIFT"},{"data":"2","floor":44,"key":"LIFT"},{"data":"Wish","floor":46,"key":"SMITH"},{"data":"CrushJoints","floor":49,"key":"SMITH"}],"neow_cost":"NONE","seed_source_timestamp":340422084172200,"circlet_count":0,"master_deck":["Strike_P+1","Strike_P+1","Strike_P+1","Strike_P+1","Defend_P+1","Defend_P+1","Defend_P+1","Eruption+1","Vigilance","ThirdEye","CrushJoints+1","Crescendo","TalkToTheHand+1","MentalFortress","Halt","Wish+1","ClearTheMind","Crescendo","FearNoEvil","FlowState","SashWhip","Fasting2","Conclude","Consecrate","Protect","Wish+1","EmptyBody","Halt","SandsOfTime+1","Mind Blast+1","Adaptation","CurseOfTheBell","JustLucky+1"],"relics":["PureWater","Orrery","Pantograph","Orichalcum","Art of War","Anchor","Akabeko","Busted Crown","Strawberry","Dead Branch","TungstenRod","Juzu Bracelet","Calling Bell","Vajra","Ornamental Fan","Girya","PreservedInsect","Bottled Flame","Oddly Smooth Stone","Potion Belt","Peace Pipe","Bag of Marbles"],"potions_floor_usage":[13,14,14,16,18,23,42,50,50,50,50],"damage_taken":[{"damage":2,"enemies":"Jaw Worm","floor":1,"turns":5},{"damage":1,"enemies":"Small Slimes","floor":2,"turns":3},{"damage":0,"enemies":"2 Louse","floor":3,"turns":3},{"damage":9,"enemies":"Lagavulin","floor":6,"turns":6},{"damage":11,"enemies":"Gremlin Nob","floor":8,"turns":3},{"damage":12,"enemies":"Lagavulin","floor":10,"turns":4},{"damage":5,"enemies":"2 Fungi Beasts","floor":11,"turns":3},{"damage":0,"enemies":"Exordium Thugs","floor":13,"turns":3},{"damage":11,"enemies":"Gremlin Nob","floor":14,"turns":3},{"damage":12,"enemies":"Slime Boss","floor":16,"turns":5},{"damage":0,"enemies":"2 Thieves","floor":18,"turns":1},{"damage":0,"enemies":"Chosen","floor":22,"turns":6},{"damage":35,"enemies":"Book of Stabbing","floor":23,"turns":6},{"damage":28,"enemies":"Gremlin Leader","floor":25,"turns":4},{"damage":0,"enemies":"Snecko","floor":29,"turns":4},{"damage":18,"enemies":"Collector","floor":33,"turns":5},{"damage":0,"enemies":"Orb Walker","floor":35,"turns":3},{"damage":24,"enemies":"3 Darklings","floor":38,"turns":4},{"damage":6,"enemies":"Nemesis","floor":41,"turns":3},{"damage":0,"enemies":"Maw","floor":42,"turns":5},{"damage":7,"enemies":"2 Orb Walkers","floor":45,"turns":2},{"damage":0,"enemies":"Sphere and 2 Shapes","floor":47,"turns":2},{"damage":0,"enemies":"Giant Head","floor":48,"turns":4},{"damage":85,"enemies":"Awakened One","floor":50,"turns":4}],"seed_played":"-1362517399032076299","potions_obtained":[{"floor":1,"key":"Fire Potion"},{"floor":6,"key":"BottledMiracle"},{"floor":13,"key":"PowerPotion"},{"floor":14,"key":"Swift Potion"},{"floor":16,"key":"SteroidPotion"},{"floor":29,"key":"LiquidBronze"},{"floor":38,"key":"Swift Potion"},{"floor":41,"key":"SteroidPotion"},{"floor":42,"key":"Strength Potion"},{"floor":48,"key":"Strength Potion"}],"is_trial":false,"path_per_floor":["M","M","M","$","?","E","R","E","T","E","M","$","M","E","R","B",null,"M","?","?","$","M","E","R","E","T","R","$","M","?","$","R","B",null,"M","?","$","M","T","R","E","M","T","R","?","R","M","E","R","B"],"character_chosen":"WATCHER","items_purchased":["TalkToTheHand","Orrery","Fasting2","Conclude","Explosive Potion","Strawberry","Mind Blast","PreservedInsect"],"campfire_rested":2,"item_purchase_floors":[4,4,12,12,12,21,31,37],"current_hp_per_floor":[70,69,69,69,55,46,46,35,35,23,18,18,18,7,28,41,72,72,72,72,79,79,44,44,16,16,39,39,39,39,39,39,46,79,79,79,79,55,55,55,49,49,49,49,42,42,42,42,42,0],"gold":227,"neow_bonus":"HUNDRED_GOLD","is_prod":false,"is_daily":false,"chose_seed":false,"campfire_upgraded":5,"win_rate":0,"timestamp":1570116108,"path_taken":["M","M","M","$","?","E","R","E","T","E","M","$","M","E","R","BOSS","M","?","?","$","M","E","R","E","T","R","$","M","?","$","R","BOSS","M","?","$","M","?","R","E","M","T","R","?","R","M","E","R","BOSS"],"build_version":"2019-10-02","purchased_purges":1,"victory":false,"max_hp_per_floor":[72,72,72,72,72,72,72,72,72,72,72,72,72,72,72,72,72,72,72,72,79,79,79,79,79,79,79,79,79,79,79,79,79,79,79,79,79,79,79,79,79,79,79,79,79,79,79,79,79,79],"card_choices":[{"not_picked":["WaveOfTheHand","Indignation"],"picked":"ThirdEye","floor":1},{"not_picked":["Prostrate","Meditate"],"picked":"CrushJoints","floor":2},{"not_picked":["ThirdEye","Prostrate"],"picked":"Crescendo","floor":3},{"not_picked":["Blasphemy","JustLucky"],"picked":"MentalFortress","floor":4},{"not_picked":["Crescendo","JustLucky"],"picked":"Halt","floor":4},{"not_picked":["Tantrum","Prostrate"],"picked":"Wish","floor":4},{"not_picked":["Protect","FlurryOfBlows"],"picked":"ClearTheMind","floor":4},{"not_picked":["Worship","Swivel"],"picked":"Crescendo","floor":4},{"not_picked":["Swivel","ThirdEye","CrushJoints"],"picked":"SKIP","floor":6},{"not_picked":["Nirvana","ClearTheMind"],"picked":"FearNoEvil","floor":8},{"not_picked":["ForeignInfluence","Perseverance"],"picked":"FlowState","floor":10},{"not_picked":["Wireheading","Meditate"],"picked":"SashWhip","floor":11},{"not_picked":["Tantrum","Halt"],"picked":"Consecrate","floor":13},{"not_picked":["CutThroughFate","JustLucky"],"picked":"Protect","floor":14},{"not_picked":["Devotion","ConjureBlade"],"picked":"Wish","floor":16},{"not_picked":[],"picked":"EmptyBody","floor":18},{"not_picked":["BowlingBash"],"picked":"SKIP","floor":22},{"not_picked":[],"picked":"Halt","floor":23},{"not_picked":["ForeignInfluence"],"picked":"SKIP","floor":25},{"not_picked":[],"picked":"SandsOfTime+1","floor":29},{"not_picked":[],"picked":"Adaptation","floor":33},{"not_picked":[],"picked":"JustLucky+1","floor":35},{"not_picked":["Worship"],"picked":"SKIP","floor":38},{"not_picked":["EmptyBody+1"],"picked":"SKIP","floor":41},{"not_picked":["CrushJoints+1"],"picked":"SKIP","floor":42},{"not_picked":["Vengeance"],"picked":"SKIP","floor":47},{"not_picked":["ClearTheMind+1"],"picked":"SKIP","floor":48}],"player_experience":366504,"relics_obtained":[{"floor":6,"key":"Pantograph"},{"floor":8,"key":"Orichalcum"},{"floor":9,"key":"Art of War"},{"floor":10,"key":"Anchor"},{"floor":14,"key":"Akabeko"},{"floor":23,"key":"Dead Branch"},{"floor":25,"key":"TungstenRod"},{"floor":26,"key":"Juzu Bracelet"},{"floor":34,"key":"Vajra"},{"floor":34,"key":"Ornamental Fan"},{"floor":34,"key":"Girya"},{"floor":39,"key":"Bottled Flame"},{"floor":41,"key":"Oddly Smooth Stone"},{"floor":43,"key":"Potion Belt"},{"floor":45,"key":"Peace Pipe"},{"floor":48,"key":"Bag of Marbles"}],"event_choices":[{"damage_healed":0,"gold_gain":0,"player_choice":"Entered Light","damage_taken":14,"max_hp_gain":0,"max_hp_loss":0,"event_name":"Shining Light","floor":5,"gold_loss":0,"cards_upgraded":["TalkToTheHand","Defend_P"]},{"damage_healed":0,"gold_gain":0,"player_choice":"Ignored","damage_taken":0,"max_hp_gain":0,"max_hp_loss":0,"event_name":"Ghosts","floor":19,"gold_loss":0},{"damage_healed":0,"gold_gain":0,"player_choice":"Simplicity","damage_taken":0,"max_hp_gain":0,"max_hp_loss":0,"event_name":"Back to Basics","floor":20,"gold_loss":0,"cards_upgraded":["Strike_P","Strike_P","Strike_P","Strike_P","Defend_P","Defend_P","Defend_P"]},{"damage_healed":0,"gold_gain":0,"player_choice":"Ignored","damage_taken":0,"max_hp_gain":0,"max_hp_loss":0,"event_name":"Vampires","floor":30,"gold_loss":0},{"damage_healed":0,"gold_gain":0,"player_choice":"Ignored","damage_taken":0,"max_hp_gain":0,"max_hp_loss":0,"event_name":"Tomb of Lord Red Mask","floor":36,"gold_loss":0},{"damage_healed":0,"gold_gain":0,"player_choice":"Fight","damage_taken":0,"max_hp_gain":0,"max_hp_loss":0,"event_name":"Mysterious Sphere","floor":45,"gold_loss":0}],"is_beta":true,"boss_relics":[{"not_picked":["SlaversCollar","Velvet Choker"],"picked":"Busted Crown"},{"not_picked":["Black Star","VioletLotus"],"picked":"Calling Bell"}],"items_purged_floors":[28],"is_endless":false,"potions_floor_spawned":[1,6,13,14,16,29,38,41,42,48],"killed_by":"Awakened One","ascension_level":4}