{"gold_per_floor":[19,33,33,58,8,44,44,44,44,60,60,34,34,65,65,185,185,198,76,100,118,118],"floor_reached":22,"playtime":965,"items_purged":[],"score":291,"play_id":"b59c4ce3-dcbc-4f81-8d30-424d0c358c4e","local_time":"20191016182537","is_ascension_mode":true,"campfire_choices":[{"data":"Genetic Algorithm","floor":7,"key":"SMITH"},{"floor":13,"key":"REST"},{"floor":15,"key":"REST"}],"neow_cost":"NO_GOLD","seed_source_timestamp":447678508574200,"circlet_count":0,"master_deck":["AscendersBane","Strike_B","Strike_B","Strike_B","Defend_B","Defend_B+1","Defend_B","Defend_B","Zap","Dualcast","Genetic Algorithm+1","Go for the Eyes","Cold Snap+1","Storm","Streamline","Rebound","Creative AI","Gash","Barrage","Conserve Battery","Ball Lightning","Coolheaded","Go for the Eyes+1"],"relics":["FrozenCore","Golden Idol","Darkstone Periapt","StrikeDummy","Shuriken"],"potions_floor_usage":[16,16],"damage_taken":[{"damage":7,"enemies":"Jaw Worm","floor":1,"turns":3},{"damage":6,"enemies":"2 Louse","floor":2,"turns":3},{"damage":0,"enemies":"Cultist","floor":4,"turns":3},{"damage":31,"enemies":"3 Sentries","floor":6,"turns":9},{"damage":7,"enemies":"3 Louse","floor":10,"turns":4},{"damage":18,"enemies":"Lagavulin","floor":14,"turns":5},{"damage":39,"enemies":"Hexaghost","floor":16,"turns":12},{"damage":11,"enemies":"3 Byrds","floor":18,"turns":6},{"damage":29,"enemies":"Spheric Guardian","floor":20,"turns":6},{"damage":13,"enemies":"Centurion and Healer","floor":21,"turns":8},{"damage":16,"enemies":"Snecko","floor":22,"turns":3}],"seed_played":"-6180253978991976523","potions_obtained":[{"floor":1,"key":"Regen Potion"},{"floor":14,"key":"Swift Potion"},{"floor":18,"key":"Ancient Potion"}],"is_trial":false,"path_per_floor":["M","M","?","M","?","E","R","?","T","M","?","$","R","E","R","B",null,"M","$","M","M","M"],"character_chosen":"DEFECT","items_purchased":["Rebound","Barrage","Conserve Battery","Ball Lightning"],"campfire_rested":2,"item_purchase_floors":[12,19,19,19],"current_hp_per_floor":[75,69,69,69,69,38,38,30,30,23,7,7,31,13,37,13,65,54,54,25,12,0],"gold":118,"neow_bonus":"TWENTY_PERCENT_HP_BONUS","is_prod":false,"is_daily":false,"chose_seed":false,"campfire_upgraded":1,"win_rate":0,"timestamp":1571268337,"path_taken":["M","M","?","M","?","E","R","?","T","?","?","?","R","E","R","BOSS","M","$","M","M","M"],"build_version":"2019-10-16","purchased_purges":0,"victory":false,"max_hp_per_floor":[89,89,82,82,82,82,82,82,82,82,82,82,82,82,82,82,82,82,82,82,82,82],"card_choices":[{"not_picked":["Barrage","Streamline"],"picked":"Genetic Algorithm","floor":1},{"not_picked":["Scrape","Conserve Battery"],"picked":"Go for the Eyes","floor":2},{"not_picked":["Barrage","Rebound"],"picked":"Cold Snap","floor":4},{"not_picked":["Blizzard","Heatsinks"],"picked":"Storm","floor":6},{"not_picked":["Consume","BootSequence"],"picked":"Streamline","floor":10},{"not_picked":["Stack","Rebound","Storm"],"picked":"SKIP","floor":14},{"not_picked":["Thunder Strike","Hyperbeam"],"picked":"Creative AI","floor":16},{"not_picked":["Go for the Eyes","Leap"],"picked":"Gash","floor":18},{"not_picked":["Static Discharge","FTL+1"],"picked":"Coolheaded","floor":20},{"not_picked":["Barrage","Steam"],"picked":"Go for the Eyes+1","floor":21}],"player_experience":525152,"relics_obtained":[{"floor":6,"key":"Darkstone Periapt"},{"floor":9,"key":"StrikeDummy"},{"floor":14,"key":"Shuriken"}],"event_choices":[{"damage_healed":0,"gold_gain":0,"player_choice":"Lose Max HP","damage_taken":0,"relics_obtained":["Golden Idol"],"max_hp_gain":0,"max_hp_loss":7,"event_name":"Golden Idol","floor":3,"gold_loss":0},{"cards_removed":["Strike_B"],"damage_healed":0,"gold_gain":0,"player_choice":"Card Removal","damage_taken":0,"max_hp_gain":0,"max_hp_loss":0,"event_name":"The Cleric","floor":5,"gold_loss":50},{"damage_healed":0,"gold_gain":0,"player_choice":"Damaged","damage_taken":8,"max_hp_gain":0,"max_hp_loss":0,"event_name":"Wheel of Change","floor":8,"gold_loss":0},{"damage_healed":0,"gold_gain":0,"player_choice":"Entered Light","damage_taken":16,"max_hp_gain":0,"max_hp_loss":0,"event_name":"Shining Light","floor":11,"gold_loss":0,"cards_upgraded":["Cold Snap","Defend_B"]}],"is_beta":true,"boss_relics":[{"not_picked":["Fusion Hammer","Coffee Dripper"],"picked":"FrozenCore"}],"items_purged_floors":[],"is_endless":false,"potions_floor_spawned":[1,14,18],"killed_by":"Snecko","ascension_level":10}