{"gold_per_floor":[119,138,150,225,236,236,270,270,295,314,327,327,353,386,386,482,482,494,244,244,120,134,469,469,499,499,531,531,541,541,551,551,650,650,666,682,682,698,578,578],"floor_reached":40,"playtime":3394,"items_purged":[],"score":637,"play_id":"9f093900-b9e4-4960-bfa4-29ed65618683","local_time":"20190814194958","is_ascension_mode":true,"campfire_choices":[{"data":"Inflame","floor":6.0,"key":"SMITH"},{"data":"Metallicize","floor":8.0,"key":"SMITH"},{"data":"Spot Weakness","floor":12.0,"key":"SMITH"},{"data":"Intimidate","floor":15.0,"key":"SMITH"},{"floor":24.0,"key":"REST"},{"floor":28.0,"key":"REST"},{"data":"Apotheosis","floor":30.0,"key":"SMITH"},{"data":"Inflame","floor":32.0,"key":"SMITH"}],"neow_cost":"TEN_PERCENT_HP_LOSS","seed_source_timestamp":0,"circlet_count":0,"master_deck":["Strike_R+1","Strike_R+1","Strike_R+1","Strike_R+1","Strike_R+1","Defend_R+1","Defend_R+1","Defend_R+1","Defend_R+1","Bash","Inflame+1","Corruption","Sentinel","Spot Weakness+1","Metallicize+1","Intimidate+1","Infernal Blade","Fiend Fire","Heavy Blade","Armaments","Second Wind","Apotheosis+1","Flex","Pommel Strike","Evolve","Burning Pact","Inflame+1","Heavy Blade","Double Tap","Inflame+1","The Bomb","Pummel"],"special_seed":0,"relics":["Burning Blood","Pocketwatch","Happy Flower","Anchor","Odd Mushroom","PreservedInsect","Black Star","Membership Card","Old Coin","Bird Faced Urn","Juzu Bracelet","Gremlin Horn","Paper Frog","Lantern","Letter Opener","Philosopher\u0027s Stone","Bag of Marbles"],"potions_floor_usage":[40,40],"damage_taken":[{"damage":0.0,"enemies":"2 Louse","floor":1.0,"turns":4.0},{"damage":2.0,"enemies":"Jaw Worm","floor":2.0,"turns":6.0},{"damage":0.0,"enemies":"Small Slimes","floor":3.0,"turns":3.0},{"damage":1.0,"enemies":"Exordium Wildlife","floor":5.0,"turns":5.0},{"damage":20.0,"enemies":"Lagavulin","floor":7.0,"turns":7.0},{"damage":3.0,"enemies":"Large Slime","floor":10.0,"turns":6.0},{"damage":0.0,"enemies":"2 Fungi Beasts","floor":11.0,"turns":4.0},{"damage":3.0,"enemies":"The Mushroom Lair","floor":13.0,"turns":4.0},{"damage":13.0,"enemies":"3 Sentries","floor":14.0,"turns":7.0},{"damage":3.0,"enemies":"The Guardian","floor":16.0,"turns":9.0},{"damage":0.0,"enemies":"Chosen","floor":18.0,"turns":4.0},{"damage":3.0,"enemies":"Shell Parasite","floor":22.0,"turns":7.0},{"damage":23.0,"enemies":"Slavers","floor":23.0,"turns":5.0},{"damage":8.0,"enemies":"Gremlin Leader","floor":25.0,"turns":5.0},{"damage":35.0,"enemies":"Book of Stabbing","floor":27.0,"turns":5.0},{"damage":18.0,"enemies":"Snecko","floor":29.0,"turns":6.0},{"damage":12.0,"enemies":"Shelled Parasite and Fungi","floor":31.0,"turns":5.0},{"damage":43.0,"enemies":"Champ","floor":33.0,"turns":8.0},{"damage":0.0,"enemies":"Orb Walker","floor":35.0,"turns":3.0},{"damage":61,"enemies":"3 Darklings","floor":36,"turns":5},{"damage":27,"enemies":"Spire Growth","floor":38,"turns":4},{"damage":24,"enemies":"Reptomancer","floor":40,"turns":3}],"seed_played":"-5731067755201604348","potions_obtained":[{"floor":3.0,"key":"PowerPotion"},{"floor":5.0,"key":"SteroidPotion"},{"floor":10.0,"key":"LiquidBronze"},{"floor":16.0,"key":"Weak Potion"},{"floor":29.0,"key":"SpeedPotion"},{"floor":31.0,"key":"PowerPotion"},{"floor":38,"key":"Dexterity Potion"}],"is_trial":false,"path_per_floor":["M","M","M","?","M","R","E","R","T","M","M","R","?","E","R","B",null,"M","$","?","$","M","E","R","E","T","E","R","M","R","M","R","B",null,"M","M","?","M","$","E"],"character_chosen":"IRONCLAD","items_purchased":["Membership Card","Armaments","Second Wind","Apotheosis","Flex","Block Potion","Bag of Marbles","Pummel"],"campfire_rested":2,"item_purchase_floors":[19,19,19,21,21,39,39,39],"current_hp_per_floor":[72,72,72,61,66,66,52,52,52,55,61,61,64,57,57,60,72,72,72,72,72,72,55,72,72,72,47,68,60,60,62,62,35,72,72,25,25,8,8,0],"gold":578,"neow_bonus":"ONE_RARE_RELIC","is_prod":false,"is_daily":false,"chose_seed":false,"campfire_upgraded":6,"win_rate":0,"timestamp":1565837398,"path_taken":["M","M","M","?","M","R","E","R","T","M","M","R","?","E","R","BOSS","M","$","?","$","M","E","R","E","T","E","R","M","R","M","R","BOSS","M","M","?","M","$","E"],"build_version":"2019-07-17","purchased_purges":0,"victory":false,"max_hp_per_floor":[72,72,72,72,72,72,72,72,72,72,72,72,72,72,72,72,72,72,72,72,72,72,72,72,72,72,72,72,72,72,72,72,72,72,72,72,72,72,72,72],"card_choices":[{"not_picked":["Heavy Blade","Carnage"],"picked":"Inflame","floor":1.0},{"not_picked":["Sword Boomerang","Whirlwind"],"picked":"Corruption","floor":2.0},{"not_picked":["Bloodletting","Corruption"],"picked":"Sentinel","floor":3.0},{"not_picked":["Cleave","Armaments"],"picked":"Spot Weakness","floor":5.0},{"not_picked":["Second Wind","Perfected Strike"],"picked":"Metallicize","floor":7.0},{"not_picked":["Hemokinesis","Fire Breathing"],"picked":"Intimidate","floor":10.0},{"not_picked":["Twin Strike","Anger","Intimidate"],"picked":"SKIP","floor":11.0},{"not_picked":["Sword Boomerang","Twin Strike"],"picked":"Infernal Blade","floor":14.0},{"not_picked":["Berserk","Double Tap"],"picked":"Fiend Fire","floor":16.0},{"not_picked":["Blood for Blood+1","Carnage"],"picked":"Heavy Blade","floor":18.0},{"not_picked":["Carnage","Entrench"],"picked":"Pommel Strike","floor":22.0},{"not_picked":["Havoc+1","Sword Boomerang"],"picked":"Evolve","floor":23.0},{"not_picked":["Flex+1","Warcry"],"picked":"Burning Pact","floor":25.0},{"not_picked":["Barricade","Warcry+1"],"picked":"Inflame","floor":27.0},{"not_picked":["Clash","Intimidate","Body Slam"],"picked":"SKIP","floor":29.0},{"not_picked":["Infernal Blade+1","Burning Pact+1"],"picked":"Heavy Blade","floor":31.0},{"not_picked":["Demon Form","Bludgeon"],"picked":"Double Tap","floor":33.0},{"not_picked":["Clash","Rampage"],"picked":"Inflame+1","floor":35.0},{"not_picked":["Shockwave+1","Intimidate","Flex+1"],"picked":"SKIP","floor":36},{"not_picked":["Madness","Mind Blast"],"picked":"The Bomb","floor":37},{"not_picked":["Rampage","Flex+1","Combust"],"picked":"SKIP","floor":38}],"player_experience":2999678,"relics_obtained":[{"floor":7.0,"key":"Happy Flower"},{"floor":9.0,"key":"Anchor"},{"floor":13.0,"key":"Odd Mushroom"},{"floor":14.0,"key":"PreservedInsect"},{"floor":23.0,"key":"Old Coin"},{"floor":23.0,"key":"Bird Faced Urn"},{"floor":25.0,"key":"Juzu Bracelet"},{"floor":25.0,"key":"Gremlin Horn"},{"floor":26.0,"key":"Paper Frog"},{"floor":27.0,"key":"Lantern"},{"floor":27.0,"key":"Letter Opener"}],"event_choices":[{"damage_healed":0.0,"max_hp_gain":0.0,"max_hp_loss":0.0,"gold_gain":75.0,"event_name":"World of Goop","player_choice":"Gather Gold","floor":4.0,"gold_loss":0.0,"damage_taken":11.0},{"damage_healed":0.0,"max_hp_gain":0.0,"max_hp_loss":0.0,"gold_gain":0.0,"event_name":"Mushrooms","player_choice":"Fought Mushrooms","floor":13.0,"gold_loss":0.0,"damage_taken":0.0},{"damage_healed":0.0,"max_hp_gain":0.0,"max_hp_loss":0.0,"gold_gain":0.0,"event_name":"Back to Basics","player_choice":"Simplicity","floor":20.0,"gold_loss":0.0,"damage_taken":0.0,"cards_upgraded":["Strike_R","Strike_R","Strike_R","Strike_R","Strike_R","Defend_R","Defend_R","Defend_R","Defend_R"]},{"damage_healed":0,"gold_gain":0,"player_choice":"Memory 1","damage_taken":0,"max_hp_gain":0,"max_hp_loss":0,"event_name":"SensoryStone","floor":37,"gold_loss":0}],"is_beta":false,"boss_relics":[{"not_picked":["Runic Cube","Runic Dome"],"picked":"Black Star"},{"not_picked":["White Beast Statue","Calling Bell"],"picked":"Philosopher\u0027s Stone"}],"items_purged_floors":[],"is_endless":false,"potions_floor_spawned":[3,5,10,11,14,16,18,29,31,38],"killed_by":"Reptomancer","ascension_level":4}