{"gold_per_floor":[112,112,112,126,137,137,170,170,170,199,199,211,240,240,240,338,338,352,371,371],"floor_reached":20,"playtime":4192,"items_purged":[],"score":269,"play_id":"102923d5-ea94-490f-bbad-c0edcabfea92","local_time":"20191015183205","is_ascension_mode":true,"campfire_choices":[{"data":"Madness","floor":6.0,"key":"SMITH"},{"data":"1","floor":8.0,"key":"LIFT"},{"floor":11,"key":"REST"},{"data":"2","floor":15,"key":"LIFT"}],"neow_cost":"NONE","seed_source_timestamp":568749532829034,"circlet_count":0,"master_deck":["Strike_R+1","Strike_R","Strike_R","Strike_R","Strike_R","Defend_R","Defend_R","Defend_R","Defend_R","Bash","Madness+1","Twin Strike+1","Pommel Strike","Metallicize","Barricade","Cleave","Seeing Red","Bludgeon","Pummel"],"special_seed":0,"relics":["Burning Blood","Girya","Gremlin Horn","Charon\u0027s Ashes","Sundial","Philosopher\u0027s Stone"],"potions_floor_usage":[10],"damage_taken":[{"damage":7.0,"enemies":"Small Slimes","floor":1.0,"turns":4.0},{"damage":1.0,"enemies":"Cultist","floor":4.0,"turns":3.0},{"damage":7.0,"enemies":"Jaw Worm","floor":5.0,"turns":3.0},{"damage":27.0,"enemies":"Gremlin Nob","floor":7.0,"turns":5.0},{"damage":29,"enemies":"Lagavulin","floor":10,"turns":5},{"damage":7,"enemies":"2 Fungi Beasts","floor":12,"turns":3},{"damage":14,"enemies":"Gremlin Nob","floor":13,"turns":4},{"damage":22,"enemies":"Hexaghost","floor":16,"turns":9},{"damage":26,"enemies":"2 Thieves","floor":18,"turns":3},{"damage":11,"enemies":"Chosen","floor":19,"turns":3},{"damage":57,"enemies":"Shelled Parasite and Fungi","floor":20,"turns":3}],"seed_played":"-1026720413686059005","potions_obtained":[{"floor":2.0,"key":"Ancient Potion"},{"floor":2.0,"key":"Fruit Juice"},{"floor":2.0,"key":"Strength Potion"},{"floor":4.0,"key":"Poison Potion"},{"floor":5.0,"key":"SpeedPotion"}],"is_trial":false,"path_per_floor":["M","?","$","M","M","R","E","R","T","E","R","M","E","?","R","B",null,"M","M","M"],"character_chosen":"IRONCLAD","items_purchased":[],"campfire_rested":1,"item_purchase_floors":[],"current_hp_per_floor":[71,76,76,81,80,80,59,59,59,36,61,60,52,35,35,19,69,49,44,0],"gold":371,"neow_bonus":"RANDOM_COLORLESS","is_prod":false,"is_daily":false,"chose_seed":false,"campfire_upgraded":1,"win_rate":0,"timestamp":1571189525,"path_taken":["M","?","$","M","M","R","E","R","T","E","R","?","E","?","R","BOSS","M","M","M"],"build_version":"2019-07-17","purchased_purges":0,"victory":false,"max_hp_per_floor":[80,85,85,85,85,85,85,85,85,85,85,85,85,85,85,85,85,85,85,85],"card_choices":[{"not_picked":["Armaments","Wild Strike"],"picked":"Twin Strike","floor":1.0},{"not_picked":["Perfected Strike","Havoc"],"picked":"Pommel Strike","floor":4.0},{"not_picked":["Feel No Pain","Perfected Strike"],"picked":"Metallicize","floor":5.0},{"not_picked":["Wild Strike","Body Slam"],"picked":"Barricade","floor":7.0},{"not_picked":["Armaments","Infernal Blade"],"picked":"Cleave","floor":10},{"not_picked":["Havoc","Twin Strike","Infernal Blade"],"picked":"SKIP","floor":12},{"not_picked":["Dropkick","Infernal Blade"],"picked":"Seeing Red","floor":13},{"not_picked":["Juggernaut","Brutality"],"picked":"Bludgeon","floor":16},{"not_picked":["Fire Breathing","Warcry+1","Wild Strike"],"picked":"SKIP","floor":18},{"not_picked":["Metallicize","Havoc"],"picked":"Pummel","floor":19}],"player_experience":3761290,"relics_obtained":[{"floor":7.0,"key":"Girya"},{"floor":9.0,"key":"Gremlin Horn"},{"floor":10,"key":"Charon\u0027s Ashes"},{"floor":13,"key":"Sundial"}],"event_choices":[{"damage_healed":0.0,"max_hp_gain":0.0,"max_hp_loss":0.0,"gold_gain":0.0,"event_name":"Lab","player_choice":"Got Potions","floor":2.0,"gold_loss":0.0,"damage_taken":0.0},{"damage_healed":0,"gold_gain":0,"player_choice":"Entered Light","damage_taken":17,"max_hp_gain":0,"max_hp_loss":0,"event_name":"Shining Light","floor":14,"gold_loss":0,"cards_upgraded":["Twin Strike","Strike_R"]}],"is_beta":false,"boss_relics":[{"not_picked":["Runic Pyramid","Empty Cage"],"picked":"Philosopher\u0027s Stone"}],"items_purged_floors":[],"is_endless":false,"potions_floor_spawned":[4,5],"killed_by":"Shelled Parasite and Fungi","ascension_level":8}