{"gold_per_floor":[362,374,374,387,25,25,54,54,103,115,145,157,188,54,54,156,156,176,29,29,29,41,68,98,115,115,148,162,162,185,14,14,115,115,135,135,147,160,160,160,177,191,216,175,220,220,240,0,0,0],"floor_reached":51,"playtime":4037,"items_purged":["Strike_P","Strike_P","Strike_P"],"score":1140,"play_id":"d16a08b4-97de-41ad-8afc-df618012a8ba","local_time":"20191009191124","is_ascension_mode":true,"campfire_choices":[{"floor":6,"key":"DIG"},{"floor":10,"key":"DIG"},{"floor":12,"key":"DIG"},{"floor":15,"key":"DIG"},{"floor":24,"key":"DIG"},{"floor":29,"key":"DIG"},{"data":"Ghostly","floor":32,"key":"SMITH"},{"floor":40,"key":"DIG"},{"floor":46,"key":"DIG"},{"floor":49,"key":"REST"}],"neow_cost":"TEN_PERCENT_HP_LOSS","seed_source_timestamp":205057915338800,"circlet_count":0,"master_deck":["AscendersBane","Strike_P","Defend_P","Defend_P","Defend_P","Defend_P+1","Eruption+1","Vigilance","BowlingBash","CutThroughFate","EmptyBody","EmptyFist","SignatureMove","Conclude","FearNoEvil","Judgement","TalkToTheHand","Ghostly+1","Ghostly","Ghostly","Ghostly+1","Ghostly","InnerPeace","ClearTheMind+1","Meditate+1","FlurryOfBlows+1","FlyingSleeves","EmptyMind","ConjureBlade","MentalFortress","Crescendo","Eruption","InnerPeace","Halt+1","ThirdEye","Wireheading","Prostrate+1","ReachHeaven","WheelKick"],"relics":["PureWater","Shovel","Pen Nib","Dodecahedron","MawBank","Matryoshka","Girya","Meat on the Bone","VioletLotus","PreservedInsect","GoldenEye","Tiny Chest","Bag of Marbles","Incense Burner","Question Card","CloakClasp","Omamori","Bronze Scales","Cursed Key","War Paint","Blood Vial","FossilizedHelix","Orichalcum"],"potions_floor_usage":[4,7,23,33,35,37,41,50,50,50],"damage_taken":[{"damage":2,"enemies":"Cultist","floor":1,"turns":3},{"damage":0,"enemies":"2 Louse","floor":2,"turns":1},{"damage":7,"enemies":"Jaw Worm","floor":4,"turns":2},{"damage":23,"enemies":"Lagavulin","floor":7,"turns":6},{"damage":4,"enemies":"Red Slaver","floor":11,"turns":3},{"damage":0,"enemies":"3 Louse","floor":13,"turns":2},{"damage":9,"enemies":"Slime Boss","floor":16,"turns":6},{"damage":2,"enemies":"Chosen","floor":18,"turns":4},{"damage":0,"enemies":"3 Byrds","floor":22,"turns":4},{"damage":0,"enemies":"Book of Stabbing","floor":23,"turns":5},{"damage":0,"enemies":"Sentry and Sphere","floor":25,"turns":4},{"damage":0,"enemies":"Gremlin Leader","floor":27,"turns":2},{"damage":0,"enemies":"Snake Plant","floor":28,"turns":2},{"damage":13,"enemies":"Champ","floor":33,"turns":10},{"damage":8,"enemies":"3 Shapes","floor":35,"turns":6},{"damage":6,"enemies":"3 Darklings","floor":37,"turns":6},{"damage":5,"enemies":"Sphere and 2 Shapes","floor":38,"turns":5},{"damage":0,"enemies":"Jaw Worm Horde","floor":41,"turns":3},{"damage":0,"enemies":"Transient","floor":42,"turns":5},{"damage":0,"enemies":"2 Orb Walkers","floor":45,"turns":5},{"damage":0,"enemies":"Sphere and 2 Shapes","floor":47,"turns":4},{"damage":31,"enemies":"Donu and Deca","floor":50,"turns":10}],"seed_played":"-5360875514923301489","potions_obtained":[{"floor":4,"key":"Fruit Juice"},{"floor":16,"key":"GamblersBrew"},{"floor":18,"key":"Strength Potion"},{"floor":28,"key":"Ancient Potion"},{"floor":33,"key":"Weak Potion"},{"floor":35,"key":"PowerPotion"},{"floor":38,"key":"Swift Potion"},{"floor":41,"key":"SkillPotion"},{"floor":47,"key":"SpeedPotion"}],"is_trial":false,"path_per_floor":["M","M","?","M","$","R","E","?","T","R","M","R","M","$","R","B",null,"M","$","?","?","M","E","R","M","T","E","M","R","T","$","R","B",null,"M","?","M","M","?","R","M","M","T","$","?","R","M","$","R","B",null],"character_chosen":"WATCHER","items_purchased":["Shovel","AttackPotion","FearNoEvil","PreservedInsect","EmptyMind","Wireheading","ReachHeaven","WheelKick"],"campfire_rested":1,"item_purchase_floors":[5,5,14,19,31,44,48,48],"current_hp_per_floor":[63,63,63,61,61,61,38,38,38,38,34,34,34,34,34,37,62,60,60,60,35,35,35,35,35,35,35,35,35,35,35,35,22,32,24,24,18,25,25,25,25,25,25,25,27,27,29,29,35,16],"gold":0,"neow_bonus":"TWO_FIFTY_GOLD","is_prod":false,"is_daily":false,"chose_seed":false,"campfire_upgraded":1,"win_rate":0,"timestamp":1570666284,"path_taken":["M","M","?","M","$","R","E","?","T","R","M","R","?","?","R","BOSS","M","$","?","?","M","E","R","M","T","E","M","R","?","$","R","BOSS","M","?","M","?","?","R","M","M","T","$","?","R","M","$","R","BOSS"],"build_version":"2019-10-09","purchased_purges":3,"victory":true,"max_hp_per_floor":[65,65,65,70,70,70,70,70,70,70,70,70,70,70,70,70,70,70,70,70,35,35,35,35,35,35,35,35,35,35,35,35,35,35,35,35,35,35,35,35,35,35,35,35,35,35,35,35,35,35],"card_choices":[{"not_picked":["ThirdEye","WreathOfFlame"],"picked":"BowlingBash","floor":1},{"not_picked":["EmptyBody","Protect"],"picked":"CutThroughFate","floor":2},{"not_picked":["CutThroughFate","Halt"],"picked":"EmptyBody","floor":4},{"not_picked":["MentalFortress","Scrawl"],"picked":"EmptyFist","floor":7},{"not_picked":["JustLucky","ThirdEye"],"picked":"SignatureMove","floor":11},{"not_picked":["WaveOfTheHand","ReachHeaven"],"picked":"Conclude","floor":13},{"not_picked":["Devotion","DeusExMachina"],"picked":"Judgement","floor":16},{"not_picked":["Flick","Swivel","Prostrate"],"picked":"SKIP","floor":18},{"not_picked":["WreathOfFlame+1","CrushJoints"],"picked":"InnerPeace","floor":22},{"not_picked":["Protect","JustLucky"],"picked":"ClearTheMind+1","floor":23},{"not_picked":["Halt","MentalFortress"],"picked":"Meditate+1","floor":25},{"not_picked":["Omniscience","EmptyBody"],"picked":"FlurryOfBlows+1","floor":27},{"not_picked":["FollowUp","Pray","PathToVictory"],"picked":"FlyingSleeves","floor":28},{"not_picked":["Brilliance","DevaForm","LessonLearned"],"picked":"ConjureBlade","floor":33},{"not_picked":["FlyingSleeves+1","DeceiveReality","SashWhip+1"],"picked":"MentalFortress","floor":35},{"not_picked":["EmptyFist+1","TalkToTheHand","CutThroughFate"],"picked":"InnerPeace","floor":37},{"not_picked":["Meditate+1","FlyingSleeves+1","WaveOfTheHand+1"],"picked":"Halt+1","floor":38},{"not_picked":["FlurryOfBlows+1","EmptyFist+1","FollowUp"],"picked":"ThirdEye","floor":41},{"not_picked":["CutThroughFate","FlyingSleeves","Alpha","Wallop+1"],"picked":"SKIP","floor":42},{"not_picked":["CutThroughFate","Worship","FollowUp"],"picked":"Prostrate+1","floor":47}],"player_experience":434256,"relics_obtained":[{"floor":6,"key":"Pen Nib"},{"floor":7,"key":"Dodecahedron"},{"floor":9,"key":"MawBank"},{"floor":10,"key":"Matryoshka"},{"floor":12,"key":"Girya"},{"floor":15,"key":"Meat on the Bone"},{"floor":23,"key":"GoldenEye"},{"floor":24,"key":"Tiny Chest"},{"floor":26,"key":"Bag of Marbles"},{"floor":26,"key":"Incense Burner"},{"floor":27,"key":"Question Card"},{"floor":29,"key":"CloakClasp"},{"floor":30,"key":"Omamori"},{"floor":30,"key":"Bronze Scales"},{"floor":40,"key":"War Paint"},{"floor":43,"key":"Blood Vial"},{"floor":45,"key":"FossilizedHelix"},{"floor":46,"key":"Orichalcum"}],"event_choices":[{"damage_healed":0,"gold_gain":0,"player_choice":"Grow","damage_taken":0,"max_hp_gain":0,"max_hp_loss":0,"event_name":"Living Wall","floor":3,"gold_loss":0,"cards_upgraded":["Eruption"]},{"damage_healed":0,"gold_gain":0,"player_choice":"Ignored","damage_taken":0,"max_hp_gain":0,"max_hp_loss":0,"event_name":"Liars Game","floor":8,"gold_loss":0},{"damage_healed":0,"gold_gain":0,"player_choice":"Read","damage_taken":0,"max_hp_gain":0,"max_hp_loss":0,"event_name":"The Library","floor":20,"gold_loss":0,"cards_obtained":["TalkToTheHand"]},{"damage_healed":0,"gold_gain":0,"player_choice":"Became a Ghost","damage_taken":0,"max_hp_gain":0,"max_hp_loss":35,"event_name":"Ghosts","floor":21,"gold_loss":0,"cards_obtained":["Ghostly","Ghostly","Ghostly","Ghostly","Ghostly"]},{"damage_healed":0,"gold_gain":0,"player_choice":"2 cards matched","damage_taken":0,"max_hp_gain":0,"max_hp_loss":0,"event_name":"Match and Keep!","floor":36,"gold_loss":0,"cards_obtained":["Crescendo","Eruption"]},{"damage_healed":0,"gold_gain":0,"player_choice":"Ignored","damage_taken":0,"max_hp_gain":0,"max_hp_loss":0,"event_name":"Tomb of Lord Red Mask","floor":39,"gold_loss":0},{"damage_healed":0,"gold_gain":0,"player_choice":"Fight","damage_taken":0,"max_hp_gain":0,"max_hp_loss":0,"event_name":"Mysterious Sphere","floor":45,"gold_loss":0}],"is_beta":true,"boss_relics":[{"not_picked":["Calling Bell","Busted Crown"],"picked":"VioletLotus"},{"not_picked":["SacredBark","Empty Cage"],"picked":"Cursed Key"}],"items_purged_floors":[14,31,48],"is_endless":false,"potions_floor_spawned":[4,16,18,28,33,35,38,41,47],"ascension_level":10}