{"gold_per_floor":[110,126,140,160,160,192,192,225,225,150,150,150,150,165,165,165],"floor_reached":16,"playtime":617,"items_purged":["Defend_R"],"score":138,"play_id":"8901bdf2-9e4a-4a9c-bd79-306a930a7e7d","local_time":"20190903221459","is_ascension_mode":true,"campfire_choices":[{"floor":7,"key":"REST"},{"floor":11,"key":"REST"},{"data":"Armaments","floor":13,"key":"SMITH"},{"data":"Bash","floor":15,"key":"SMITH"}],"neow_cost":"NONE","seed_source_timestamp":682359720195100,"circlet_count":0,"master_deck":["Strike_R","Strike_R","Strike_R","Strike_R","Strike_R","Defend_R","Defend_R","Bash+1","Perfected Strike","Armaments+1","Pommel Strike","Limit Break"],"relics":["Burning Blood","Gremlin Horn","Kunai","Paper Frog"],"potions_floor_usage":[6,16],"damage_taken":[{"damage":10,"enemies":"Small Slimes","floor":1,"turns":3},{"damage":6,"enemies":"Cultist","floor":2,"turns":3},{"damage":15,"enemies":"2 Louse","floor":3,"turns":2},{"damage":25,"enemies":"Exordium Thugs","floor":4,"turns":5},{"damage":49,"enemies":"Lagavulin","floor":6,"turns":7},{"damage":32,"enemies":"Gremlin Nob","floor":8,"turns":4},{"damage":6,"enemies":"Looter","floor":14,"turns":2},{"damage":44,"enemies":"The Guardian","floor":16,"turns":5}],"seed_played":"5258025518925845533","potions_obtained":[{"floor":3,"key":"Weak Potion"},{"floor":6,"key":"BloodPotion"},{"floor":14,"key":"Weak Potion"}],"is_trial":false,"path_per_floor":["M","M","M","M","?","E","R","E","T","$","R","?","R","M","R","B"],"character_chosen":"IRONCLAD","items_purchased":[],"campfire_rested":2,"item_purchase_floors":[],"current_hp_per_floor":[84,84,75,56,56,13,39,13,13,13,39,39,39,39,39,17],"gold":165,"neow_bonus":"TEN_PERCENT_HP_BONUS","is_prod":false,"is_daily":false,"chose_seed":false,"campfire_upgraded":2,"win_rate":0,"timestamp":1567563299,"path_taken":["M","M","M","M","?","E","R","E","T","$","R","?","R","M","R","BOSS"],"build_version":"2019-07-17","purchased_purges":1,"victory":false,"max_hp_per_floor":[88,88,88,88,88,88,88,88,88,88,88,88,88,88,88,88],"card_choices":[{"not_picked":["Headbutt","Shrug It Off"],"picked":"Perfected Strike","floor":1},{"not_picked":["Clash","Wild Strike","Rampage"],"picked":"SKIP","floor":2},{"not_picked":["Thunderclap","Anger"],"picked":"Armaments","floor":3},{"not_picked":["Iron Wave","Warcry","Clothesline"],"picked":"SKIP","floor":4},{"not_picked":["Clothesline","Brutality"],"picked":"Pommel Strike","floor":6},{"not_picked":["Sentinel","Warcry","Heavy Blade"],"picked":"SKIP","floor":8},{"not_picked":["Havoc","Clothesline"],"picked":"Limit Break","floor":14}],"player_experience":372818,"relics_obtained":[{"floor":6,"key":"Gremlin Horn"},{"floor":8,"key":"Kunai"},{"floor":9,"key":"Paper Frog"}],"event_choices":[{"cards_removed":["Defend_R"],"damage_healed":0,"gold_gain":0,"player_choice":"Forget","damage_taken":0,"max_hp_gain":0,"max_hp_loss":0,"event_name":"Living Wall","floor":5,"gold_loss":0},{"damage_healed":0,"gold_gain":0,"player_choice":"Bought 0 Potions","damage_taken":0,"max_hp_gain":0,"max_hp_loss":0,"event_name":"The Woman in Blue","floor":12,"gold_loss":0}],"is_beta":false,"boss_relics":[],"items_purged_floors":[10],"is_endless":false,"potions_floor_spawned":[3,6,14],"killed_by":"The Guardian","ascension_level":5}