{"gold_per_floor":[109,122,132,82,99,125,125,155,178,178],"floor_reached":10,"playtime":459,"items_purged":[],"score":86,"play_id":"48405294-14ef-40ca-a3f4-d7aa903f7ee9","local_time":"20190627171245","is_ascension_mode":true,"campfire_choices":[{"floor":7,"key":"REST"}],"neow_cost":"CURSE","seed_source_timestamp":1263178124445588,"circlet_count":0,"master_deck":["Strike_R","Strike_R","Strike_R","Strike_R","Strike_R","Defend_R","Defend_R","Defend_R","Bash","Injury","Offering","Seeing Red","Headbutt","Bloodletting","Flex","Shrug It Off"],"relics":["Burning Blood","Dream Catcher","PreservedInsect"],"potions_floor_usage":[8],"damage_taken":[{"damage":6,"enemies":"2 Louse","floor":1,"turns":2},{"damage":6,"enemies":"Cultist","floor":2,"turns":4},{"damage":6,"enemies":"Small Slimes","floor":3,"turns":3},{"damage":14,"enemies":"Blue Slaver","floor":5,"turns":2},{"damage":42,"enemies":"Lagavulin","floor":6,"turns":4},{"damage":36,"enemies":"3 Sentries","floor":8,"turns":7},{"damage":32,"enemies":"Large Slime","floor":10,"turns":3}],"seed_played":"-6989032526291225812","potions_obtained":[{"floor":1,"key":"Explosive Potion"},{"floor":2,"key":"FearPotion"},{"floor":6,"key":"GamblersBrew"},{"floor":8,"key":"Ancient Potion"}],"is_trial":false,"path_per_floor":["M","M","M","?","M","E","R","E","T","M"],"character_chosen":"IRONCLAD","items_purchased":[],"campfire_rested":1,"item_purchase_floors":[],"current_hp_per_floor":[80,80,80,80,72,36,60,30,30,0],"gold":178,"neow_bonus":"THREE_RARE_CARDS","is_prod":false,"is_daily":false,"chose_seed":false,"campfire_upgraded":0,"win_rate":0,"timestamp":1561669965,"path_taken":["M","M","M","?","M","E","R","E","T","M"],"build_version":"2019-01-23","purchased_purges":0,"victory":false,"max_hp_per_floor":[80,80,80,80,80,80,80,80,80,80],"card_choices":[{"not_picked":["Berserk","Brutality"],"picked":"Offering","floor":0},{"not_picked":["Pummel","Shrug It Off"],"picked":"Seeing Red","floor":1},{"not_picked":["Thunderclap","Anger","Armaments"],"picked":"SKIP","floor":2},{"not_picked":["Twin Strike","Rupture"],"picked":"Headbutt","floor":3},{"not_picked":["Sentinel","Clothesline","Iron Wave"],"picked":"SKIP","floor":5},{"not_picked":["Dual Wield","Perfected Strike"],"picked":"Bloodletting","floor":6},{"not_picked":["Fiend Fire","Clash"],"picked":"Flex","floor":7},{"not_picked":["Anger","Perfected Strike"],"picked":"Shrug It Off","floor":8}],"player_experience":244693,"relics_obtained":[{"floor":6,"key":"Dream Catcher"},{"floor":8,"key":"PreservedInsect"}],"event_choices":[{"cards_removed":["Defend_R"],"damage_healed":0,"gold_gain":0,"player_choice":"Card Removal","damage_taken":0,"max_hp_gain":0,"max_hp_loss":0,"event_name":"The Cleric","floor":4,"gold_loss":50}],"is_beta":false,"boss_relics":[],"items_purged_floors":[],"is_endless":false,"potions_floor_spawned":[1,2,6,8],"killed_by":"Large Slime","ascension_level":2}