{"gold_per_floor":[119,119,119,130,205,230,127,127,154,183,194,1,1,31,31,132,132,152,152,77,95,107,107,107],"floor_reached":24,"playtime":1815,"items_purged":["Strike_B","Strike_B"],"score":212,"play_id":"f18a94ac-806e-4610-839b-5f881e9941f3","local_time":"20190112062120","is_ascension_mode":false,"campfire_choices":[{"floor":13,"key":"REST"},{"floor":15,"key":"REST"},{"floor":23,"key":"REST"}],"neow_cost":"NONE","seed_source_timestamp":249150353368165,"circlet_count":0,"master_deck":["Zap+1","Dualcast","Chaos","Conserve Battery","Capacitor","Redo","Blizzard","Loop","Cold Snap","Reboot+1","Multi-Cast+1","Stack+1","White Noise"],"relics":["Cracked Core","The Courier","Art of War","Darkstone Periapt","Vajra","Astrolabe"],"potions_floor_usage":[10,22],"damage_taken":[{"damage":10,"enemies":"Small Slimes","floor":1,"turns":3},{"damage":7,"enemies":"2 Louse","floor":4,"turns":2},{"damage":11,"enemies":"Gremlin Nob","floor":6,"turns":4},{"damage":26,"enemies":"Lagavulin","floor":10,"turns":7},{"damage":0,"enemies":"Cultist","floor":11,"turns":3},{"damage":17,"enemies":"3 Sentries","floor":14,"turns":8},{"damage":28,"enemies":"Slime Boss","floor":16,"turns":8},{"damage":11,"enemies":"Shell Parasite","floor":18,"turns":5},{"damage":35,"enemies":"3 Byrds","floor":21,"turns":5},{"damage":21,"enemies":"Shelled Parasite and Fungi","floor":22,"turns":5},{"damage":40,"enemies":"Gremlin Leader","floor":24,"turns":4}],"seed_played":"8462142098011481287","potions_obtained":[{"floor":4,"key":"Strength Potion"},{"floor":6,"key":"Block Potion"},{"floor":11,"key":"SteroidPotion"},{"floor":16,"key":"Poison Potion"}],"is_trial":false,"path_per_floor":["M","?","?","M","?","E","$","?","T","E","M","$","R","E","R","B",null,"M","?","?","M","M","R","E"],"character_chosen":"DEFECT","items_purchased":["Redo","Rainbow","Loop"],"campfire_rested":3,"item_purchase_floors":[7,12,12],"current_hp_per_floor":[72,72,72,65,54,43,43,36,36,10,10,10,34,17,41,13,82,71,71,71,36,15,39,0],"gold":107,"neow_bonus":"TEN_PERCENT_HP_BONUS","is_prod":false,"is_daily":false,"chose_seed":false,"campfire_upgraded":0,"win_rate":0,"timestamp":1547292080,"path_taken":["M","?","?","?","?","E","$","?","T","E","M","$","R","E","R","BOSS","M","?","?","M","M","R","E"],"build_version":"2019-01-10","purchased_purges":2,"victory":false,"max_hp_per_floor":[82,82,82,82,82,82,82,82,82,82,82,82,82,82,82,82,82,82,82,82,82,82,82,82],"card_choices":[{"not_picked":["Turbo","Aggregate"],"picked":"Chaos","floor":1},{"not_picked":["Rebound","Double Energy","Sunder"],"picked":"SKIP","floor":4},{"not_picked":["Hyperbeam","Hologram"],"picked":"Capacitor","floor":6},{"not_picked":["Steam","Redo"],"picked":"Blizzard","floor":10},{"not_picked":["Rip and Tear","Stack","Ball Lightning"],"picked":"SKIP","floor":11},{"not_picked":["Go for the Eyes","Beam Cell"],"picked":"Cold Snap","floor":14},{"not_picked":["Go for the Eyes","Gash"],"picked":"White Noise","floor":18},{"not_picked":["Gash+1","Go for the Eyes+1","Turbo"],"picked":"SKIP","floor":21},{"not_picked":["Ball Lightning","Leap","Turbo"],"picked":"SKIP","floor":22}],"player_experience":151765,"relics_obtained":[{"floor":6,"key":"The Courier"},{"floor":9,"key":"Art of War"},{"floor":10,"key":"Darkstone Periapt"},{"floor":14,"key":"Vajra"}],"event_choices":[{"damage_healed":0,"gold_gain":0,"cards_transformed":["Strike_B"],"player_choice":"Change","damage_taken":0,"max_hp_gain":0,"max_hp_loss":0,"event_name":"Living Wall","floor":2,"gold_loss":0,"cards_obtained":["Conserve Battery"]},{"damage_healed":0,"gold_gain":0,"player_choice":"Forge","damage_taken":0,"max_hp_gain":0,"max_hp_loss":0,"event_name":"Accursed Blacksmith","floor":3,"gold_loss":0,"cards_upgraded":["Zap"]},{"damage_healed":0,"gold_gain":75,"player_choice":"Gather Gold","damage_taken":11,"max_hp_gain":0,"max_hp_loss":0,"event_name":"World of Goop","floor":5,"gold_loss":0},{"cards_removed":["Defend_B"],"damage_healed":0,"gold_gain":0,"player_choice":"Card Removal","damage_taken":7,"max_hp_gain":0,"max_hp_loss":0,"event_name":"Golden Wing","floor":8,"gold_loss":0},{"cards_removed":["Defend_B"],"damage_healed":0,"gold_gain":0,"player_choice":"Elegance","damage_taken":0,"max_hp_gain":0,"max_hp_loss":0,"event_name":"Back to Basics","floor":19,"gold_loss":0},{"cards_removed":["Rainbow"],"damage_healed":0,"gold_gain":0,"player_choice":"Gave Gold","damage_taken":0,"max_hp_gain":0,"max_hp_loss":0,"event_name":"Beggar","floor":20,"gold_loss":75}],"is_beta":false,"boss_relics":[{"not_picked":["Eternal Feather","Inserter"],"picked":"Astrolabe"}],"items_purged_floors":[7,12],"is_endless":false,"potions_floor_spawned":[4,6,11,16],"killed_by":"Gremlin Leader","ascension_level":0}