{"gold_per_floor":[360,378,378,16,32,32,60,60,60,74,74,100,100,160,160,258,308,324,148,166,186,186,218,1,1,1,21,48,48,73,73,73,170,170,184,184,199,159,174,200,200,260,284,108,148,173,237,76,76,76],"floor_reached":51,"playtime":3633,"items_purged":["Shame","Strike_G","Strike_G"],"score":1231,"play_id":"50fea534-dfce-4519-8b90-bc927c7fc69b","local_time":"20191015132309","is_ascension_mode":true,"campfire_choices":[{"data":"Catalyst","floor":6,"key":"SMITH"},{"data":"Crippling Poison","floor":8,"key":"SMITH"},{"data":"Footwork","floor":11,"key":"SMITH"},{"data":"Dagger Spray","floor":13,"key":"SMITH"},{"data":"Neutralize","floor":15,"key":"SMITH"},{"floor":25,"key":"REST"},{"data":"Poisoned Stab","floor":29,"key":"SMITH"},{"floor":32,"key":"REST"},{"data":"HandOfGreed","floor":41,"key":"SMITH"},{"floor":49,"key":"REST"}],"neow_cost":"CURSE","seed_source_timestamp":340449169025100,"circlet_count":0,"master_deck":["Strike_G","Strike_G","Strike_G","Defend_G","Defend_G","Defend_G","Defend_G","Defend_G","Survivor","Neutralize+1","Catalyst+1","Crippling Poison+1","Crippling Poison+1","Footwork+1","Cloak And Dagger+1","Sucker Punch+1","PiercingWail+1","Dagger Spray+1","PiercingWail+1","Burst+1","Catalyst+1","Crippling Poison+1","Secret Technique+1","Crippling Poison+1","Footwork+1","Blur+1","Dodge and Roll+1","Adrenaline+1","Backflip+1","Poisoned Stab+1","Bouncing Flask+1","Wraith Form v2+1","Deadly Poison+1","HandOfGreed+1","Bouncing Flask+1","Malaise+1","Acrobatics+1","Blur+1","Deadly Poison+1","Backflip+1","Dark Shackles+1","Deflect+1","Dodge and Roll+1"],"relics":["Ring of the Serpent","Membership Card","Toxic Egg 2","Meat on the Bone","Sundial","Centennial Puzzle","Tiny Chest","Tiny House","Ninja Scroll","Art of War","Ice Cream","InkBottle","Lizard Tail","Pantograph","Blood Vial","Akabeko","The Specimen","MawBank","Thread and Needle"],"potions_floor_usage":[2,10,16,18,27,28,28,37,39,42,42,50],"damage_taken":[{"damage":9,"enemies":"Cultist","floor":1,"turns":5},{"damage":8,"enemies":"Jaw Worm","floor":2,"turns":6},{"damage":0,"enemies":"2 Louse","floor":5,"turns":3},{"damage":17,"enemies":"Gremlin Nob","floor":7,"turns":4},{"damage":0,"enemies":"Gremlin Gang","floor":10,"turns":2},{"damage":0,"enemies":"Lagavulin","floor":12,"turns":7},{"damage":9,"enemies":"Gremlin Nob","floor":14,"turns":3},{"damage":14,"enemies":"Slime Boss","floor":16,"turns":10},{"damage":0,"enemies":"Spheric Guardian","floor":18,"turns":3},{"damage":8,"enemies":"3 Byrds","floor":20,"turns":4},{"damage":1,"enemies":"Centurion and Healer","floor":21,"turns":5},{"damage":15,"enemies":"Book of Stabbing","floor":23,"turns":3},{"damage":0,"enemies":"Snake Plant","floor":27,"turns":2},{"damage":8,"enemies":"Slavers","floor":28,"turns":5},{"damage":8,"enemies":"Book of Stabbing","floor":30,"turns":5},{"damage":40,"enemies":"Collector","floor":33,"turns":6},{"damage":0,"enemies":"3 Shapes","floor":35,"turns":3},{"damage":0,"enemies":"3 Darklings","floor":37,"turns":6},{"damage":7,"enemies":"Spire Growth","floor":39,"turns":3},{"damage":0,"enemies":"Nemesis","floor":40,"turns":5},{"damage":2,"enemies":"Jaw Worm Horde","floor":42,"turns":6},{"damage":2,"enemies":"4 Shapes","floor":45,"turns":7},{"damage":36,"enemies":"2 Orb Walkers","floor":47,"turns":5},{"damage":0,"enemies":"Time Eater","floor":50,"turns":9}],"seed_played":"-2832885748286752144","potions_obtained":[{"floor":1,"key":"EntropicBrew"},{"floor":14,"key":"Swift Potion"},{"floor":17,"key":"Poison Potion"},{"floor":23,"key":"Weak Potion"},{"floor":27,"key":"Poison Potion"},{"floor":33,"key":"Dexterity Potion"},{"floor":35,"key":"Swift Potion"},{"floor":37,"key":"GamblersBrew"},{"floor":40,"key":"Block Potion"}],"is_trial":false,"path_per_floor":["M","M","?","$","M","R","E","R","T","M","R","E","R","E","R","B",null,"M","$","M","M","T","E","$","R","T","M","E","R","E","?","R","B",null,"M","?","M","?","M","E","R","M","T","$","M","T","?","$","R","B",null],"character_chosen":"THE_SILENT","items_purchased":["Membership Card","Toxic Egg 2","Crippling Poison+1","Footwork","Secret Technique+1","Crippling Poison+1","Adrenaline+1","Ice Cream","The Specimen","Blur+1","Dark Shackles+1","Deflect+1","Dexterity Potion","Dodge and Roll+1"],"campfire_rested":3,"item_purchase_floors":[4,4,4,4,19,19,24,24,44,44,48,48,48,48],"current_hp_per_floor":[54,46,46,46,46,46,29,29,29,41,41,41,41,44,44,42,68,68,68,60,59,59,44,44,66,66,66,58,58,50,36,60,52,73,73,73,73,73,66,66,66,66,66,66,66,66,44,44,68,80],"gold":76,"neow_bonus":"TWO_FIFTY_GOLD","is_prod":false,"is_daily":false,"chose_seed":false,"campfire_upgraded":7,"win_rate":0,"timestamp":1571163789,"path_taken":["M","M","?","$","?","R","E","R","T","M","R","E","R","E","R","BOSS","M","$","M","M","?","E","$","R","T","M","E","R","E","?","R","BOSS","M","?","M","?","M","E","R","M","T","$","?","?","?","$","R","BOSS"],"build_version":"2019-10-14","purchased_purges":3,"victory":true,"max_hp_per_floor":[70,70,70,70,70,70,70,70,70,70,70,70,70,70,70,70,75,75,75,75,75,75,75,75,75,75,75,75,75,75,80,80,80,80,80,80,80,80,80,80,80,80,80,80,80,80,80,80,80,80],"card_choices":[{"not_picked":["Blade Dance","Dagger Throw"],"picked":"Catalyst","floor":1},{"not_picked":["PiercingWail","Sucker Punch"],"picked":"Crippling Poison","floor":2},{"not_picked":["Envenom","Slice"],"picked":"Cloak And Dagger+1","floor":5},{"not_picked":["Footwork","Distraction+1"],"picked":"Sucker Punch","floor":7},{"not_picked":["Concentrate+1","Riddle With Holes"],"picked":"PiercingWail+1","floor":10},{"not_picked":["Blade Dance+1","Flying Knee"],"picked":"Dagger Spray","floor":12},{"not_picked":["Distraction+1","Prepared+1"],"picked":"PiercingWail+1","floor":14},{"not_picked":["Tools of the Trade","Grand Finale"],"picked":"Burst+1","floor":16},{"not_picked":["Acrobatics+1","Setup+1"],"picked":"Catalyst+1","floor":17},{"not_picked":["Deflect+1","Masterful Stab"],"picked":"Crippling Poison+1","floor":18},{"not_picked":["Quick Slash","Flying Knee"],"picked":"Footwork+1","floor":20},{"not_picked":["PiercingWail+1","Terror+1"],"picked":"Blur+1","floor":21},{"not_picked":["Leg Sweep+1","Expertise+1"],"picked":"Dodge and Roll+1","floor":23},{"not_picked":["Flying Knee","Dodge and Roll+1"],"picked":"Backflip+1","floor":27},{"not_picked":["Blade Dance+1","Sucker Punch"],"picked":"Poisoned Stab","floor":28},{"not_picked":["Flechettes","Flying Knee+1"],"picked":"Bouncing Flask+1","floor":30},{"not_picked":["Grand Finale","A Thousand Cuts"],"picked":"Wraith Form v2","floor":33},{"not_picked":["Escape Plan+1","Masterful Stab+1"],"picked":"Deadly Poison+1","floor":35},{"not_picked":["Impatience+1","Swift Strike"],"picked":"HandOfGreed","floor":36},{"not_picked":["Underhanded Strike+1","Sucker Punch"],"picked":"Bouncing Flask+1","floor":37},{"not_picked":["Poisoned Stab","Flying Knee","Slice+1"],"picked":"SKIP","floor":39},{"not_picked":["PiercingWail+1","Tactician+1"],"picked":"Malaise+1","floor":40},{"not_picked":["Masterful Stab+1","Dagger Spray+1"],"picked":"Acrobatics+1","floor":42},{"not_picked":["Dagger Throw","Underhanded Strike+1"],"picked":"Deadly Poison+1","floor":45},{"not_picked":["Slice+1","Eviscerate+1"],"picked":"Backflip+1","floor":47}],"player_experience":505493,"relics_obtained":[{"floor":7,"key":"Meat on the Bone"},{"floor":9,"key":"Sundial"},{"floor":12,"key":"Centennial Puzzle"},{"floor":14,"key":"Tiny Chest"},{"floor":22,"key":"Ninja Scroll"},{"floor":23,"key":"Art of War"},{"floor":26,"key":"InkBottle"},{"floor":28,"key":"Lizard Tail"},{"floor":30,"key":"Pantograph"},{"floor":40,"key":"Blood Vial"},{"floor":43,"key":"Akabeko"},{"floor":46,"key":"MawBank"},{"floor":47,"key":"Thread and Needle"}],"event_choices":[{"damage_healed":0,"gold_gain":0,"player_choice":"Bought 0 Potions","damage_taken":0,"max_hp_gain":0,"max_hp_loss":0,"event_name":"The Woman in Blue","floor":3,"gold_loss":0},{"damage_healed":0,"gold_gain":0,"player_choice":"Shed Blood","damage_taken":19,"max_hp_gain":5,"max_hp_loss":0,"event_name":"Forgotten Altar","floor":31,"gold_loss":0},{"damage_healed":0,"gold_gain":0,"player_choice":"Memory 1","damage_taken":0,"max_hp_gain":0,"max_hp_loss":0,"event_name":"SensoryStone","floor":36,"gold_loss":0},{"damage_healed":0,"gold_gain":0,"player_choice":"Upgrade","damage_taken":0,"max_hp_gain":0,"max_hp_loss":0,"event_name":"Designer","floor":38,"gold_loss":40,"cards_upgraded":["Wraith Form v2"]},{"damage_healed":0,"gold_gain":0,"player_choice":"Fight","damage_taken":0,"max_hp_gain":0,"max_hp_loss":0,"event_name":"Mysterious Sphere","floor":47,"gold_loss":0}],"is_beta":true,"boss_relics":[{"not_picked":["HoveringKite","Sozu"],"picked":"Tiny House"},{"not_picked":["WristBlade","Black Star"],"picked":"Ring of the Serpent"}],"items_purged_floors":[4,19,48],"is_endless":false,"potions_floor_spawned":[1,7,14,23,27,33,35,37,40],"ascension_level":8}