{"gold_per_floor":[114,129,144,144,19,49,49,79,154,184,184,199,229,244,244,344,344,359,374,299,49,49,99,99,129,129,129,159,174,174,204,204,304,304,319,334,334,84,84,114,114,144,194,224,224,239,269,284,284,284],"floor_reached":51,"playtime":2561,"items_purged":["Pain"],"score":1169,"play_id":"975c8cbd-c05f-462e-8f82-9d6ae8e0f9e9","local_time":"20190929214500","daily_mods":["Insanity","Colorless Cards","Elite Swarm"],"is_ascension_mode":false,"campfire_choices":[{"data":"Prepared","floor":7,"key":"SMITH"},{"data":"Apotheosis","floor":11,"key":"SMITH"},{"data":"Mind Blast","floor":15,"key":"SMITH"},{"data":"Burst","floor":24,"key":"SMITH"},{"data":"Storm of Steel","floor":27,"key":"SMITH"},{"data":"Panache","floor":32,"key":"SMITH"},{"data":"Adrenaline","floor":45,"key":"SMITH"},{"data":"Bullet Time","floor":49,"key":"SMITH"}],"neow_cost":"","seed_source_timestamp":0,"circlet_count":0,"master_deck":["Underhanded Strike","All Out Attack","Dagger Throw","PiercingWail","Blade Dance","Infinite Blades","Bane","Outmaneuver","Poisoned Stab","Backflip","Slice","Caltrops","Prepared+1","Slice","Endless Agony","Dagger Spray","Blade Dance","Deadly Poison","Blade Dance","Dodge and Roll","Blade Dance","Dagger Spray","Acrobatics","Slice","Caltrops","Dagger Spray","Noxious Fumes","Skewer","Outmaneuver","Cloak And Dagger","Deflect","Sucker Punch","Flying Knee","Dramatic Entrance","Blade Dance","Slice","Cloak And Dagger","Bandage Up","Dramatic Entrance","Jack Of All Trades","Predator","Skewer","Underhanded Strike","Dagger Spray","Deflect","Dagger Spray","Flying Knee","Prepared","Sucker Punch","Quick Slash","Storm of Steel+1","Apotheosis+1","Bullet Time+1","Mind Blast+1","HandOfGreed","Leg Sweep","Master of Strategy","Blade Dance+1","Shame","Burst+1","Venomology","Footwork","Panache+1","Escape Plan+1","Adrenaline+1","Accuracy+1","Master of Strategy"],"special_seed":18169,"relics":["Ring of the Snake","WarpedTongs","Bronze Scales","Pantograph","White Beast Statue","Bottled Tornado","Torii","WristBlade","Eternal Feather","Toy Ornithopter","Shuriken","PreservedInsect","Mummified Hand","Bird Faced Urn","Singing Bowl","HoveringKite","Dodecahedron","Happy Flower","Thread and Needle","Potion Belt","Ninja Scroll","Lizard Tail"],"potions_floor_usage":[8,13,28,29,33,40,47,48,50,50,50,50,50,50],"damage_taken":[{"damage":0,"enemies":"Cultist","floor":1,"turns":2},{"damage":0,"enemies":"2 Louse","floor":2,"turns":1},{"damage":0,"enemies":"Small Slimes","floor":3,"turns":1},{"damage":14,"enemies":"Gremlin Nob","floor":6,"turns":3},{"damage":9,"enemies":"3 Sentries","floor":8,"turns":3},{"damage":1,"enemies":"Gremlin Nob","floor":10,"turns":3},{"damage":0,"enemies":"2 Fungi Beasts","floor":12,"turns":1},{"damage":9,"enemies":"Lagavulin","floor":13,"turns":3},{"damage":0,"enemies":"Blue Slaver","floor":14,"turns":1},{"damage":28,"enemies":"Hexaghost","floor":16,"turns":7},{"damage":0,"enemies":"Spheric Guardian","floor":18,"turns":1},{"damage":0,"enemies":"3 Byrds","floor":19,"turns":2},{"damage":19,"enemies":"Book of Stabbing","floor":23,"turns":3},{"damage":0,"enemies":"Gremlin Leader","floor":25,"turns":3},{"damage":0,"enemies":"Book of Stabbing","floor":28,"turns":1},{"damage":1,"enemies":"Centurion and Healer","floor":29,"turns":2},{"damage":14,"enemies":"Slavers","floor":31,"turns":2},{"damage":28,"enemies":"Collector","floor":33,"turns":5},{"damage":0,"enemies":"Orb Walker","floor":35,"turns":1},{"damage":1,"enemies":"3 Darklings","floor":36,"turns":2},{"damage":0,"enemies":"Reptomancer","floor":40,"turns":3},{"damage":0,"enemies":"Giant Head","floor":42,"turns":4},{"damage":1,"enemies":"Reptomancer","floor":44,"turns":2},{"damage":0,"enemies":"Jaw Worm Horde","floor":46,"turns":1},{"damage":0,"enemies":"Giant Head","floor":47,"turns":2},{"damage":15,"enemies":"Writhing Mass","floor":48,"turns":2},{"damage":25,"enemies":"Donu and Deca","floor":50,"turns":4}],"seed_played":"56981733373106390","potions_obtained":[{"floor":2,"key":"Weak Potion"},{"floor":6,"key":"Ancient Potion"},{"floor":10,"key":"AttackPotion"},{"floor":13,"key":"SpeedPotion"},{"floor":16,"key":"Dexterity Potion"},{"floor":19,"key":"Strength Potion"},{"floor":28,"key":"Strength Potion"},{"floor":29,"key":"DuplicationPotion"},{"floor":33,"key":"Strength Potion"},{"floor":41,"key":"DuplicationPotion"},{"floor":41,"key":"SneckoOil"},{"floor":44,"key":"FearPotion"},{"floor":46,"key":"Block Potion"},{"floor":48,"key":"SkillPotion"}],"is_trial":false,"path_per_floor":["M","M","M","?","$","E","R","E","T","E","R","M","E","M","R","B",null,"M","M","?","$","?","E","R","E","T","R","E","M","?","E","R","B",null,"M","M","?","$","$","E","?","E","T","E","R","M","E","M","R","B",null],"character_chosen":"THE_SILENT","items_purchased":["Explosive Potion","Eternal Feather","Dodecahedron"],"campfire_rested":0,"item_purchase_floors":[5,21,38],"current_hp_per_floor":[70,70,70,70,70,56,56,47,47,46,46,46,37,37,37,38,70,70,70,70,70,70,51,70,70,70,70,70,70,57,43,75,51,77,79,79,76,76,76,81,81,83,83,82,83,83,83,77,85,80],"gold":284,"neow_bonus":"","is_prod":false,"is_daily":true,"chose_seed":false,"campfire_upgraded":8,"win_rate":0,"timestamp":1569811500,"path_taken":["M","M","?","?","$","E","R","E","T","E","R","M","E","M","R","BOSS","M","M","?","$","?","E","R","E","T","R","E","M","?","E","R","BOSS","M","M","?","?","$","E","?","E","T","E","R","?","E","M","R","BOSS"],"build_version":"2019-09-27","purchased_purges":1,"victory":true,"max_hp_per_floor":[70,70,70,70,70,70,70,70,70,70,70,70,70,70,70,70,70,70,70,70,70,70,70,70,70,70,70,70,70,75,75,75,77,77,79,79,79,79,79,81,81,83,83,83,83,83,83,85,85,85],"card_choices":[{"not_picked":["Blade Dance","Deflect","Dagger Throw"],"picked":"SKIP","floor":1},{"not_picked":["Bane","Deflect","Eviscerate"],"picked":"SKIP","floor":2},{"not_picked":["Dagger Spray","Bane"],"picked":"Quick Slash","floor":3},{"not_picked":["The Bomb","Grand Finale"],"picked":"Storm of Steel","floor":6},{"not_picked":["Transmutation","Chrysalis"],"picked":"Apotheosis","floor":8},{"not_picked":["Apotheosis","Mayhem"],"picked":"Bullet Time","floor":10},{"not_picked":["Acrobatics","Deep Breath"],"picked":"Mind Blast","floor":12},{"not_picked":["Grand Finale","The Bomb"],"picked":"HandOfGreed","floor":13},{"not_picked":["Backflip","Flying Knee"],"picked":"Leg Sweep","floor":14},{"not_picked":["Sadistic Nature","Violence"],"picked":"Master of Strategy","floor":16},{"not_picked":["Flying Knee","Outmaneuver"],"picked":"Blade Dance+1","floor":18},{"not_picked":["Slice+1","Dagger Spray+1","Underhanded Strike"],"picked":"SKIP","floor":19},{"not_picked":["Secret Weapon","Venomology"],"picked":"Burst","floor":23},{"not_picked":["Metamorphosis","Unload"],"picked":"Venomology","floor":25},{"not_picked":["Venomology","Apotheosis","Doppelganger"],"picked":"SKIP","floor":28},{"not_picked":["Well Laid Plans","Blade Dance"],"picked":"Footwork","floor":29},{"not_picked":["Grand Finale","Secret Weapon"],"picked":"Panache","floor":31},{"not_picked":["Panache","Sadistic Nature","HandOfGreed"],"picked":"Singing Bowl","floor":33},{"not_picked":["Poisoned Stab","Slice","Deadly Poison"],"picked":"Singing Bowl","floor":35},{"not_picked":["Quick Slash+1","Underhanded Strike+1"],"picked":"Escape Plan+1","floor":36},{"not_picked":["Secret Weapon","Burst","Magnetism"],"picked":"Singing Bowl","floor":40},{"not_picked":["Transmutation","Chrysalis","Sadistic Nature"],"picked":"Singing Bowl","floor":42},{"not_picked":["Doppelganger","Tools of the Trade"],"picked":"Adrenaline","floor":44},{"not_picked":["Eviscerate+1","Infinite Blades+1"],"picked":"Accuracy+1","floor":46},{"not_picked":["The Bomb","A Thousand Cuts"],"picked":"Master of Strategy","floor":47},{"not_picked":["Bane+1","Dramatic Entrance","Outmaneuver"],"picked":"Singing Bowl","floor":48}],"player_experience":340041,"relics_obtained":[{"floor":6,"key":"Bronze Scales"},{"floor":8,"key":"Pantograph"},{"floor":9,"key":"White Beast Statue"},{"floor":10,"key":"Bottled Tornado"},{"floor":13,"key":"Torii"},{"floor":23,"key":"Shuriken"},{"floor":25,"key":"PreservedInsect"},{"floor":26,"key":"Mummified Hand"},{"floor":28,"key":"Bird Faced Urn"},{"floor":31,"key":"Singing Bowl"},{"floor":40,"key":"Happy Flower"},{"floor":42,"key":"Thread and Needle"},{"floor":43,"key":"Potion Belt"},{"floor":44,"key":"Ninja Scroll"},{"floor":47,"key":"Lizard Tail"}],"event_choices":[{"damage_healed":0,"gold_gain":0,"player_choice":"Rummage","damage_taken":0,"relics_obtained":["WarpedTongs"],"max_hp_gain":0,"max_hp_loss":0,"event_name":"Accursed Blacksmith","floor":4,"gold_loss":0,"cards_obtained":["Pain"]},{"cards_removed":["Underhanded Strike"],"damage_healed":0,"gold_gain":0,"player_choice":"Gave Gold","damage_taken":0,"max_hp_gain":0,"max_hp_loss":0,"event_name":"Beggar","floor":20,"gold_loss":75},{"damage_healed":0,"gold_gain":0,"player_choice":"Stole Relic","damage_taken":0,"relics_obtained":["Toy Ornithopter"],"max_hp_gain":0,"max_hp_loss":0,"event_name":"Addict","floor":22,"gold_loss":0,"cards_obtained":["Shame"]},{"damage_healed":0,"gold_gain":0,"player_choice":"Shed Blood","damage_taken":18,"max_hp_gain":5,"max_hp_loss":0,"event_name":"Forgotten Altar","floor":30,"gold_loss":0},{"damage_healed":0,"gold_gain":0,"player_choice":"Punched","damage_taken":3,"max_hp_gain":0,"max_hp_loss":0,"event_name":"Designer","floor":37,"gold_loss":0},{"damage_healed":0,"gold_gain":0,"player_choice":"Got Potions","damage_taken":0,"max_hp_gain":0,"max_hp_loss":0,"event_name":"Lab","floor":41,"gold_loss":0}],"is_beta":true,"boss_relics":[{"not_picked":["Philosopher\u0027s Stone","Ring of the Serpent"],"picked":"WristBlade"},{"not_picked":["Fusion Hammer","Astrolabe"],"picked":"HoveringKite"}],"items_purged_floors":[5],"is_endless":false,"potions_floor_spawned":[2,6,10,12,13,14,16,18,19,23,25,28,29,31,33,35,36,40,42,44,46,47,48],"ascension_level":0}