{"gold_per_floor":[114,114,114,129,144,144,174,174,174,204,219,7,7,7,7,107,107,122,137,137,137,137,167,182,182,207,57,72,172,172,187,187,287,287,302,302,335,350,365,395,410,10,10,25,40,40,40,55,55,55],"floor_reached":51,"playtime":3031,"items_purged":["Strike_B","Defend_G"],"score":707,"play_id":"88eb535e-2ddf-4242-9a08-038093b0eea9","local_time":"20191006112236","daily_mods":["Chimera","Red Cards","Terminal"],"is_ascension_mode":false,"campfire_choices":[{"data":"Rampage","floor":6,"key":"SMITH"},{"data":"Seeing Red","floor":8,"key":"SMITH"},{"floor":13,"key":"REST"},{"data":"Caltrops","floor":15,"key":"SMITH"},{"data":"Venomology","floor":25,"key":"SMITH"},{"data":"Pommel Strike","floor":32,"key":"SMITH"},{"data":"Wraith Form v2","floor":46,"key":"SMITH"},{"data":"Impervious","floor":49,"key":"SMITH"}],"neow_cost":"","seed_source_timestamp":0,"circlet_count":0,"master_deck":["Bash","Survivor+1","Strike_G+1","Rampage+1","Seeing Red+1","PiercingWail","Shrug It Off","Caltrops+1","Backflip","Bandage Up","Venomology+1","Seeing Red+1","Cleave+1","Whirlwind+1","Whirlwind+1","Flex","Impervious+1","Pommel Strike+1","Well Laid Plans+1","Wraith Form v2+1","Spot Weakness+1","Flame Barrier+1"],"special_seed":18175,"relics":["Ring of the Snake","Sundial","Question Card","Juzu Bracelet","Astrolabe","Centennial Puzzle","Regal Pillow","Akabeko","Ginger","Kunai","Runic Dome","CloakClasp","MealTicket","Chemical X","Anchor","HornCleat"],"potions_floor_usage":[7,16,19,23,24,28,28,33,33,33,33,39,40,40,44,44,50,50,50,50],"damage_taken":[{"damage":0,"enemies":"Small Slimes","floor":1,"turns":6},{"damage":2,"enemies":"Jaw Worm","floor":4,"turns":3},{"damage":0,"enemies":"2 Louse","floor":5,"turns":2},{"damage":12,"enemies":"Lagavulin","floor":7,"turns":5},{"damage":11,"enemies":"3 Sentries","floor":10,"turns":8},{"damage":0,"enemies":"Looter","floor":11,"turns":3},{"damage":18,"enemies":"The Guardian","floor":16,"turns":10},{"damage":0,"enemies":"3 Byrds","floor":18,"turns":4},{"damage":0,"enemies":"Chosen","floor":19,"turns":4},{"damage":3,"enemies":"Book of Stabbing","floor":23,"turns":6},{"damage":0,"enemies":"Snake Plant","floor":24,"turns":2},{"damage":10,"enemies":"Snecko","floor":28,"turns":3},{"damage":0,"enemies":"Colosseum Slavers","floor":29,"turns":1},{"damage":0,"enemies":"Colosseum Nobs","floor":29,"turns":2},{"damage":0,"enemies":"Cultist and Chosen","floor":31,"turns":5},{"damage":30,"enemies":"Collector","floor":33,"turns":7},{"damage":0,"enemies":"3 Darklings","floor":35,"turns":2},{"damage":0,"enemies":"2 Orb Walkers","floor":37,"turns":1},{"damage":0,"enemies":"3 Shapes","floor":38,"turns":1},{"damage":0,"enemies":"3 Darklings","floor":39,"turns":2},{"damage":0,"enemies":"Nemesis","floor":40,"turns":5},{"damage":0,"enemies":"Jaw Worm Horde","floor":41,"turns":2},{"damage":0,"enemies":"Maw","floor":44,"turns":6},{"damage":0,"enemies":"4 Shapes","floor":45,"turns":1},{"damage":0,"enemies":"3 Darklings","floor":48,"turns":2},{"damage":9,"enemies":"Time Eater","floor":50,"turns":7}],"seed_played":"-2490999487082641402","potions_obtained":[{"floor":4,"key":"FearPotion"},{"floor":10,"key":"FearPotion"},{"floor":18,"key":"Strength Potion"},{"floor":31,"key":"GamblersBrew"},{"floor":33,"key":"Weak Potion"},{"floor":37,"key":"CunningPotion"},{"floor":40,"key":"Regen Potion"},{"floor":44,"key":"PowerPotion"},{"floor":48,"key":"CunningPotion"}],"is_trial":false,"path_per_floor":["M","?","?","M","M","R","E","R","T","E","M","$","R","?","R","B",null,"M","M","?","?","?","E","M","R","T","$","M","?","?","M","R","B",null,"M","?","?","M","M","E","M","$","T","M","M","R","?","M","R","B",null],"character_chosen":"THE_SILENT","items_purchased":["Backflip","Bandage Up","Akabeko","Chemical X","Anchor"],"campfire_rested":1,"item_purchase_floors":[12,12,27,42,42],"current_hp_per_floor":[68,67,54,52,52,52,40,40,40,29,29,29,46,46,46,32,52,51,50,42,42,42,43,47,47,47,47,37,41,41,43,42,12,40,39,38,37,36,35,34,33,32,31,30,29,28,27,26,25,20],"gold":55,"neow_bonus":"","is_prod":false,"is_daily":true,"chose_seed":false,"campfire_upgraded":7,"win_rate":0,"timestamp":1570378956,"path_taken":["M","?","?","M","M","R","E","R","T","E","M","$","R","?","R","BOSS","M","M","?","?","?","E","M","R","T","$","M","?","?","M","R","BOSS","M","?","?","M","M","E","M","$","T","M","M","R","?","M","R","BOSS"],"build_version":"2019-10-04","purchased_purges":2,"victory":true,"max_hp_per_floor":[68,67,66,65,64,63,62,61,60,59,58,57,56,55,54,53,52,51,50,54,53,52,51,50,49,48,47,46,45,44,43,42,41,40,39,38,37,36,35,34,33,32,31,30,29,28,27,26,25,24],"card_choices":[{"not_picked":["Second Wind","Slice"],"picked":"Iron Wave","floor":1},{"not_picked":["PiercingWail","Dash"],"picked":"Rampage","floor":4},{"not_picked":["Cleave","Clash"],"picked":"Seeing Red","floor":5},{"not_picked":["Rage","Prepared"],"picked":"PiercingWail","floor":7},{"not_picked":["Warcry","Sentinel","Dagger Spray"],"picked":"Shrug It Off","floor":10},{"not_picked":["Anger","Bloodletting","Dodge and Roll"],"picked":"Caltrops","floor":11},{"not_picked":["Corpse Explosion","Die Die Die","Limit Break"],"picked":"Venomology","floor":16},{"not_picked":["Perfected Strike+1","Metallicize","Anger"],"picked":"Whirlwind+1","floor":18},{"not_picked":["Body Slam","Deadly Poison","Searing Blow"],"picked":"Flex","floor":19},{"not_picked":["Clothesline","Whirlwind","Caltrops+1"],"picked":"Impervious","floor":23},{"not_picked":["Heavy Blade","Blade Dance+1","Searing Blow","Inflame"],"picked":"SKIP","floor":24},{"not_picked":["Sucker Punch","Eviscerate+1","Heavy Blade"],"picked":"Pommel Strike","floor":28},{"not_picked":["Sever Soul+1","Outmaneuver","Feel No Pain","Body Slam"],"picked":"SKIP","floor":31},{"not_picked":["Searing Blow","Havoc","Cloak And Dagger","Headbutt+1"],"picked":"SKIP","floor":35},{"not_picked":["Infernal Blade","Shrug It Off+1","Noxious Fumes"],"picked":"Well Laid Plans+1","floor":37},{"not_picked":["Searing Blow+1","Sword Boomerang","Endless Agony","Prepared"],"picked":"SKIP","floor":38},{"not_picked":["Backstab","Choke","Backflip+1"],"picked":"Wraith Form v2","floor":39},{"not_picked":["Rage+1","Crippling Poison","Combust+1","Havoc"],"picked":"SKIP","floor":40},{"not_picked":["Bloodletting","Backflip+1","Intimidate+1"],"picked":"Spot Weakness+1","floor":41},{"not_picked":["Feel No Pain+1","Finisher","Armaments"],"picked":"Flame Barrier+1","floor":44},{"not_picked":["Heavy Blade+1","Poisoned Stab","Dagger Spray","Cleave"],"picked":"SKIP","floor":45},{"not_picked":["Thunderclap","Flechettes+1","Noxious Fumes+1","Dagger Throw+1"],"picked":"SKIP","floor":48}],"player_experience":396946,"relics_obtained":[{"floor":7,"key":"Sundial"},{"floor":9,"key":"Question Card"},{"floor":10,"key":"Juzu Bracelet"},{"floor":23,"key":"Centennial Puzzle"},{"floor":26,"key":"Regal Pillow"},{"floor":29,"key":"Ginger"},{"floor":29,"key":"Kunai"},{"floor":37,"key":"CloakClasp"},{"floor":40,"key":"MealTicket"},{"floor":43,"key":"HornCleat"}],"event_choices":[{"damage_healed":0,"gold_gain":0,"player_choice":"Ignored","damage_taken":0,"max_hp_gain":0,"max_hp_loss":0,"event_name":"Golden Wing","floor":2,"gold_loss":0},{"damage_healed":0,"gold_gain":0,"player_choice":"Entered Light","damage_taken":13,"max_hp_gain":0,"max_hp_loss":0,"event_name":"Shining Light","floor":3,"gold_loss":0,"cards_upgraded":["Strike_G","Survivor"]},{"damage_healed":0,"gold_gain":0,"player_choice":"Ignored","damage_taken":0,"max_hp_gain":0,"max_hp_loss":0,"event_name":"Liars Game","floor":14,"gold_loss":0},{"damage_healed":0,"gold_gain":0,"player_choice":"Shed Blood","damage_taken":13,"max_hp_gain":5,"max_hp_loss":0,"event_name":"Forgotten Altar","floor":20,"gold_loss":0},{"damage_healed":0,"gold_gain":0,"player_choice":"Bought 0 Potions","damage_taken":0,"max_hp_gain":0,"max_hp_loss":0,"event_name":"The Woman in Blue","floor":21,"gold_loss":0},{"cards_removed":["Defend_R"],"damage_healed":0,"gold_gain":0,"player_choice":"Elegance","damage_taken":0,"max_hp_gain":0,"max_hp_loss":0,"event_name":"Back to Basics","floor":22,"gold_loss":0},{"damage_healed":0,"gold_gain":0,"player_choice":"Fight","damage_taken":0,"max_hp_gain":0,"max_hp_loss":0,"event_name":"Colosseum","floor":29,"gold_loss":0},{"damage_healed":0,"gold_gain":0,"player_choice":"Fought Nobs","damage_taken":0,"max_hp_gain":0,"max_hp_loss":0,"event_name":"Colosseum","floor":29,"gold_loss":0},{"damage_healed":0,"gold_gain":0,"player_choice":"Ignored","damage_taken":0,"max_hp_gain":0,"max_hp_loss":0,"event_name":"Cursed Tome","floor":30,"gold_loss":0},{"cards_removed":["Iron Wave"],"damage_healed":0,"gold_gain":0,"player_choice":"Removed Attack","damage_taken":0,"max_hp_gain":0,"max_hp_loss":0,"event_name":"Falling","floor":36,"gold_loss":0},{"damage_healed":0,"gold_gain":0,"player_choice":"Fight","damage_taken":0,"max_hp_gain":0,"max_hp_loss":0,"event_name":"Mysterious Sphere","floor":37,"gold_loss":0},{"damage_healed":0,"gold_gain":0,"player_choice":"Memory 1","damage_taken":0,"max_hp_gain":0,"max_hp_loss":0,"event_name":"SensoryStone","floor":47,"gold_loss":0}],"is_beta":true,"boss_relics":[{"not_picked":["Tiny House","SlaversCollar"],"picked":"Astrolabe"},{"not_picked":["Sozu","Black Star"],"picked":"Runic Dome"}],"items_purged_floors":[12,42],"is_endless":false,"potions_floor_spawned":[4,10,18,29,31,33,37,40,44,45,48],"ascension_level":0}