{"path_per_floor":["M","M","?","M","M","R","$","R","T","?","M","?","E","?","R","B",null,"M","?","?","?"],"character_chosen":"IRONCLAD","items_purchased":[],"gold_per_floor":[117,130,130,142,158,158,83,83,83,83,95,115,146,146,146,241,241,253,253,253,253],"floor_reached":22,"campfire_rested":2,"playtime":1287,"current_hp_per_floor":[80,80,80,79,72,72,72,80,80,73,73,66,63,63,80,49,80,58,56,56,47],"items_purged":["Regret"],"gold":253,"score":208,"play_id":"80d776dc-23be-489d-84cc-773642bf127f","local_time":"20180310221736","is_prod":false,"is_daily":false,"is_ascension_mode":false,"campfire_upgraded":1,"timestamp":1520738256,"path_taken":["M","?","?","M","M","R","$","R","T","?","?","?","E","?","R","BOSS","M","?","?","?","?"],"build_version":"2018-03-09","purchased_purges":1,"victory":false,"master_deck":["Bash","Spot Weakness+1","Flame Barrier+1","Intimidate+1","Clash+1","Heavy Blade","Havoc","Feel No Pain","Offering","Havoc","Whirlwind","Heavy Blade","Bite","Bite","Bite","Bite","Bite"],"max_hp_per_floor":[80,80,80,80,80,80,80,80,80,80,80,80,80,80,80,80,80,80,56,56,61],"relics":["Astrolabe","Dodecahedron","Anchor","Odd Mushroom","Regal Pillow","Pandora\u0027s Box"],"card_choices":[{"not_picked":["Iron Wave","Anger"],"picked":"Clash"},{"not_picked":["Twin Strike","Entrench"],"picked":"Heavy Blade"},{"not_picked":["Anger","Armaments"],"picked":"Havoc"},{"not_picked":["Demon Form","Fiend Fire"],"picked":"Offering"}],"player_experience":78721,"potions_floor_usage":[11,13,16],"damage_taken":[{"damage":0,"enemies":"Cultist","floor":1,"turns":5},{"damage":0,"enemies":"Small Slimes","floor":2,"turns":5},{"damage":1,"enemies":"2 Louse","floor":4,"turns":2},{"damage":7,"enemies":"2 Fungi Beasts","floor":5,"turns":4},{"damage":0,"enemies":"Looter","floor":11,"turns":4},{"damage":7,"enemies":"The Mushroom Lair","floor":12,"turns":4},{"damage":3,"enemies":"Lagavulin","floor":13,"turns":6},{"damage":31,"enemies":"Hexaghost","floor":16,"turns":9},{"damage":22,"enemies":"2 Thieves","floor":18,"turns":4},{"damage":16,"enemies":"Chosen","floor":22,"turns":3}],"event_choices":[{"event_name":"Big Fish","player_choice":"Box","floor":3,"damage_taken":0},{"event_name":"Golden Wing","player_choice":"Card Removal","floor":10,"damage_taken":0},{"event_name":"Mushrooms","player_choice":"Fought Mushrooms","floor":12,"damage_taken":0},{"event_name":"Transmorgrifier","player_choice":"Transform","floor":14,"damage_taken":0},{"event_name":"Vampires","player_choice":"Became a vampire","floor":19,"damage_taken":0},{"event_name":"Back to Basics","player_choice":"Elegance","floor":20,"damage_taken":0},{"event_name":"Forgotten Altar","player_choice":"Shed Blood","floor":21,"damage_taken":0}],"boss_relics":[{"not_picked":["Eternal Feather","Cursed Key"],"picked":"Pandora\u0027s Box"}],"potions_floor_spawned":[1,2,4],"seed_played":"4282523156197890074","killed_by":"Chosen","ascension_level":0,"is_trial":false}