{"gold_per_floor":[112,112,187,200,210,210,235,280,280,280,280,313,332,357,357,357],"floor_reached":16,"playtime":676,"items_purged":[],"score":130,"play_id":"a9bf6909-37c9-4c01-a20c-8af76f2a4d26","local_time":"20190805214008","is_ascension_mode":true,"campfire_choices":[{"data":"Armaments","floor":6,"key":"SMITH"},{"floor":11,"key":"REST"},{"data":"Barricade","floor":15,"key":"SMITH"}],"neow_cost":"NONE","seed_source_timestamp":617396148139281,"circlet_count":0,"master_deck":["Strike_R","Strike_R","Strike_R","Strike_R","Defend_R","Defend_R","Defend_R","Defend_R","Bash+1","Dropkick","Armaments+1","Intimidate","Infernal Blade","Juggernaut","Fire Breathing","Barricade+1"],"special_seed":0,"relics":["Burning Blood","Dream Catcher","Blood Vial","Prayer Wheel","Juzu Bracelet","Ginger","Champion Belt"],"potions_floor_usage":[12],"damage_taken":[{"damage":7.0,"enemies":"Small Slimes","floor":1.0,"turns":4.0},{"damage":4.0,"enemies":"Jaw Worm","floor":4.0,"turns":5.0},{"damage":1,"enemies":"Cultist","floor":5,"turns":3},{"damage":25,"enemies":"Gremlin Nob","floor":7,"turns":4},{"damage":23,"enemies":"3 Sentries","floor":12,"turns":9},{"damage":0,"enemies":"Red Slaver","floor":13,"turns":3},{"damage":21,"enemies":"Lagavulin","floor":14,"turns":7},{"damage":70,"enemies":"Slime Boss","floor":16,"turns":9}],"seed_played":"-3144916782552860527","potions_obtained":[{"floor":1.0,"key":"Dexterity Potion"},{"floor":7,"key":"Fire Potion"},{"floor":14,"key":"Regen Potion"}],"is_trial":false,"path_per_floor":["M","?","?","M","M","R","E","T","T","?","R","E","M","E","R","B"],"character_chosen":"IRONCLAD","items_purchased":[],"campfire_rested":1,"item_purchase_floors":[],"current_hp_per_floor":[79,79,68,70,75,75,56,56,56,56,80,63,71,58,58,0],"gold":357,"neow_bonus":"UPGRADE_CARD","is_prod":false,"is_daily":false,"chose_seed":false,"campfire_upgraded":2,"win_rate":0,"timestamp":1565066408,"path_taken":["M","?","?","M","M","R","E","?","T","?","R","E","M","E","R","BOSS"],"build_version":"2019-07-17","purchased_purges":0,"victory":false,"max_hp_per_floor":[80,80,80,80,80,80,80,80,80,80,80,80,80,80,80,80],"card_choices":[{"not_picked":["Clothesline","Pommel Strike"],"picked":"Dropkick","floor":1.0},{"not_picked":["Flex","Iron Wave"],"picked":"Armaments","floor":4.0},{"not_picked":["Shrug It Off","Clash"],"picked":"Intimidate","floor":5},{"not_picked":["Twin Strike","Bludgeon","Pummel"],"picked":"SKIP","floor":7},{"not_picked":["Perfected Strike","Armaments"],"picked":"Infernal Blade","floor":11},{"not_picked":["Bloodletting","Corruption","Twin Strike"],"picked":"SKIP","floor":12},{"not_picked":["Rage","Cleave"],"picked":"Juggernaut","floor":13},{"not_picked":["Hemokinesis","Ghostly Armor"],"picked":"Fire Breathing","floor":13},{"not_picked":["Body Slam","Evolve"],"picked":"Barricade","floor":14}],"player_experience":2533221,"relics_obtained":[{"floor":7,"key":"Dream Catcher"},{"floor":8,"key":"Blood Vial"},{"floor":9,"key":"Prayer Wheel"},{"floor":12,"key":"Ginger"},{"floor":14,"key":"Champion Belt"}],"event_choices":[{"cards_removed":["Strike_R"],"damage_healed":0.0,"max_hp_gain":0.0,"max_hp_loss":0.0,"gold_gain":0.0,"event_name":"Living Wall","player_choice":"Forget","floor":2.0,"gold_loss":0.0,"damage_taken":0.0},{"damage_healed":0.0,"max_hp_gain":0.0,"max_hp_loss":0.0,"gold_gain":75.0,"event_name":"World of Goop","player_choice":"Gather Gold","floor":3.0,"gold_loss":0.0,"damage_taken":11.0},{"damage_healed":0,"gold_gain":0,"player_choice":"Gave Potion","damage_taken":0,"relics_obtained":["Juzu Bracelet"],"max_hp_gain":0,"max_hp_loss":0,"event_name":"WeMeetAgain","floor":10,"gold_loss":0}],"is_beta":false,"boss_relics":[],"items_purged_floors":[],"is_endless":false,"potions_floor_spawned":[1,7,14],"killed_by":"Slime Boss","ascension_level":2}