{"path_per_floor":["M","$","M","M","M","R","E","R","T","R","M","$","?","?","R","B",null,"M","?","?","?","$","R","$","R","T","?","?","E","M","?","R","B",null,"M","$","M","?","$","E","?","R","T","?","M","$","E","M","R"],"character_chosen":"THE_SILENT","items_purchased":["Storm of Steel","Expertise","Blade Dance","Lantern"],"gold_per_floor":[115,40,59,76,96,96,128,128,207,207,224,7,7,182,182,280,280,293,293,293,293,117,117,117,117,163,163,163,193,213,138,138,236,236,247,97,108,0,0,30,30,30,53,53,73,73,104,115,115,115],"floor_reached":50,"campfire_rested":4,"playtime":2621,"current_hp_per_floor":[68,68,67,63,61,61,28,49,49,49,34,34,34,34,55,59,70,65,65,52,59,59,59,59,59,59,59,59,11,6,6,45,13,82,82,82,72,72,72,55,76,82,82,82,58,58,33,24,71,0],"items_purged":["Strike_G","Writhe"],"gold":115,"score":512,"play_id":"2b122cdc-339b-4cf9-8732-3af7feedc453","local_time":"20180324212742","is_prod":false,"is_daily":false,"is_ascension_mode":false,"campfire_upgraded":5,"timestamp":1521941262,"path_taken":["M","$","M","M","M","R","E","R","T","R","M","$","?","?","R","BOSS","M","?","?","?","$","R","$","R","T","?","?","E","M","?","R","BOSS","M","$","M","?","?","E","?","R","T","?","M","?","E","M","R","BOSS"],"build_version":"2018-03-22v2","purchased_purges":3,"victory":false,"master_deck":["Defend_G","Defend_G","Defend_G","Defend_G","Defend_G","Strike_G+1","Strike_G","Strike_G","Strike_G","Survivor","Neutralize","A Thousand Cuts+1","Accuracy+1","Backstab+1","Slice","Storm of Steel+1","Expertise+1","Adrenaline","Blade Dance+1","Infinite Blades+1","Writhe","Choke","Well Laid Plans+1"],"max_hp_per_floor":[70,70,70,70,70,70,70,70,70,70,70,70,70,70,70,70,70,70,70,75,82,82,82,82,82,82,82,82,82,82,82,82,82,82,82,82,82,82,82,82,82,82,82,82,82,82,82,82,82,82],"relics":["Ring of the Snake","Juzu Bracelet","Shuriken","Sozu","Strawberry","Vajra","Regal Pillow","Eternal Feather","Lantern","Red Mask","Whetstone","Orichalcum","Unceasing Top"],"card_choices":[{"not_picked":["Backflip","Sucker Punch"],"picked":"Accuracy","floor":3},{"not_picked":["Caltrops","Prepared"],"picked":"Backstab","floor":4},{"not_picked":["Dodge and Roll","Blur"],"picked":"Slice","floor":11},{"not_picked":["Unload","Wraith Form"],"picked":"Adrenaline","floor":16},{"not_picked":["Dagger Throw","PiercingWail"],"picked":"Choke","floor":47},{"not_picked":["Cloak And Dagger","Flying Knee"],"picked":"Well Laid Plans","floor":48}],"player_experience":106153,"potions_floor_usage":[7,16,16],"damage_taken":[{"damage":2,"enemies":"2 Louse","floor":1,"turns":3},{"damage":1,"enemies":"Cultist","floor":3,"turns":4},{"damage":4,"enemies":"Jaw Worm","floor":4,"turns":6},{"damage":2,"enemies":"Blue Slaver","floor":5,"turns":5},{"damage":33,"enemies":"Gremlin Nob","floor":7,"turns":5},{"damage":15,"enemies":"Exordium Thugs","floor":11,"turns":6},{"damage":8,"enemies":"Slime Boss","floor":16,"turns":7},{"damage":5,"enemies":"3 Byrds","floor":18,"turns":3},{"damage":48,"enemies":"Gremlin Leader","floor":29,"turns":4},{"damage":5,"enemies":"Chosen","floor":30,"turns":3},{"damage":32,"enemies":"Collector","floor":33,"turns":6},{"damage":0,"enemies":"3 Shapes","floor":35,"turns":2},{"damage":10,"enemies":"Orb Walker","floor":37,"turns":2},{"damage":17,"enemies":"Giant Head","floor":40,"turns":4},{"damage":24,"enemies":"4 Shapes","floor":45,"turns":3},{"damage":25,"enemies":"2 Orb Walkers","floor":47,"turns":3},{"damage":9,"enemies":"Maw","floor":48,"turns":5},{"damage":76,"enemies":"Awakened One","floor":50,"turns":3}],"event_choices":[{"event_name":"Upgrade Shrine","player_choice":"Upgraded","floor":13,"damage_taken":0},{"event_name":"Liars Game","player_choice":"agreed","floor":14,"damage_taken":0},{"event_name":"Vampires","player_choice":"Ignored","floor":19,"damage_taken":0},{"event_name":"Forgotten Altar","player_choice":"Shed Blood","floor":20,"damage_taken":0},{"event_name":"The Mausoleum","player_choice":"Yes","floor":21,"damage_taken":0},{"event_name":"The Library","player_choice":"Read","floor":27,"damage_taken":0},{"event_name":"Drug Dealer","player_choice":"Ignored","floor":28,"damage_taken":0},{"event_name":"Beggar","player_choice":"Gave Gold","floor":31,"damage_taken":0},{"event_name":"Tomb of Lord Red Mask","player_choice":"Paid","floor":38,"damage_taken":0},{"event_name":"Winding Halls","player_choice":"Writhe","floor":41,"damage_taken":0},{"event_name":"Mysterious Sphere","player_choice":"Ignore","floor":44,"damage_taken":0}],"boss_relics":[{"not_picked":["Runic Dome","Calling Bell"],"picked":"Sozu"},{"not_picked":["Tiny House","The Specimen"],"picked":"Eternal Feather"}],"potions_floor_spawned":[3,5,11,18,30,35,40,48],"seed_played":"4935658601007051737","killed_by":"Awakened One","ascension_level":0,"is_trial":false}