{"gold_per_floor":[111,111,123,133,145,145,158,191,191,191,266,79,79,93,93,189,189,203,183,183],"floor_reached":20,"playtime":1316,"items_purged":[],"score":194,"play_id":"a2e8d702-0062-420f-b063-a2b591683ec6","local_time":"20190626201955","is_ascension_mode":true,"campfire_choices":[{"floor":6,"key":"RECALL"},{"floor":13,"key":"REST"},{"floor":15,"key":"REST"}],"neow_cost":"NONE","seed_source_timestamp":1187148696904988,"circlet_count":0,"master_deck":["Defend_G","Defend_G","Defend_G","Defend_G","Defend_G","Strike_G","Strike_G","Strike_G","Strike_G","Strike_G","Survivor","Neutralize","Blur+1","Deadly Poison","Prepared","Blade Dance","Storm of Steel","Poisoned Stab","Distraction","Blur","Calculated Gamble","Envenom"],"relics":["Ring of the Snake","Pen Nib","Lantern","Runic Pyramid"],"potions_floor_usage":[8,16,19],"damage_taken":[{"damage":3,"enemies":"Jaw Worm","floor":1,"turns":5},{"damage":0,"enemies":"Cultist","floor":3,"turns":5},{"damage":6,"enemies":"2 Louse","floor":4,"turns":2},{"damage":16,"enemies":"Lots of Slimes","floor":5,"turns":5},{"damage":0,"enemies":"Looter","floor":7,"turns":4},{"damage":30,"enemies":"3 Sentries","floor":8,"turns":13},{"damage":13,"enemies":"3 Louse","floor":14,"turns":4},{"damage":14,"enemies":"The Guardian","floor":16,"turns":12},{"damage":24,"enemies":"Spheric Guardian","floor":18,"turns":6},{"damage":27,"enemies":"2 Thieves","floor":19,"turns":4},{"damage":28,"enemies":"3 Cultists","floor":20,"turns":3}],"seed_played":"-4869840368975409117","potions_obtained":[{"floor":1,"key":"Poison Potion"},{"floor":3,"key":"Energy Potion"},{"floor":5,"key":"EssenceOfSteel"},{"floor":16,"key":"GhostInAJar"},{"floor":19,"key":"Ancient Potion"}],"is_trial":false,"path_per_floor":["M","?","M","M","M","R","M","E","T","$","?","$","R","M","R","B",null,"M","M","M"],"character_chosen":"THE_SILENT","items_purchased":["Lantern","Blur"],"campfire_rested":2,"item_purchase_floors":[12,12],"current_hp_per_floor":[67,67,67,61,45,45,45,15,15,15,8,8,29,16,37,23,70,46,19,0],"gold":183,"neow_bonus":"THREE_CARDS","is_prod":false,"is_daily":false,"chose_seed":false,"campfire_upgraded":0,"win_rate":0,"timestamp":1561594795,"path_taken":["M","?","M","?","?","R","M","E","T","?","?","$","R","M","R","BOSS","M","M","?"],"build_version":"2019-01-23","purchased_purges":0,"victory":false,"max_hp_per_floor":[70,70,70,70,70,70,70,70,70,70,70,70,70,70,70,70,70,70,70,70],"card_choices":[{"not_picked":["Dagger Spray","Dagger Throw"],"picked":"Blur","floor":0},{"not_picked":["Catalyst","Backflip"],"picked":"Deadly Poison","floor":1},{"not_picked":["Dagger Throw","Dagger Spray"],"picked":"Prepared","floor":3},{"not_picked":["Dodge and Roll","Choke"],"picked":"Blade Dance","floor":4},{"not_picked":["Dagger Spray","Tactician"],"picked":"Storm of Steel","floor":5},{"not_picked":["Bane","Outmaneuver"],"picked":"Poisoned Stab","floor":7},{"not_picked":["Poisoned Stab","Setup"],"picked":"Distraction","floor":8},{"not_picked":["Backflip","Acrobatics"],"picked":"Calculated Gamble","floor":14},{"not_picked":["Unload","Venomology"],"picked":"Envenom","floor":16},{"not_picked":["Acrobatics+1","Quick Slash","Expertise"],"picked":"SKIP","floor":18},{"not_picked":["Backflip","Dodge and Roll","Deflect"],"picked":"SKIP","floor":19}],"player_experience":226539,"relics_obtained":[{"floor":8,"key":"Pen Nib"}],"event_choices":[{"damage_healed":0,"gold_gain":0,"player_choice":"Upgraded","damage_taken":0,"max_hp_gain":0,"max_hp_loss":0,"event_name":"Upgrade Shrine","floor":2,"gold_loss":0,"cards_upgraded":["Blur"]},{"damage_healed":0,"gold_gain":75,"player_choice":"Touch","damage_taken":7,"max_hp_gain":0,"max_hp_loss":0,"event_name":"FaceTrader","floor":11,"gold_loss":0}],"is_beta":false,"boss_relics":[{"not_picked":["Snecko Eye","Lizard Tail"],"picked":"Runic Pyramid"}],"items_purged_floors":[],"is_endless":false,"potions_floor_spawned":[1,3,5,16,19],"killed_by":"3 Cultists","ascension_level":2}