{"gold_per_floor":[111,130,144,154,229,255,255,267,267,299,299,226,226,226,226,322,322,339,339,138,156,156,156,156],"floor_reached":24,"playtime":1105,"items_purged":[],"score":224,"play_id":"ab15745f-a400-419f-800e-e04ce87292b4","local_time":"20190628152438","is_ascension_mode":true,"campfire_choices":[{"floor":7.0,"key":"REST"},{"floor":11.0,"key":"REST"},{"floor":13.0,"key":"REST"},{"floor":15.0,"key":"RECALL"},{"floor":23,"key":"REST"}],"neow_cost":"NONE","seed_source_timestamp":0,"circlet_count":0,"master_deck":["Strike_B","Strike_B","Defend_B","Defend_B","Defend_B","Defend_B","Zap","Dualcast","Redo","Ball Lightning","Compile Driver","Loop","Ball Lightning","FTL","Recycle","Static Discharge","Echo Form","Doom and Gloom","Loop","Shame"],"special_seed":0,"relics":["Cracked Core","Centennial Puzzle","Mummified Hand","Empty Cage","Runic Capacitor","Omamori"],"potions_floor_usage":[18,24],"damage_taken":[{"damage":0.0,"enemies":"2 Louse","floor":1.0,"turns":1.0},{"damage":0.0,"enemies":"Cultist","floor":2.0,"turns":2.0},{"damage":12.0,"enemies":"Small Slimes","floor":3.0,"turns":2.0},{"damage":16.0,"enemies":"Blue Slaver","floor":4.0,"turns":3.0},{"damage":36.0,"enemies":"Lagavulin","floor":6.0,"turns":4.0},{"damage":3.0,"enemies":"Large Slime","floor":8.0,"turns":4.0},{"damage":18.0,"enemies":"3 Sentries","floor":10.0,"turns":4.0},{"damage":45.0,"enemies":"The Guardian","floor":16.0,"turns":8.0},{"damage":6,"enemies":"3 Byrds","floor":18,"turns":2},{"damage":28,"enemies":"2 Thieves","floor":21,"turns":3},{"damage":25,"enemies":"Slavers","floor":24,"turns":2}],"seed_played":"-7188138284340149594","potions_obtained":[{"floor":3.0,"key":"Explosive Potion"},{"floor":6.0,"key":"Block Potion"},{"floor":16.0,"key":"Weak Potion"},{"floor":21,"key":"Block Potion"}],"is_trial":false,"path_per_floor":["M","M","M","M","?","E","R","M","T","E","R","$","R","$","R","B",null,"M","?","$","M","?","R","E"],"character_chosen":"DEFECT","items_purchased":["Static Discharge","Runic Capacitor"],"campfire_rested":4,"item_purchase_floors":[12,20],"current_hp_per_floor":[82,82,70,54,46,10,34,31,31,13,37,37,61,61,61,16,82,76,60,60,32,32,58,33],"gold":156,"neow_bonus":"TEN_PERCENT_HP_BONUS","is_prod":false,"is_daily":false,"chose_seed":false,"campfire_upgraded":0,"win_rate":0,"timestamp":1561749878,"path_taken":["M","M","M","M","?","E","R","M","T","E","R","$","R","?","R","BOSS","M","?","$","M","?","R","E"],"build_version":"2019-01-23","purchased_purges":0,"victory":false,"max_hp_per_floor":[82,82,82,82,82,82,82,82,82,82,82,82,82,82,82,82,82,82,87,87,87,87,87,87],"card_choices":[{"not_picked":["Go for the Eyes","Turbo"],"picked":"Redo","floor":1.0},{"not_picked":["Stack","Sunder"],"picked":"Ball Lightning","floor":2.0},{"not_picked":["Multi-Cast","Go for the Eyes"],"picked":"Compile Driver","floor":3.0},{"not_picked":["Cold Snap","Heatsinks"],"picked":"Loop","floor":4.0},{"not_picked":["Chill","Steam Power"],"picked":"Ball Lightning","floor":6.0},{"not_picked":["Turbo","Rebound"],"picked":"FTL","floor":8.0},{"not_picked":["Fusion","Force Field"],"picked":"Recycle","floor":10.0},{"not_picked":["Core Surge","Multi-Cast"],"picked":"Echo Form","floor":16.0},{"not_picked":["Go for the Eyes","Rebound"],"picked":"Doom and Gloom","floor":18},{"not_picked":["Skim","Conserve Battery"],"picked":"Loop","floor":21}],"player_experience":257494,"relics_obtained":[{"floor":6.0,"key":"Centennial Puzzle"},{"floor":10.0,"key":"Mummified Hand"}],"event_choices":[{"damage_healed":0.0,"max_hp_gain":0.0,"max_hp_loss":0.0,"gold_gain":75.0,"event_name":"FaceTrader","player_choice":"Touch","floor":5.0,"gold_loss":0.0,"damage_taken":8.0},{"damage_healed":0,"gold_gain":0,"player_choice":"Shed Blood","damage_taken":21,"max_hp_gain":5,"max_hp_loss":0,"event_name":"Forgotten Altar","floor":19,"gold_loss":0},{"damage_healed":0,"gold_gain":0,"player_choice":"Stole Relic","damage_taken":0,"relics_obtained":["Omamori"],"max_hp_gain":0,"max_hp_loss":0,"event_name":"Addict","floor":22,"gold_loss":0,"cards_obtained":["Shame"]}],"is_beta":false,"boss_relics":[{"not_picked":["Busted Crown","Ectoplasm"],"picked":"Empty Cage"}],"items_purged_floors":[],"is_endless":false,"potions_floor_spawned":[3,6,16,21],"killed_by":"Slavers","ascension_level":2}