{"gold_per_floor":[117,134,154,154,165,165,191,191,191,225,190,219,219,204,204,204],"floor_reached":16,"playtime":727,"items_purged":[],"score":144,"play_id":"cd8a5150-eb41-41a8-8919-1452cd59799c","local_time":"20190708042550","is_ascension_mode":true,"campfire_choices":[{"data":"Skewer","floor":6.0,"key":"SMITH"},{"floor":8.0,"key":"REST"},{"floor":13,"key":"REST"},{"floor":15,"key":"REST"}],"neow_cost":"NONE","seed_source_timestamp":0,"circlet_count":0,"master_deck":["Strike_G","Strike_G","Strike_G","Strike_G","Defend_G","Defend_G","Defend_G","Defend_G","Defend_G","Survivor","Neutralize","Footwork","Skewer+1","Poisoned Stab","Footwork","Storm of Steel","Acrobatics","Crippling Poison"],"special_seed":0,"relics":["Ring of the Snake","Darkstone Periapt","Question Card","Kunai","Prayer Wheel"],"potions_floor_usage":[],"damage_taken":[{"damage":1.0,"enemies":"2 Louse","floor":1.0,"turns":4.0},{"damage":0.0,"enemies":"Cultist","floor":2.0,"turns":4.0},{"damage":0.0,"enemies":"Small Slimes","floor":3.0,"turns":3.0},{"damage":1.0,"enemies":"Exordium Wildlife","floor":5.0,"turns":8.0},{"damage":49.0,"enemies":"Lagavulin","floor":7.0,"turns":9.0},{"damage":15.0,"enemies":"Gremlin Nob","floor":10.0,"turns":3.0},{"damage":21.0,"enemies":"Lagavulin","floor":12.0,"turns":8.0},{"damage":13,"enemies":"Exordium Thugs","floor":14,"turns":4},{"damage":26,"enemies":"Hexaghost","floor":16,"turns":7}],"seed_played":"-8556007334379476674","potions_obtained":[{"floor":1.0,"key":"PowerPotion"},{"floor":3.0,"key":"SpeedPotion"},{"floor":10.0,"key":"PowerPotion"},{"floor":12.0,"key":"Ancient Potion"}],"is_trial":false,"path_per_floor":["M","M","M","?","M","R","E","R","T","E","$","E","R","M","R","B"],"character_chosen":"THE_SILENT","items_purchased":["Footwork"],"campfire_rested":3,"item_purchase_floors":[11],"current_hp_per_floor":[76,76,76,76,75,75,26,49,49,34,34,13,36,23,46,20],"gold":204,"neow_bonus":"TEN_PERCENT_HP_BONUS","is_prod":false,"is_daily":false,"chose_seed":false,"campfire_upgraded":1,"win_rate":0,"timestamp":1562574350,"path_taken":["M","M","M","?","M","R","E","R","T","E","?","E","R","M","R","BOSS"],"build_version":"2019-07-05","purchased_purges":0,"victory":false,"max_hp_per_floor":[77,77,77,77,77,77,77,77,77,77,77,77,77,77,77,77],"card_choices":[{"not_picked":["Leg Sweep","Dagger Spray"],"picked":"Footwork","floor":1.0},{"not_picked":["Acrobatics","Cloak And Dagger"],"picked":"Skewer","floor":2.0},{"not_picked":["Reflex","Underhanded Strike"],"picked":"Poisoned Stab","floor":3.0},{"not_picked":["Acrobatics","Setup","Blade Dance"],"picked":"SKIP","floor":5.0},{"not_picked":["Deadly Poison","Bane","Blade Dance"],"picked":"SKIP","floor":7.0},{"not_picked":["Riddle With Holes","Flying Knee","Quick Slash","Deadly Poison"],"picked":"SKIP","floor":10.0},{"not_picked":["Outmaneuver","Crippling Poison","Deadly Poison"],"picked":"Storm of Steel","floor":12.0},{"not_picked":["Flying Knee","Tactician","Deadly Poison"],"picked":"Acrobatics","floor":14},{"not_picked":["Acrobatics","Quick Slash","Deadly Poison"],"picked":"Crippling Poison","floor":14}],"player_experience":361517,"relics_obtained":[{"floor":7.0,"key":"Darkstone Periapt"},{"floor":9.0,"key":"Question Card"},{"floor":10.0,"key":"Kunai"},{"floor":12.0,"key":"Prayer Wheel"}],"event_choices":[{"cards_removed":["Strike_G"],"damage_healed":0.0,"max_hp_gain":0.0,"max_hp_loss":0.0,"gold_gain":0.0,"event_name":"Bonfire Elementals","player_choice":"Offered Basic","floor":4.0,"gold_loss":0.0,"damage_taken":0.0}],"is_beta":false,"boss_relics":[],"items_purged_floors":[],"is_endless":false,"potions_floor_spawned":[1,3,10,12],"killed_by":"Hexaghost","ascension_level":4}