{"gold_per_floor":[113,128,128,146,166,201,201,127,154,182,202,202,228,228,228,325,325,344,38,55,73,73,100,100,100,149,181,1,12,12],"floor_reached":30,"playtime":1664,"items_purged":["Strike_G"],"score":406,"play_id":"40cb213e-8ea1-443e-8f66-39f221d57e21","local_time":"20190708045414","is_ascension_mode":true,"campfire_choices":[{"floor":7.0,"key":"REST"},{"floor":15,"key":"REST"},{"floor":25,"key":"REST"}],"neow_cost":"NONE","seed_source_timestamp":2168022485363258,"circlet_count":0,"master_deck":["Strike_G","Strike_G","Strike_G","Strike_G","Defend_G","Defend_G","Defend_G","Defend_G","Defend_G","Survivor","Neutralize","Quick Slash","Bouncing Flask+1","Dagger Spray","Caltrops","Skewer","Corpse Explosion","Backflip","Cloak And Dagger+1","Footwork","Dodge and Roll+1","Footwork","Bouncing Flask+1"],"special_seed":0,"relics":["Fusion Hammer","Lantern","Omamori","Boot","Ornamental Fan","Pocketwatch","Sozu","The Specimen","Toxic Egg 2","Nilry\u0027s Codex","Oddly Smooth Stone","Dream Catcher"],"potions_floor_usage":[13,23],"damage_taken":[{"damage":1.0,"enemies":"Small Slimes","floor":1.0,"turns":4.0},{"damage":0.0,"enemies":"2 Louse","floor":2.0,"turns":2.0},{"damage":0.0,"enemies":"Jaw Worm","floor":4.0,"turns":2.0},{"damage":17.0,"enemies":"Large Slime","floor":5.0,"turns":6.0},{"damage":6.0,"enemies":"Gremlin Nob","floor":6.0,"turns":3.0},{"damage":9.0,"enemies":"3 Sentries","floor":10.0,"turns":6.0},{"damage":0.0,"enemies":"Lots of Slimes","floor":11.0,"turns":1.0},{"damage":16,"enemies":"Gremlin Nob","floor":13,"turns":3},{"damage":46,"enemies":"Hexaghost","floor":16,"turns":8},{"damage":0,"enemies":"3 Byrds","floor":18,"turns":3},{"damage":11,"enemies":"Shell Parasite","floor":20,"turns":5},{"damage":9,"enemies":"Centurion and Healer","floor":21,"turns":5},{"damage":0,"enemies":"Gremlin Leader","floor":23,"turns":5},{"damage":31,"enemies":"Book of Stabbing","floor":27,"turns":5},{"damage":4,"enemies":"Sentry and Sphere","floor":29,"turns":6},{"damage":26,"enemies":"Slavers","floor":30,"turns":1}],"seed_played":"3798013054399128328","potions_obtained":[{"floor":2.0,"key":"EntropicBrew"},{"floor":10.0,"key":"FearPotion"},{"floor":16,"key":"GhostInAJar"}],"is_trial":false,"path_per_floor":["M","M","?","M","M","E","R","$","T","E","M","?","E","?","R","B",null,"M","$","M","M","?","E","?","R","T","E","$","M","E"],"character_chosen":"THE_SILENT","items_purchased":["Caltrops","The Specimen","Dodge and Roll+1","Footwork"],"campfire_rested":3,"item_purchase_floors":[8,19,28,28],"current_hp_per_floor":[69,69,69,69,52,46,67,67,67,58,58,51,35,40,62,16,75,75,75,64,55,55,55,39,61,61,30,30,26,0],"gold":12,"neow_bonus":"BOSS_RELIC","is_prod":false,"is_daily":false,"chose_seed":false,"campfire_upgraded":0,"win_rate":0,"timestamp":1562576054,"path_taken":["M","M","?","M","M","E","R","$","T","E","M","?","E","?","R","BOSS","M","$","M","M","?","E","?","R","T","E","$","M","E"],"build_version":"2019-07-05","purchased_purges":1,"victory":false,"max_hp_per_floor":[70,70,70,70,70,70,70,70,70,70,70,70,70,75,75,75,75,75,75,75,75,75,75,75,75,75,75,75,75,75],"card_choices":[{"not_picked":["Acrobatics","Deadly Poison"],"picked":"Quick Slash","floor":1.0},{"not_picked":["Backflip","Deflect"],"picked":"Bouncing Flask","floor":2.0},{"not_picked":["Blade Dance","Underhanded Strike","Slice"],"picked":"SKIP","floor":4.0},{"not_picked":["Underhanded Strike","Outmaneuver"],"picked":"Dagger Spray","floor":5.0},{"not_picked":["Night Terror","Accuracy","All Out Attack"],"picked":"SKIP","floor":6.0},{"not_picked":["Endless Agony","Deadly Poison","All Out Attack"],"picked":"SKIP","floor":10.0},{"not_picked":["Masterful Stab","Expertise"],"picked":"Skewer","floor":11.0},{"not_picked":["Outmaneuver","Masterful Stab","Skewer"],"picked":"SKIP","floor":13},{"not_picked":["Grand Finale","After Image"],"picked":"Corpse Explosion","floor":16},{"not_picked":["Blade Dance","Expertise+1","Deadly Poison+1"],"picked":"SKIP","floor":18},{"not_picked":["Dagger Spray","Accuracy","Slice"],"picked":"SKIP","floor":20},{"not_picked":["Slice","Masterful Stab+1","Bouncing Flask"],"picked":"SKIP","floor":21},{"not_picked":["Dagger Spray","Eviscerate"],"picked":"Cloak And Dagger","floor":23},{"not_picked":["Predator","Outmaneuver+1"],"picked":"Footwork","floor":27},{"not_picked":["Blade Dance+1","Setup+1"],"picked":"Bouncing Flask+1","floor":29}],"player_experience":362244,"relics_obtained":[{"floor":6.0,"key":"Lantern"},{"floor":9.0,"key":"Omamori"},{"floor":10.0,"key":"Boot"},{"floor":13,"key":"Pocketwatch"},{"floor":23,"key":"Toxic Egg 2"},{"floor":24,"key":"Nilry\u0027s Codex"},{"floor":26,"key":"Oddly Smooth Stone"},{"floor":27,"key":"Dream Catcher"}],"event_choices":[{"damage_healed":0.0,"max_hp_gain":0.0,"max_hp_loss":0.0,"gold_gain":0.0,"event_name":"Living Wall","player_choice":"Grow","floor":3.0,"gold_loss":0.0,"damage_taken":0.0,"cards_upgraded":["Bouncing Flask"]},{"damage_healed":0.0,"max_hp_gain":0.0,"max_hp_loss":0.0,"gold_gain":0.0,"event_name":"Scrap Ooze","player_choice":"Success","floor":12.0,"gold_loss":0.0,"damage_taken":7.0,"relics_obtained":["Ornamental Fan"]},{"damage_healed":0,"gold_gain":0,"player_choice":"Donut","damage_taken":0,"max_hp_gain":5,"max_hp_loss":0,"event_name":"Big Fish","floor":14,"gold_loss":0},{"damage_healed":0,"gold_gain":0,"player_choice":"Read","damage_taken":0,"max_hp_gain":0,"max_hp_loss":0,"event_name":"The Library","floor":22,"gold_loss":0,"cards_obtained":["Backflip"]},{"damage_healed":0,"gold_gain":0,"player_choice":"Obtained Book","damage_taken":16,"max_hp_gain":0,"max_hp_loss":0,"event_name":"Cursed Tome","floor":24,"gold_loss":0}],"is_beta":false,"boss_relics":[{"not_picked":["Coffee Dripper","Runic Dome"],"picked":"Sozu"}],"items_purged_floors":[28],"is_endless":false,"potions_floor_spawned":[2,10,16,20,21,29],"killed_by":"Slavers","ascension_level":4}