{"gold_per_floor":[110,124,134,148,159,159,186,203,203,203,52,86,86,161,161,262,262,281,331,341,61,61,93,93,110,133,133,149,149],"floor_reached":29,"playtime":2254,"items_purged":["Strike_G"],"score":293,"play_id":"f426bfee-30a8-429f-8a48-6a1e4b2c8647","local_time":"20190914154439","is_ascension_mode":true,"campfire_choices":[{"floor":6,"key":"REST"},{"data":"Caltrops","floor":15,"key":"SMITH"},{"floor":24,"key":"REST"},{"floor":27,"key":"REST"}],"neow_cost":"TEN_PERCENT_HP_LOSS","seed_source_timestamp":938645024876500,"circlet_count":0,"master_deck":["Strike_G","Strike_G","Strike_G","Defend_G","Defend_G","Defend_G","Defend_G","Defend_G","Survivor","Neutralize","Corpse Explosion","Acrobatics","Bane","Bane","Tactician","Backflip","Terror","Caltrops+1","Concentrate","Envenom","Reflex","PiercingWail","Dagger Throw","Prepared","Noxious Fumes","Sucker Punch+1"],"relics":["Ring of the Snake","Pantograph","Anchor","Blue Candle","Runic Pyramid","Darkstone Periapt","PreservedInsect","Blood Vial"],"potions_floor_usage":[7,7,7,12,16,20,28,29,29],"damage_taken":[{"damage":5,"enemies":"Small Slimes","floor":1,"turns":5},{"damage":0,"enemies":"2 Louse","floor":2,"turns":1},{"damage":1,"enemies":"Cultist","floor":3,"turns":3},{"damage":13,"enemies":"Exordium Thugs","floor":4,"turns":3},{"damage":9,"enemies":"Blue Slaver","floor":5,"turns":4},{"damage":12,"enemies":"3 Sentries","floor":7,"turns":4},{"damage":8,"enemies":"3 Louse","floor":8,"turns":3},{"damage":28,"enemies":"Lagavulin","floor":12,"turns":6},{"damage":34,"enemies":"Hexaghost","floor":16,"turns":9},{"damage":3,"enemies":"Chosen","floor":18,"turns":4},{"damage":23,"enemies":"Spheric Guardian","floor":20,"turns":6},{"damage":31,"enemies":"Slavers","floor":23,"turns":3},{"damage":9,"enemies":"Shelled Parasite and Fungi","floor":25,"turns":6},{"damage":27,"enemies":"Chosen and Byrds","floor":28,"turns":5},{"damage":20,"enemies":"Sentry and Sphere","floor":29,"turns":3}],"seed_played":"2776236830272403302","potions_obtained":[{"floor":1,"key":"Regen Potion"},{"floor":2,"key":"SpeedPotion"},{"floor":5,"key":"SkillPotion"},{"floor":8,"key":"Ancient Potion"},{"floor":12,"key":"Strength Potion"},{"floor":18,"key":"Poison Potion"},{"floor":20,"key":"Strength Potion"},{"floor":25,"key":"Swift Potion"}],"is_trial":false,"path_per_floor":["M","M","M","M","M","R","E","M","T","?","$","E","?","?","R","B",null,"M","?","M","$","?","E","R","M","T","R","M","M"],"character_chosen":"THE_SILENT","items_purchased":["DuplicationPotion","Dagger Throw","Darkstone Periapt"],"campfire_rested":3,"item_purchase_floors":[11,21,21],"current_hp_per_floor":[58,58,57,44,35,53,53,45,45,63,63,35,35,24,24,15,63,60,60,37,37,37,6,24,15,15,33,8,0],"gold":149,"neow_bonus":"THREE_RARE_CARDS","is_prod":false,"is_daily":false,"chose_seed":false,"campfire_upgraded":1,"win_rate":0,"timestamp":1568493879,"path_taken":["M","M","M","M","M","R","E","M","T","?","$","E","?","?","R","BOSS","M","?","?","$","?","E","R","M","T","R","M","M"],"build_version":"2019-09-12","purchased_purges":1,"victory":false,"max_hp_per_floor":[63,63,63,63,63,63,63,63,63,63,63,63,63,63,63,63,63,63,63,63,63,63,63,63,63,63,63,63,63],"card_choices":[{"not_picked":["Envenom","Glass Knife"],"picked":"Corpse Explosion","floor":0},{"not_picked":["Expertise","Deflect"],"picked":"Acrobatics","floor":1},{"not_picked":["All Out Attack","Dagger Throw"],"picked":"Bane","floor":2},{"not_picked":["Well Laid Plans","Glass Knife"],"picked":"Bane","floor":3},{"not_picked":["Dodge and Roll","Expertise"],"picked":"Tactician","floor":4},{"not_picked":["Outmaneuver","Backstab"],"picked":"Backflip","floor":5},{"not_picked":["A Thousand Cuts","Accuracy"],"picked":"Terror","floor":7},{"not_picked":["Dagger Throw","Backflip"],"picked":"Caltrops","floor":8},{"not_picked":["Glass Knife","Reflex"],"picked":"Concentrate","floor":12},{"not_picked":["Corpse Explosion","Grand Finale"],"picked":"Envenom","floor":16},{"not_picked":["Backflip","Distraction"],"picked":"Reflex","floor":18},{"not_picked":["Accuracy","Skewer"],"picked":"PiercingWail","floor":20},{"not_picked":["Flying Knee+1","Crippling Poison"],"picked":"Prepared","floor":23},{"not_picked":["Prepared+1","Well Laid Plans"],"picked":"Noxious Fumes","floor":25},{"not_picked":["All Out Attack","Predator"],"picked":"Sucker Punch+1","floor":28}],"player_experience":277547,"relics_obtained":[{"floor":7,"key":"Pantograph"},{"floor":9,"key":"Anchor"},{"floor":12,"key":"Blue Candle"},{"floor":23,"key":"PreservedInsect"},{"floor":26,"key":"Blood Vial"}],"event_choices":[{"damage_healed":21,"gold_gain":0,"player_choice":"Banana","damage_taken":0,"max_hp_gain":0,"max_hp_loss":0,"event_name":"Big Fish","floor":10,"gold_loss":0},{"cards_removed":["Strike_G"],"damage_healed":0,"gold_gain":0,"player_choice":"Forget","damage_taken":0,"max_hp_gain":0,"max_hp_loss":0,"event_name":"Living Wall","floor":13,"gold_loss":0},{"damage_healed":0,"gold_gain":75,"player_choice":"Gather Gold","damage_taken":11,"max_hp_gain":0,"max_hp_loss":0,"event_name":"World of Goop","floor":14,"gold_loss":0},{"damage_healed":0,"gold_gain":100,"player_choice":"Bet on Murderer","damage_taken":0,"max_hp_gain":0,"max_hp_loss":0,"event_name":"The Joust","floor":19,"gold_loss":50},{"damage_healed":0,"gold_gain":0,"player_choice":"Ignored","damage_taken":0,"max_hp_gain":0,"max_hp_loss":0,"event_name":"Cursed Tome","floor":22,"gold_loss":0}],"is_beta":true,"boss_relics":[{"not_picked":["Cursed Key","Black Star"],"picked":"Runic Pyramid"}],"items_purged_floors":[11],"is_endless":false,"potions_floor_spawned":[1,2,5,8,12,18,20,25],"killed_by":"Sentry and Sphere","ascension_level":3}