{"gold_per_floor":[114,129,57,72,72,72,102,117,117,117,132,132,162,177,177,277,277,292,292,292,307,184,184,214,214,264,264,279,309,31,31,31,131,131,146,161,8,8,23,62,77,92,142,181,196,196,305,344,344,344],"floor_reached":51,"playtime":1539,"items_purged":[],"score":1035,"play_id":"82dec3d4-cdde-486a-9236-57d2e7a5e5b3","local_time":"20191010101900","daily_mods":["SealedDeck","Vintage","Lethality"],"is_ascension_mode":false,"campfire_choices":[{"data":"Dagger Spray","floor":6,"key":"SMITH"},{"data":"Flechettes","floor":10,"key":"SMITH"},{"data":"Deadly Poison","floor":12,"key":"SMITH"},{"data":"Riddle With Holes","floor":15,"key":"SMITH"},{"data":"Glass Knife","floor":23,"key":"SMITH"},{"data":"Well Laid Plans","floor":25,"key":"SMITH"},{"data":"Quick Slash","floor":27,"key":"SMITH"},{"data":"Dagger Throw","floor":32,"key":"SMITH"},{"data":"Cloak And Dagger","floor":49,"key":"SMITH"}],"neow_cost":"","seed_source_timestamp":0,"circlet_count":0,"master_deck":["PiercingWail","Sucker Punch+1","Dagger Throw+1","Flechettes+1","Quick Slash+1","Dash+1","Dagger Spray+1","PiercingWail","Well Laid Plans+1","Deadly Poison+1","Expertise+1","Riddle With Holes+1","Glass Knife+1","Slice+1","Endless Agony+1","Slice+1","Slice+1","Quick Slash+1","Endless Agony+1","Bullet Time+1","Cloak And Dagger+1","Catalyst+1","Crippling Poison+1","Dagger Spray+1","Blade Dance+1"],"special_seed":18179,"relics":["Ring of the Snake","Snake Skull","Art of War","White Beast Statue","Blood Vial","Question Card","Ancient Tea Set","Whetstone","Bag of Marbles","Akabeko","WristBlade","Molten Egg 2","Shuriken","Gremlin Horn","Boot","The Courier","Potion Belt","Lee\u0027s Waffle","PreservedInsect","Busted Crown","Juzu Bracelet","CeramicFish","Bag of Preparation","Vajra","MealTicket","War Paint","Smiling Mask","Omamori","Paper Crane","Blue Candle","Thread and Needle","Mango"],"potions_floor_usage":[7,33,38,41,50,50,50,50,50],"damage_taken":[{"damage":0,"enemies":"Cultist","floor":1,"turns":2},{"damage":0,"enemies":"Small Slimes","floor":2,"turns":1},{"damage":0,"enemies":"2 Louse","floor":4,"turns":2},{"damage":5,"enemies":"Lagavulin","floor":7,"turns":4},{"damage":0,"enemies":"Blue Slaver","floor":8,"turns":2},{"damage":0,"enemies":"Red Slaver","floor":11,"turns":2},{"damage":0,"enemies":"Gremlin Nob","floor":13,"turns":2},{"damage":0,"enemies":"Looter","floor":14,"turns":1},{"damage":2,"enemies":"The Guardian","floor":16,"turns":4},{"damage":0,"enemies":"Shell Parasite","floor":18,"turns":1},{"damage":0,"enemies":"Chosen","floor":21,"turns":1},{"damage":0,"enemies":"Slavers","floor":24,"turns":1},{"damage":0,"enemies":"Snake Plant","floor":28,"turns":1},{"damage":0,"enemies":"Gremlin Leader","floor":29,"turns":1},{"damage":7,"enemies":"Automaton","floor":33,"turns":3},{"damage":0,"enemies":"3 Darklings","floor":35,"turns":1},{"damage":0,"enemies":"Orb Walker","floor":36,"turns":1},{"damage":0,"enemies":"Sphere and 2 Shapes","floor":39,"turns":1},{"damage":0,"enemies":"Reptomancer","floor":40,"turns":1},{"damage":0,"enemies":"Writhing Mass","floor":41,"turns":1},{"damage":0,"enemies":"Spire Growth","floor":42,"turns":1},{"damage":0,"enemies":"Nemesis","floor":44,"turns":1},{"damage":0,"enemies":"Maw","floor":45,"turns":2},{"damage":9,"enemies":"Mind Bloom Boss Battle","floor":47,"turns":2},{"damage":0,"enemies":"Reptomancer","floor":48,"turns":1},{"damage":4,"enemies":"Time Eater","floor":50,"turns":2}],"seed_played":"1808118435216149927","potions_obtained":[{"floor":1,"key":"Swift Potion"},{"floor":2,"key":"Regen Potion"},{"floor":7,"key":"SpeedPotion"},{"floor":8,"key":"SteroidPotion"},{"floor":11,"key":"Dexterity Potion"},{"floor":16,"key":"SkillPotion"},{"floor":18,"key":"FearPotion"},{"floor":29,"key":"SpeedPotion"},{"floor":33,"key":"Weak Potion"},{"floor":35,"key":"Swift Potion"},{"floor":38,"key":"SteroidPotion"},{"floor":38,"key":"Fruit Juice"},{"floor":38,"key":"GamblersBrew"},{"floor":39,"key":"SteroidPotion"},{"floor":40,"key":"Strength Potion"},{"floor":41,"key":"Weak Potion"},{"floor":45,"key":"Strength Potion"},{"floor":47,"key":"AttackPotion"}],"is_trial":false,"path_per_floor":["M","M","$","M","?","R","E","M","T","R","M","R","E","M","R","B",null,"M","?","?","M","$","R","E","R","T","R","M","E","$","?","R","B",null,"M","M","$","?","M","E","M","M","T","E","M","?","?","E","R","B",null],"character_chosen":"THE_SILENT","items_purchased":["Deadly Poison","Block Potion","Slice+1","Endless Agony+1","Lee\u0027s Waffle","PreservedInsect","Quick Slash+1","Cloak And Dagger","Bag of Preparation"],"campfire_rested":0,"item_purchase_floors":[3,3,22,22,30,30,30,37,37],"current_hp_per_floor":[70,70,70,70,70,70,65,67,67,67,69,69,70,70,70,68,70,70,57,57,59,59,59,61,61,61,61,63,65,82,82,82,75,82,82,82,82,87,87,87,87,87,87,87,87,87,78,94,94,92],"gold":344,"neow_bonus":"","is_prod":false,"is_daily":true,"chose_seed":false,"campfire_upgraded":9,"win_rate":0,"timestamp":1570720740,"path_taken":["M","M","?","M","?","R","E","?","T","R","M","R","E","M","R","BOSS","M","?","?","M","$","R","E","R","T","R","M","E","$","?","R","BOSS","M","M","$","?","M","E","M","M","T","E","M","?","?","E","R","BOSS"],"build_version":"2019-10-09","purchased_purges":0,"victory":true,"max_hp_per_floor":[70,70,70,70,70,70,70,70,70,70,70,70,70,70,70,70,70,70,75,75,75,75,75,75,75,75,75,75,75,82,82,82,82,82,82,82,82,87,87,87,87,87,87,87,87,87,87,101,101,101],"card_choices":[{"not_picked":["Underhanded Strike","Endless Agony"],"picked":"Expertise","floor":7},{"not_picked":["Sucker Punch","Eviscerate","Blade Dance"],"picked":"Riddle With Holes","floor":13},{"not_picked":["After Image","Storm of Steel","Corpse Explosion"],"picked":"Glass Knife","floor":16},{"not_picked":["Predator+1","Dagger Throw+1","Escape Plan+1"],"picked":"Slice+1","floor":24},{"not_picked":["Underhanded Strike+1","Noxious Fumes","Deflect"],"picked":"Slice+1","floor":29},{"not_picked":["Malaise","A Thousand Cuts","Corpse Explosion"],"picked":"Bullet Time","floor":33},{"not_picked":["Noxious Fumes"],"picked":"Catalyst+1","floor":40},{"not_picked":["Calculated Gamble+1"],"picked":"Crippling Poison+1","floor":44},{"not_picked":["Outmaneuver"],"picked":"Dagger Spray+1","floor":47},{"not_picked":["Accuracy"],"picked":"Blade Dance+1","floor":48}],"player_experience":441720,"relics_obtained":[{"floor":1,"key":"Snake Skull"},{"floor":2,"key":"Art of War"},{"floor":4,"key":"White Beast Statue"},{"floor":7,"key":"Blood Vial"},{"floor":8,"key":"Question Card"},{"floor":9,"key":"Ancient Tea Set"},{"floor":11,"key":"Whetstone"},{"floor":13,"key":"Bag of Marbles"},{"floor":14,"key":"Akabeko"},{"floor":18,"key":"Molten Egg 2"},{"floor":21,"key":"Shuriken"},{"floor":24,"key":"Gremlin Horn"},{"floor":26,"key":"Boot"},{"floor":28,"key":"The Courier"},{"floor":29,"key":"Potion Belt"},{"floor":35,"key":"Juzu Bracelet"},{"floor":36,"key":"CeramicFish"},{"floor":39,"key":"Vajra"},{"floor":40,"key":"MealTicket"},{"floor":41,"key":"War Paint"},{"floor":42,"key":"Smiling Mask"},{"floor":43,"key":"Omamori"},{"floor":44,"key":"Paper Crane"},{"floor":45,"key":"Blue Candle"},{"floor":47,"key":"Thread and Needle"},{"floor":48,"key":"Mango"}],"event_choices":[{"damage_healed":0,"gold_gain":0,"player_choice":"Ignored","damage_taken":0,"max_hp_gain":0,"max_hp_loss":0,"event_name":"Purifier","floor":5,"gold_loss":0},{"damage_healed":0,"gold_gain":0,"player_choice":"Shed Blood","damage_taken":18,"max_hp_gain":5,"max_hp_loss":0,"event_name":"Forgotten Altar","floor":19,"gold_loss":0},{"damage_healed":0,"gold_gain":0,"player_choice":"Simplicity","damage_taken":0,"max_hp_gain":0,"max_hp_loss":0,"event_name":"Back to Basics","floor":20,"gold_loss":0,"cards_upgraded":[]},{"damage_healed":0,"gold_gain":0,"player_choice":"Read","damage_taken":0,"max_hp_gain":0,"max_hp_loss":0,"event_name":"The Library","floor":31,"gold_loss":0,"cards_obtained":["Endless Agony"]},{"damage_healed":0,"gold_gain":0,"player_choice":"Got Potions","damage_taken":0,"max_hp_gain":0,"max_hp_loss":0,"event_name":"Lab","floor":38,"gold_loss":0},{"cards_removed":["PiercingWail"],"damage_healed":0,"gold_gain":0,"player_choice":"Removed Skill","damage_taken":0,"max_hp_gain":0,"max_hp_loss":0,"event_name":"Falling","floor":46,"gold_loss":0},{"damage_healed":0,"gold_gain":0,"player_choice":"Fight","damage_taken":0,"max_hp_gain":0,"max_hp_loss":0,"event_name":"MindBloom","floor":47,"gold_loss":0}],"is_beta":true,"boss_relics":[{"not_picked":["Velvet Choker","Sozu"],"picked":"WristBlade"},{"not_picked":["Fusion Hammer","Astrolabe"],"picked":"Busted Crown"}],"items_purged_floors":[],"is_endless":false,"potions_floor_spawned":[1,2,7,8,11,13,14,16,18,21,24,28,29,33,35,36,39,40,41,42,44,45,47,48],"ascension_level":0}