{"gold_per_floor":[109,124,135,155,173,173,199,186,209,209],"floor_reached":10,"playtime":822,"items_purged":[],"score":79,"play_id":"295683f0-bcc6-4782-a40d-1f29c4b44d8b","local_time":"20190628021721","is_ascension_mode":true,"campfire_choices":[{"floor":6,"key":"REST"}],"neow_cost":"NONE","seed_source_timestamp":1295490198303775,"circlet_count":0,"master_deck":["Strike_R","Strike_R","Strike_R","Strike_R","Strike_R","Defend_R","Defend_R","Defend_R","Defend_R","Bash","Armaments","Inflame","Headbutt","Feel No Pain","Disarm","Havoc","Dark Embrace"],"relics":["Burning Blood","Vajra"],"potions_floor_usage":[8],"damage_taken":[{"damage":6,"enemies":"Cultist","floor":1,"turns":3},{"damage":12,"enemies":"Small Slimes","floor":2,"turns":3},{"damage":8,"enemies":"2 Louse","floor":3,"turns":3},{"damage":31,"enemies":"Large Slime","floor":4,"turns":6},{"damage":17,"enemies":"Lots of Slimes","floor":5,"turns":5},{"damage":47,"enemies":"3 Sentries","floor":7,"turns":12},{"damage":17,"enemies":"Exordium Thugs","floor":8,"turns":4},{"damage":46,"enemies":"Gremlin Nob","floor":10,"turns":5}],"seed_played":"4731944687359672758","potions_obtained":[{"floor":4,"key":"GamblersBrew"},{"floor":5,"key":"BloodPotion"},{"floor":8,"key":"LiquidBronze"}],"is_trial":false,"path_per_floor":["M","M","M","M","M","R","E","M","T","E"],"character_chosen":"IRONCLAD","items_purchased":[],"campfire_rested":1,"item_purchase_floors":[],"current_hp_per_floor":[88,82,80,55,44,70,29,26,26,0],"gold":209,"neow_bonus":"TEN_PERCENT_HP_BONUS","is_prod":false,"is_daily":false,"chose_seed":false,"campfire_upgraded":0,"win_rate":0,"timestamp":1561702641,"path_taken":["M","M","M","M","M","R","E","M","T","E"],"build_version":"2019-01-23","purchased_purges":0,"victory":false,"max_hp_per_floor":[88,88,88,88,88,88,88,88,88,88],"card_choices":[{"not_picked":["Pommel Strike","Sword Boomerang"],"picked":"Armaments","floor":1},{"not_picked":["Flex","Cleave"],"picked":"Inflame","floor":2},{"not_picked":["Perfected Strike","Power Through"],"picked":"Headbutt","floor":3},{"not_picked":["Anger","Berserk"],"picked":"Feel No Pain","floor":4},{"not_picked":["Bloodletting","Warcry"],"picked":"Disarm","floor":5},{"not_picked":["Headbutt","Combust"],"picked":"Havoc","floor":7},{"not_picked":["Searing Blow","Cleave"],"picked":"Dark Embrace","floor":8}],"player_experience":251246,"relics_obtained":[{"floor":7,"key":"Vajra"}],"event_choices":[],"is_beta":false,"boss_relics":[],"items_purged_floors":[],"is_endless":false,"potions_floor_spawned":[4,5,8],"killed_by":"Gremlin Nob","ascension_level":2}