{"gold_per_floor":[116,66,84,8,83,117,117,173,173,190,190,210,210,221,221,325,325,325,325,240,240,240,240,240,240],"floor_reached":25,"playtime":2626,"items_purged":[],"score":277,"play_id":"035d6fc1-5e52-412f-9184-bfc39572732c","local_time":"20190913200924","is_ascension_mode":true,"campfire_choices":[{"floor":7,"key":"REST"},{"floor":13,"key":"REST"},{"floor":15,"key":"REST"},{"floor":23,"key":"REST"}],"neow_cost":"NONE","seed_source_timestamp":228013485161154,"circlet_count":0,"master_deck":["Strike_G","Strike_G","Strike_G","Strike_G","Defend_G","Defend_G","Defend_G","Defend_G","Defend_G","Survivor","Neutralize","Backstab","Dagger Throw","Well Laid Plans","Noxious Fumes","Dagger Throw","Deadly Poison","Blade Dance","Venomology","Blur","Cloak And Dagger","Acrobatics","Envenom","Well Laid Plans","Accuracy+1","Blade Dance+1","Footwork","Skewer"],"relics":["Ring of the Snake","Dream Catcher","Ninja Scroll","Tiny Chest","Shuriken","Singing Bowl","Ectoplasm","Boot"],"potions_floor_usage":[14,16,18,21,21,25],"damage_taken":[{"damage":0,"enemies":"2 Louse","floor":1,"turns":3},{"damage":0,"enemies":"Small Slimes","floor":3,"turns":3},{"damage":39,"enemies":"Lagavulin","floor":6,"turns":8},{"damage":12,"enemies":"3 Sentries","floor":8,"turns":7},{"damage":0,"enemies":"Jaw Worm","floor":10,"turns":1},{"damage":0,"enemies":"Looter","floor":12,"turns":1},{"damage":3,"enemies":"Large Slime","floor":14,"turns":5},{"damage":28,"enemies":"The Guardian","floor":16,"turns":11},{"damage":0,"enemies":"3 Byrds","floor":18,"turns":4},{"damage":0,"enemies":"Spheric Guardian","floor":19,"turns":3},{"damage":10,"enemies":"Shelled Parasite and Fungi","floor":21,"turns":6},{"damage":24,"enemies":"Cultist and Chosen","floor":22,"turns":6},{"damage":46,"enemies":"Book of Stabbing","floor":25,"turns":4}],"seed_played":"-1674103181479306468","potions_obtained":[{"floor":6,"key":"SmokeBomb"},{"floor":8,"key":"Explosive Potion"},{"floor":12,"key":"Swift Potion"},{"floor":21,"key":"FearPotion"}],"is_trial":false,"path_per_floor":["M","?","M","$","?","E","R","E","T","M","?","M","R","M","R","B",null,"M","M","?","M","M","R","?","E"],"character_chosen":"THE_SILENT","items_purchased":["Well Laid Plans"],"campfire_rested":4,"item_purchase_floors":[4],"current_hp_per_floor":[63,63,63,63,52,13,34,22,22,22,10,10,31,28,49,21,58,58,58,58,48,24,45,45,0],"gold":240,"neow_bonus":"RANDOM_COMMON_RELIC","is_prod":false,"is_daily":false,"chose_seed":false,"campfire_upgraded":0,"win_rate":0,"timestamp":1568430564,"path_taken":["M","?","M","$","?","E","R","E","T","M","?","M","R","M","R","BOSS","M","M","?","M","M","R","?","E"],"build_version":"2019-07-17","purchased_purges":0,"victory":false,"max_hp_per_floor":[70,70,70,70,70,70,70,70,70,70,70,70,70,70,70,70,70,70,70,70,70,70,70,70,70],"card_choices":[{"not_picked":["Dagger Throw","Sucker Punch"],"picked":"Backstab","floor":1},{"not_picked":["Infinite Blades","Accuracy"],"picked":"Dagger Throw","floor":3},{"not_picked":["Blade Dance","Accuracy"],"picked":"Noxious Fumes","floor":6},{"not_picked":["Concentrate","Backflip"],"picked":"Dagger Throw","floor":7},{"not_picked":["Predator","Underhanded Strike"],"picked":"Deadly Poison","floor":8},{"not_picked":["Leg Sweep","Deadly Poison"],"picked":"Blade Dance","floor":10},{"not_picked":["Quick Slash","Tactician"],"picked":"Venomology","floor":12},{"not_picked":["Setup","Crippling Poison"],"picked":"Blur","floor":13},{"not_picked":["Dagger Spray","Underhanded Strike"],"picked":"Cloak And Dagger","floor":14},{"not_picked":["Bane","Dodge and Roll"],"picked":"Acrobatics","floor":15},{"not_picked":["Doppelganger","Bullet Time"],"picked":"Envenom","floor":16},{"not_picked":["Backflip+1","Bane"],"picked":"Well Laid Plans","floor":18},{"not_picked":["Blade Dance","Noxious Fumes"],"picked":"Accuracy+1","floor":19},{"not_picked":["Dagger Throw","Blur"],"picked":"Blade Dance+1","floor":21},{"not_picked":["Cloak And Dagger","Escape Plan"],"picked":"Footwork","floor":22},{"not_picked":["Dagger Spray","Endless Agony"],"picked":"Skewer","floor":23}],"player_experience":3413234,"relics_obtained":[{"floor":6,"key":"Ninja Scroll"},{"floor":8,"key":"Tiny Chest"},{"floor":9,"key":"Shuriken"}],"event_choices":[{"cards_removed":["Strike_G"],"damage_healed":0,"gold_gain":0,"player_choice":"Card Removal","damage_taken":0,"max_hp_gain":0,"max_hp_loss":0,"event_name":"The Cleric","floor":2,"gold_loss":50},{"damage_healed":0,"gold_gain":75,"player_choice":"Gather Gold","damage_taken":11,"max_hp_gain":0,"max_hp_loss":0,"event_name":"World of Goop","floor":5,"gold_loss":0},{"damage_healed":0,"gold_gain":0,"player_choice":"Success","damage_taken":12,"relics_obtained":["Singing Bowl"],"max_hp_gain":0,"max_hp_loss":0,"event_name":"Scrap Ooze","floor":11,"gold_loss":0},{"damage_healed":0,"gold_gain":0,"player_choice":"Obtained Relic","damage_taken":0,"relics_obtained":["Boot"],"max_hp_gain":0,"max_hp_loss":0,"event_name":"Addict","floor":20,"gold_loss":85},{"damage_healed":0,"gold_gain":99,"player_choice":"Stole From Cult","damage_taken":0,"max_hp_gain":0,"max_hp_loss":0,"event_name":"Nest","floor":24,"gold_loss":0}],"is_beta":false,"boss_relics":[{"not_picked":["Eternal Feather","Coffee Dripper"],"picked":"Ectoplasm"}],"items_purged_floors":[],"is_endless":false,"potions_floor_spawned":[6,8,12,16,21],"killed_by":"Book of Stabbing","ascension_level":6}