{"gold_per_floor":[114,39,39,39,49,49,76,92,92,92,92,103,137,147,147,147],"floor_reached":16,"playtime":515,"items_purged":["Defend_B"],"score":149,"play_id":"fba9496f-44cf-4239-a82b-4314bfa1531b","local_time":"20190624075445","is_ascension_mode":true,"campfire_choices":[{"floor":6,"key":"RECALL"},{"data":"Dualcast","floor":10,"key":"SMITH"},{"data":"Zap","floor":15,"key":"SMITH"}],"neow_cost":"NONE","seed_source_timestamp":970444479223683,"circlet_count":0,"master_deck":["Strike_B","Strike_B","Strike_B","Strike_B","Defend_B","Defend_B","Defend_B","Zap+1","Dualcast+1","Tempest","Multi-Cast"],"relics":["Cracked Core","NeowsBlessing","Pocketwatch","Molten Egg 2","FossilizedHelix","Bag of Preparation"],"potions_floor_usage":[16,16],"damage_taken":[{"damage":0,"enemies":"2 Louse","floor":1,"turns":1},{"damage":0,"enemies":"Jaw Worm","floor":5,"turns":1},{"damage":0,"enemies":"3 Sentries","floor":7,"turns":1},{"damage":6,"enemies":"Cultist","floor":8,"turns":3},{"damage":20,"enemies":"Lots of Slimes","floor":12,"turns":3},{"damage":8,"enemies":"Lagavulin","floor":13,"turns":5},{"damage":14,"enemies":"3 Louse","floor":14,"turns":3},{"damage":24,"enemies":"Hexaghost","floor":16,"turns":5}],"seed_played":"7835174378106032719","potions_obtained":[{"floor":1,"key":"Strength Potion"},{"floor":7,"key":"FocusPotion"},{"floor":12,"key":"FocusPotion"}],"is_trial":false,"path_per_floor":["M","$","?","?","M","R","E","M","T","R","?","M","E","M","R","B"],"character_chosen":"DEFECT","items_purchased":[],"campfire_rested":0,"item_purchase_floors":[],"current_hp_per_floor":[75,75,72,72,72,72,72,66,66,66,66,46,38,24,24,0],"gold":147,"neow_bonus":"THREE_ENEMY_KILL","is_prod":false,"is_daily":false,"chose_seed":false,"campfire_upgraded":2,"win_rate":0,"timestamp":1561377285,"path_taken":["M","$","?","?","M","R","E","M","T","R","?","?","E","M","R","BOSS"],"build_version":"2019-01-23","purchased_purges":1,"victory":false,"max_hp_per_floor":[75,75,75,75,75,75,75,75,75,75,75,75,75,75,75,75],"card_choices":[{"not_picked":["Barrage","Scrape","Turbo"],"picked":"SKIP","floor":1},{"not_picked":["Steam Power","Compile Driver"],"picked":"Tempest","floor":5},{"not_picked":["Conserve Battery","Biased Cognition","Coolheaded"],"picked":"SKIP","floor":7},{"not_picked":["Leap","Steam","Beam Cell+1"],"picked":"SKIP","floor":8},{"not_picked":["Beam Cell+1","Go for the Eyes+1","Steam"],"picked":"SKIP","floor":12},{"not_picked":["Ball Lightning+1","Rip and Tear+1"],"picked":"Multi-Cast","floor":13},{"not_picked":["Leap","Hologram","Stack"],"picked":"SKIP","floor":14}],"player_experience":194734,"relics_obtained":[{"floor":7,"key":"Molten Egg 2"},{"floor":11,"key":"FossilizedHelix"},{"floor":13,"key":"Bag of Preparation"}],"event_choices":[{"damage_healed":0,"gold_gain":0,"player_choice":"Success","damage_taken":3,"relics_obtained":["Pocketwatch"],"max_hp_gain":0,"max_hp_loss":0,"event_name":"Scrap Ooze","floor":3,"gold_loss":0},{"damage_healed":0,"gold_gain":0,"player_choice":"Leave","damage_taken":0,"max_hp_gain":0,"max_hp_loss":0,"event_name":"The Cleric","floor":4,"gold_loss":0},{"damage_healed":0,"gold_gain":0,"player_choice":"Relic","damage_taken":0,"max_hp_gain":0,"max_hp_loss":0,"event_name":"Wheel of Change","floor":11,"gold_loss":0}],"is_beta":false,"boss_relics":[],"items_purged_floors":[2],"is_endless":false,"potions_floor_spawned":[1,7,12],"killed_by":"Hexaghost","ascension_level":2}