{"path_per_floor":["M","M","$","M","M","R","?","R","T","R","M","?","R","M","R","B",null,"M","?","M","$","M","R","M","R","T","$","M","R","T","M","R","B",null,"M","?","M"],"character_chosen":"THE_SILENT","items_purchased":["Footwork","Art of War","Escape Plan"],"gold_per_floor":[112,122,13,26,38,38,38,38,110,110,125,125,125,141,141,238,238,257,257,276,176,191,191,206,206,206,20,33,33,33,53,53,153,153,168,168,180,180],"floor_reached":38,"campfire_rested":0,"playtime":2939,"item_purchase_floors":[3,27,27],"current_hp_per_floor":[63,63,63,63,53,53,53,53,53,53,51,51,51,51,51,50,65,63,63,47,47,47,55,38,46,46,46,46,56,56,51,61,38,62,51,42,6,35],"items_purged":["Strike_G","Strike_G"],"gold":180,"score":478,"play_id":"b34fd8b2-8fd5-4799-821c-b555134ff2d4","local_time":"20180528160912","is_prod":false,"is_daily":false,"chose_seed":false,"is_ascension_mode":true,"campfire_upgraded":9,"win_rate":0,"timestamp":1527548952,"campfire_choices":[{"data":"Footwork","floor":6,"key":"SMITH"},{"data":"Deadly Poison","floor":8,"key":"SMITH"},{"data":"Neutralize","floor":10,"key":"SMITH"},{"data":"Blur","floor":13,"key":"SMITH"},{"data":"Prepared","floor":15,"key":"SMITH"},{"data":"Calculated Gamble","floor":23,"key":"SMITH"},{"data":"Acrobatics","floor":25,"key":"SMITH"},{"data":"Footwork","floor":29,"key":"SMITH"},{"data":"Noxious Fumes","floor":32,"key":"SMITH"}],"path_taken":["M","M","$","M","M","R","?","R","T","R","M","?","R","M","R","BOSS","M","?","?","?","M","R","M","R","T","$","M","R","?","M","R","BOSS","M","?","M","M"],"build_version":"2018-05-24","seed_source_timestamp":14452582190932,"purchased_purges":2,"victory":false,"master_deck":["Defend_G","Defend_G","Defend_G","Defend_G","Defend_G","Strike_G","Strike_G","Strike_G","Survivor","Neutralize+1","Malaise","Prepared+1","Deadly Poison+1","Footwork+1","Blur+1","Escape Plan","Quick Slash","Leg Sweep","Neutralize","Flying Knee","Dagger Throw","Acrobatics+1","Calculated Gamble+1","Escape Plan","Footwork+1","Noxious Fumes+1","Burst","Backflip","Madness","Madness"],"max_hp_per_floor":[70,70,70,70,70,70,70,70,70,70,70,70,70,70,70,70,70,70,70,70,70,70,70,70,70,70,70,70,70,70,70,70,70,70,70,70,70,70],"relics":["Ring of the Snake","Tough Bandages","Eternal Feather","The Specimen","Art of War","Bottled Tornado","Lizard Tail"],"card_choices":[{"not_picked":["Dagger Throw","Concentrate"],"picked":"Malaise","floor":0},{"not_picked":["Flechettes","Bane"],"picked":"Prepared","floor":1},{"not_picked":["Outmaneuver","Terror"],"picked":"Deadly Poison","floor":2},{"not_picked":["Cloak And Dagger","Quick Slash"],"picked":"Blur","floor":4},{"not_picked":["Bane","Backflip"],"picked":"Escape Plan","floor":5},{"not_picked":["Deadly Poison","PiercingWail"],"picked":"Quick Slash","floor":11},{"not_picked":["Slice","Phantasmal Killer"],"picked":"Flying Knee","floor":14},{"not_picked":["Concentrate","Malaise"],"picked":"Dagger Throw","floor":18},{"not_picked":["Quick Slash","Bouncing Flask"],"picked":"Acrobatics","floor":20},{"not_picked":["Caltrops","Expertise"],"picked":"Calculated Gamble","floor":22},{"not_picked":["Underhanded Strike","Bane","Dagger Throw"],"picked":"SKIP","floor":24},{"not_picked":["Sucker Punch","Dagger Spray"],"picked":"Footwork","floor":28},{"not_picked":["Calculated Gamble","Deadly Poison"],"picked":"Noxious Fumes","floor":31},{"not_picked":["Die Die Die","Storm of Steel"],"picked":"Burst","floor":33},{"not_picked":["Sucker Punch+1","Catalyst"],"picked":"Backflip","floor":35},{"not_picked":["Endless Agony","Deflect","Malaise+1"],"picked":"SKIP","floor":37}],"player_experience":441404,"potions_floor_usage":[5,5,24,28,31],"damage_taken":[{"damage":0,"enemies":"2 Louse","floor":1,"turns":3},{"damage":0,"enemies":"Small Slimes","floor":2,"turns":4},{"damage":0,"enemies":"Cultist","floor":4,"turns":5},{"damage":10,"enemies":"Lots of Slimes","floor":5,"turns":8},{"damage":2,"enemies":"Exordium Wildlife","floor":11,"turns":6},{"damage":0,"enemies":"Large Slime","floor":14,"turns":7},{"damage":1,"enemies":"Hexaghost","floor":16,"turns":13},{"damage":2,"enemies":"3 Byrds","floor":18,"turns":9},{"damage":16,"enemies":"Chosen","floor":20,"turns":7},{"damage":0,"enemies":"Snake Plant","floor":22,"turns":7},{"damage":17,"enemies":"Chosen and Byrds","floor":24,"turns":8},{"damage":0,"enemies":"Centurion and Healer","floor":28,"turns":9},{"damage":5,"enemies":"Sentry and Sphere","floor":31,"turns":10},{"damage":23,"enemies":"Collector","floor":33,"turns":10},{"damage":11,"enemies":"Orb Walker","floor":35,"turns":5},{"damage":36,"enemies":"3 Shapes","floor":37,"turns":6},{"damage":9,"enemies":"Sphere and 2 Shapes","floor":38,"turns":3}],"relics_obtained":[{"floor":9,"key":"Tough Bandages"},{"floor":26,"key":"The Specimen"},{"floor":30,"key":"Bottled Tornado"}],"event_choices":[{"event_name":"Golden Idol","player_choice":"Ignored","floor":7,"damage_taken":0},{"event_name":"Match and Keep!","player_choice":"2 cards matched","floor":12,"damage_taken":0},{"event_name":"Vampires","player_choice":"Ignored","floor":19,"damage_taken":0},{"event_name":"Winding Halls","player_choice":"Embrace Madness","floor":36,"damage_taken":0}],"boss_relics":[{"not_picked":["Tiny House","Runic Dome"],"picked":"Eternal Feather"},{"not_picked":["White Beast Statue","Cursed Key"],"picked":"Lizard Tail"}],"items_purged_floors":[3,21],"potions_floor_spawned":[1,4,20,22,28,33],"seed_played":"-5763277632346051476","killed_by":"Sphere and 2 Shapes","ascension_level":6,"potions_obtained":[{"floor":1,"key":"Ancient Potion"},{"floor":4,"key":"Weak Potion"},{"floor":20,"key":"Fire Potion"},{"floor":22,"key":"AttackPotion"},{"floor":28,"key":"GhostInAJar"},{"floor":33,"key":"PowerPotion"}],"is_trial":false}