{"gold_per_floor":[10,10,26,26,42,42,72,72,72,102,102,120,45,65,65,160,160,160,160,160,160,160,160,12,12,12,12,12,12,12,12,12,12,12,12,12,12],"floor_reached":37,"playtime":2379,"items_purged":["Pain","Decay"],"score":536,"play_id":"168bcdf5-d5ba-4e40-988c-b4d769d69a89","local_time":"20190928183955","is_ascension_mode":true,"campfire_choices":[{"data":"Coolheaded","floor":6,"key":"SMITH"},{"data":"Steam","floor":8,"key":"SMITH"},{"floor":15,"key":"REST"},{"floor":28,"key":"REST"},{"floor":30,"key":"REST"},{"floor":32,"key":"REST"}],"neow_cost":"NO_GOLD","seed_source_timestamp":118568352090000,"circlet_count":0,"master_deck":["Strike_B","Strike_B","Strike_B","Defend_B","Defend_B","Defend_B","Defend_B","Zap","Dualcast","Hyperbeam","Steam+1","White Noise","Coolheaded+1","Barrage+1","Compile Driver+1","FTL+1","Cold Snap+1","Gash+1","Echo Form","Rebound+1","Glacier","Ball Lightning+1","Sweeping Beam+1","Recycle","Reprogram+1","Cold Snap+1","Self Repair+1","Echo Form","Gash+1"],"relics":["Cracked Core","Molten Egg 2","Boot","Dream Catcher","WarpedTongs","Ectoplasm","Nilry\u0027s Codex","Shuriken","Ornamental Fan","Fusion Hammer"],"potions_floor_usage":[7,16,23,23,27,37],"damage_taken":[{"damage":2,"enemies":"Jaw Worm","floor":1,"turns":3},{"damage":0,"enemies":"Small Slimes","floor":3,"turns":1},{"damage":1,"enemies":"Cultist","floor":5,"turns":3},{"damage":36,"enemies":"Gremlin Nob","floor":7,"turns":5},{"damage":18,"enemies":"Lagavulin","floor":10,"turns":6},{"damage":5,"enemies":"Looter","floor":12,"turns":2},{"damage":0,"enemies":"Red Slaver","floor":14,"turns":2},{"damage":5,"enemies":"The Guardian","floor":16,"turns":9},{"damage":18,"enemies":"3 Byrds","floor":18,"turns":4},{"damage":0,"enemies":"Shell Parasite","floor":21,"turns":5},{"damage":22,"enemies":"Book of Stabbing","floor":23,"turns":5},{"damage":6,"enemies":"Snecko","floor":27,"turns":6},{"damage":13,"enemies":"Snake Plant","floor":31,"turns":4},{"damage":40,"enemies":"Collector","floor":33,"turns":7},{"damage":29,"enemies":"3 Shapes","floor":35,"turns":5},{"damage":0,"enemies":"Orb Walker","floor":36,"turns":2},{"damage":44,"enemies":"2 Orb Walkers","floor":37,"turns":3}],"seed_played":"8321905997778420544","potions_obtained":[{"floor":3,"key":"Swift Potion"},{"floor":5,"key":"Dexterity Potion"},{"floor":12,"key":"EssenceOfSteel"},{"floor":14,"key":"FearPotion"},{"floor":18,"key":"Weak Potion"},{"floor":27,"key":"AttackPotion"},{"floor":35,"key":"Ancient Potion"}],"is_trial":false,"path_per_floor":["M","?","M","?","M","R","E","R","T","E","?","M","$","M","R","B",null,"M","?","?","M","?","E","$","?","T","M","R","$","R","M","R","B",null,"M","M","?"],"character_chosen":"DEFECT","items_purchased":["Sweeping Beam+1"],"campfire_rested":4,"item_purchase_floors":[24],"current_hp_per_floor":[66,66,66,75,74,74,38,38,38,20,20,15,15,15,37,32,64,46,30,30,30,30,8,8,8,8,2,24,24,46,33,55,25,63,44,44,0],"gold":12,"neow_bonus":"THREE_RARE_CARDS","is_prod":false,"is_daily":false,"chose_seed":false,"campfire_upgraded":2,"win_rate":0,"timestamp":1569713995,"path_taken":["M","?","M","?","?","R","E","R","T","E","?","M","$","M","R","BOSS","M","?","?","M","?","E","$","?","T","?","R","?","R","M","R","BOSS","M","M","?"],"build_version":"2019-09-27","purchased_purges":2,"victory":false,"max_hp_per_floor":[75,75,75,75,75,75,75,75,75,75,75,75,75,75,75,75,75,75,75,75,75,75,75,75,75,75,75,75,75,75,75,75,75,75,75,75,75],"card_choices":[{"not_picked":["Reboot","Seek"],"picked":"Hyperbeam","floor":0},{"not_picked":["Leap","Double Energy"],"picked":"Steam","floor":1},{"not_picked":["Turbo","Skim"],"picked":"White Noise","floor":3},{"not_picked":["Gash","Turbo"],"picked":"Coolheaded","floor":5},{"not_picked":["Rebound","Fission"],"picked":"Barrage","floor":7},{"not_picked":["Hologram","Darkness"],"picked":"Compile Driver+1","floor":10},{"not_picked":["Coolheaded","Aggregate"],"picked":"FTL+1","floor":12},{"not_picked":["Rebound+1","Stack"],"picked":"Cold Snap+1","floor":14},{"not_picked":["Electrodynamics","Turbo"],"picked":"Gash+1","floor":15},{"not_picked":["Seek","Rainbow"],"picked":"Echo Form","floor":16},{"not_picked":["Steam","Undo"],"picked":"Rebound+1","floor":18},{"not_picked":["Leap","Coolheaded"],"picked":"Ball Lightning+1","floor":21},{"not_picked":["Storm","Ball Lightning+1","Redo"],"picked":"SKIP","floor":23},{"not_picked":["BootSequence","Aggregate+1"],"picked":"Recycle","floor":27},{"not_picked":["Scrape+1","Ball Lightning+1"],"picked":"Reprogram+1","floor":28},{"not_picked":["Steam Power","Electrodynamics"],"picked":"Cold Snap+1","floor":31},{"not_picked":["Rebound+1","Go for the Eyes+1"],"picked":"Self Repair+1","floor":32},{"not_picked":["Machine Learning","Fission"],"picked":"Echo Form","floor":33},{"not_picked":["Conserve Battery+1","Coolheaded+1","Streamline+1"],"picked":"SKIP","floor":35},{"not_picked":["Consume+1","Sweeping Beam+1"],"picked":"Gash+1","floor":36}],"player_experience":335470,"relics_obtained":[{"floor":7,"key":"Molten Egg 2"},{"floor":9,"key":"Boot"},{"floor":10,"key":"Dream Catcher"},{"floor":19,"key":"Nilry\u0027s Codex"},{"floor":23,"key":"Shuriken"},{"floor":26,"key":"Ornamental Fan"}],"event_choices":[{"cards_removed":["Strike_B"],"damage_healed":0,"gold_gain":0,"player_choice":"Forget","damage_taken":0,"max_hp_gain":0,"max_hp_loss":0,"event_name":"Living Wall","floor":2,"gold_loss":0},{"damage_healed":9,"gold_gain":0,"player_choice":"Full Heal","damage_taken":0,"max_hp_gain":0,"max_hp_loss":0,"event_name":"Wheel of Change","floor":4,"gold_loss":0},{"damage_healed":0,"gold_gain":0,"player_choice":"Rummage","damage_taken":0,"relics_obtained":["WarpedTongs"],"max_hp_gain":0,"max_hp_loss":0,"event_name":"Accursed Blacksmith","floor":11,"gold_loss":0,"cards_obtained":["Pain"]},{"damage_healed":0,"gold_gain":0,"player_choice":"Obtained Book","damage_taken":16,"max_hp_gain":0,"max_hp_loss":0,"event_name":"Cursed Tome","floor":19,"gold_loss":0},{"damage_healed":0,"gold_gain":0,"player_choice":"Read","damage_taken":0,"max_hp_gain":0,"max_hp_loss":0,"event_name":"The Library","floor":20,"gold_loss":0,"cards_obtained":["Glacier"]},{"damage_healed":0,"gold_gain":0,"player_choice":"Smashed Altar","damage_taken":0,"max_hp_gain":0,"max_hp_loss":0,"event_name":"Forgotten Altar","floor":22,"gold_loss":0,"cards_obtained":["Decay"]},{"damage_healed":0,"gold_gain":0,"player_choice":"Ignored","damage_taken":0,"max_hp_gain":0,"max_hp_loss":0,"event_name":"Vampires","floor":25,"gold_loss":0},{"damage_healed":0,"gold_gain":0,"player_choice":"Fight","damage_taken":0,"max_hp_gain":0,"max_hp_loss":0,"event_name":"Mysterious Sphere","floor":37,"gold_loss":0}],"is_beta":true,"boss_relics":[{"not_picked":["Pandora\u0027s Box","FrozenCore"],"picked":"Ectoplasm"},{"not_picked":["Nuclear Battery","Coffee Dripper"],"picked":"Fusion Hammer"}],"items_purged_floors":[13,24],"is_endless":false,"potions_floor_spawned":[3,5,12,14,18,27,35],"killed_by":"2 Orb Walkers","ascension_level":7}