{"path_per_floor":["M","M","M","M","M","R","$","E","T","R","$","M","M","M","R","B",null,"M","?","M","?","M","R","?","M","T"],"character_chosen":"THE_SILENT","items_purchased":["Well Laid Plans"],"gold_per_floor":[110,128,142,153,163,163,54,114,114,114,14,28,16,26,26,126,126,140,140,106,106,121,121,121,137,137,137],"floor_reached":27,"campfire_rested":0,"playtime":1865,"item_purchase_floors":[7],"current_hp_per_floor":[63,63,63,63,62,62,62,46,46,46,46,45,45,35,35,43,63,58,58,40,40,40,40,26,15,15,0],"items_purged":["Strike_G","Strike_G"],"gold":137,"score":285,"play_id":"a257a6c0-607d-4388-86ab-641bfc53a153","local_time":"20180528132656","is_prod":false,"is_daily":false,"chose_seed":false,"is_ascension_mode":true,"campfire_upgraded":4,"win_rate":0,"timestamp":1527539216,"campfire_choices":[{"data":"Noxious Fumes","floor":6,"key":"SMITH"},{"data":"Footwork","floor":10,"key":"SMITH"},{"data":"Well Laid Plans","floor":15,"key":"SMITH"},{"data":"Tactician","floor":23,"key":"SMITH"}],"path_taken":["M","M","M","M","M","R","$","E","T","R","$","M","M","?","R","BOSS","M","?","?","?","?","R","?","?","T","M"],"build_version":"2018-05-24","seed_source_timestamp":5793328553313,"purchased_purges":2,"victory":false,"master_deck":["Defend_G+1","Defend_G+1","Defend_G+1","Defend_G+1","Defend_G+1","Strike_G+1","Strike_G+1","Strike_G+1","Survivor","Neutralize","Noxious Fumes+1","Footwork+1","Catalyst","Flying Knee","Well Laid Plans+1","Footwork","Escape Plan","Tools of the Trade","Dodge and Roll","Deadly Poison","Tactician+1","Outmaneuver","Flash of Steel"],"max_hp_per_floor":[70,70,70,70,70,70,70,70,70,70,70,70,70,70,70,70,70,70,70,70,70,70,70,70,70,70,70],"relics":["Ring of the Snake","Tiny Chest","Pantograph","Orrery","Nloth\u0027s Gift","Juzu Bracelet"],"card_choices":[{"not_picked":["Skewer","Dodge and Roll","Sucker Punch"],"picked":"SKIP","floor":1},{"not_picked":["Backflip","Backstab"],"picked":"Noxious Fumes","floor":2},{"not_picked":["Deadly Poison","Deflect"],"picked":"Footwork","floor":3},{"not_picked":["Infinite Blades","Calculated Gamble"],"picked":"Catalyst","floor":4},{"not_picked":["Deflect","Acrobatics"],"picked":"Flying Knee","floor":5},{"not_picked":["Acrobatics","Terror"],"picked":"Footwork","floor":8},{"not_picked":["Acrobatics","Prepared"],"picked":"Escape Plan","floor":12},{"not_picked":["Slice","Prepared","Poisoned Stab"],"picked":"SKIP","floor":13},{"not_picked":["Expertise","Underhanded Strike","All Out Attack"],"picked":"SKIP","floor":14},{"not_picked":["Grand Finale","Doppelganger"],"picked":"Tools of the Trade","floor":16},{"not_picked":["Deflect","Catalyst"],"picked":"Dodge and Roll","floor":17},{"not_picked":["Bane","Dagger Throw"],"picked":"Deadly Poison","floor":17},{"not_picked":["Distraction","Dodge and Roll","Expertise"],"picked":"SKIP","floor":18},{"not_picked":["Dagger Throw","Acrobatics+1"],"picked":"Tactician","floor":20},{"not_picked":["Reflex","Leg Sweep+1"],"picked":"Outmaneuver","floor":22},{"not_picked":["Dagger Spray","Cloak And Dagger","Dagger Throw"],"picked":"SKIP","floor":25}],"player_experience":432903,"potions_floor_usage":[5,8,13,14],"damage_taken":[{"damage":0,"enemies":"Cultist","floor":1,"turns":1},{"damage":0,"enemies":"Jaw Worm","floor":2,"turns":1},{"damage":0,"enemies":"Small Slimes","floor":3,"turns":1},{"damage":0,"enemies":"Blue Slaver","floor":4,"turns":6},{"damage":1,"enemies":"Gremlin Gang","floor":5,"turns":7},{"damage":16,"enemies":"Lagavulin","floor":8,"turns":6},{"damage":1,"enemies":"Looter","floor":12,"turns":4},{"damage":0,"enemies":"Exordium Thugs","floor":13,"turns":5},{"damage":10,"enemies":"3 Louse","floor":14,"turns":5},{"damage":17,"enemies":"Hexaghost","floor":16,"turns":12},{"damage":5,"enemies":"3 Byrds","floor":18,"turns":6},{"damage":18,"enemies":"2 Thieves","floor":20,"turns":5},{"damage":0,"enemies":"Snake Plant","floor":22,"turns":6},{"damage":11,"enemies":"Centurion and Healer","floor":25,"turns":9},{"damage":31,"enemies":"Cultist and Chosen","floor":27,"turns":4}],"relics_obtained":[{"floor":8,"key":"Tiny Chest"},{"floor":9,"key":"Pantograph"},{"floor":26,"key":"Juzu Bracelet"}],"event_choices":[{"event_name":"Back to Basics","player_choice":"Simplicity","floor":19,"damage_taken":0},{"event_name":"N\u0027loth","player_choice":"Traded a NeowsBlessing","floor":21,"damage_taken":0},{"event_name":"Knowing Skull","player_choice":"CARD ","floor":24,"damage_taken":0}],"boss_relics":[{"not_picked":["Philosopher\u0027s Stone","Runic Pyramid"],"picked":"Orrery"}],"items_purged_floors":[7,11],"potions_floor_spawned":[1,4,8,12,25],"seed_played":"4691397426481343327","killed_by":"Cultist and Chosen","ascension_level":6,"potions_obtained":[{"floor":1,"key":"Poison Potion"},{"floor":4,"key":"FearPotion"},{"floor":8,"key":"GamblersBrew"},{"floor":12,"key":"EssenceOfSteel"},{"floor":25,"key":"Ancient Potion"}],"is_trial":false}