{"gold_per_floor":[109,34,34,34,47,78,78,78,78,78,78,78,106,117,117,212,212,230,230,78,94,94,94,126,1,46,46,46],"floor_reached":28,"playtime":965,"items_purged":["Defend_G","Strike_G","Strike_G"],"score":278,"play_id":"e8663760-3dcc-41e8-93db-6dc79dc16584","local_time":"20190624082828","is_ascension_mode":true,"campfire_choices":[{"floor":8,"key":"RECALL"},{"data":"Deadly Poison","floor":12,"key":"SMITH"},{"data":"Poisoned Stab","floor":15,"key":"SMITH"},{"data":"Deadly Poison","floor":23,"key":"SMITH"}],"neow_cost":"NONE","seed_source_timestamp":972016906770768,"circlet_count":0,"master_deck":["Defend_G+1","Defend_G","Defend_G","Strike_G","Strike_G","Strike_G","Survivor","Neutralize","Deadly Poison+1","Poisoned Stab+1","Prepared+1","Deadly Poison+1","Deadly Poison+1","Noxious Fumes+1"],"relics":["Ring of the Snake","NeowsBlessing","WarpedTongs","Snake Skull","Gambling Chip","Sundial","Orrery","Orichalcum","War Paint","Bronze Scales"],"potions_floor_usage":[24,24],"damage_taken":[{"damage":0,"enemies":"Small Slimes","floor":1,"turns":1},{"damage":0,"enemies":"Jaw Worm","floor":5,"turns":1},{"damage":0,"enemies":"3 Sentries","floor":6,"turns":1},{"damage":18,"enemies":"Gremlin Nob","floor":13,"turns":3},{"damage":0,"enemies":"Cultist","floor":14,"turns":2},{"damage":25,"enemies":"Hexaghost","floor":16,"turns":8},{"damage":18,"enemies":"Shell Parasite","floor":18,"turns":6},{"damage":23,"enemies":"3 Byrds","floor":21,"turns":4},{"damage":17,"enemies":"Gremlin Leader","floor":24,"turns":4},{"damage":19,"enemies":"Slavers","floor":28,"turns":1}],"seed_played":"-4400086889731364795","potions_obtained":[{"floor":1,"key":"GhostInAJar"},{"floor":6,"key":"FearPotion"},{"floor":14,"key":"Explosive Potion"}],"is_trial":false,"path_per_floor":["M","$","?","?","M","E","?","R","T","?","$","R","E","M","R","B",null,"M","?","$","M","?","R","E","$","T","$","E"],"character_chosen":"THE_SILENT","items_purchased":["Deadly Poison"],"campfire_rested":0,"item_purchase_floors":[20],"current_hp_per_floor":[70,70,70,70,70,70,58,58,58,58,58,58,40,40,40,15,70,52,52,52,29,29,29,12,12,12,12,0],"gold":46,"neow_bonus":"THREE_ENEMY_KILL","is_prod":false,"is_daily":false,"chose_seed":false,"campfire_upgraded":3,"win_rate":0,"timestamp":1561379308,"path_taken":["M","$","?","?","?","E","?","R","T","?","$","R","E","M","R","BOSS","M","?","$","?","?","R","E","?","T","$","E"],"build_version":"2019-01-23","purchased_purges":3,"victory":false,"max_hp_per_floor":[70,70,70,70,70,70,70,70,70,70,70,70,70,70,70,70,70,70,70,70,70,70,70,70,70,70,70,70],"card_choices":[{"not_picked":["Finisher","Underhanded Strike","PiercingWail"],"picked":"SKIP","floor":1},{"not_picked":["Deflect","Underhanded Strike"],"picked":"Deadly Poison","floor":5},{"not_picked":["Masterful Stab","Bane"],"picked":"Poisoned Stab","floor":6},{"not_picked":["Dodge and Roll","Doppelganger","Dagger Spray"],"picked":"SKIP","floor":13},{"not_picked":["Flying Knee","Bane","Calculated Gamble"],"picked":"SKIP","floor":14},{"not_picked":["Sucker Punch","Dash"],"picked":"Prepared","floor":17},{"not_picked":["Choke","Flying Knee","Acrobatics"],"picked":"SKIP","floor":18},{"not_picked":["Poisoned Stab","All Out Attack"],"picked":"Deadly Poison+1","floor":21},{"not_picked":["Underhanded Strike+1","Venomology"],"picked":"Noxious Fumes+1","floor":24}],"player_experience":196257,"relics_obtained":[{"floor":6,"key":"Snake Skull"},{"floor":13,"key":"Sundial"},{"floor":24,"key":"War Paint"},{"floor":26,"key":"Bronze Scales"}],"event_choices":[{"damage_healed":0,"gold_gain":0,"player_choice":"Leave","damage_taken":0,"max_hp_gain":0,"max_hp_loss":0,"event_name":"The Cleric","floor":3,"gold_loss":0},{"damage_healed":0,"gold_gain":0,"player_choice":"Rummage","damage_taken":0,"relics_obtained":["WarpedTongs"],"max_hp_gain":0,"max_hp_loss":0,"event_name":"Accursed Blacksmith","floor":4,"gold_loss":0,"cards_obtained":["Pain"]},{"damage_healed":0,"gold_gain":0,"player_choice":"Success","damage_taken":12,"relics_obtained":["Gambling Chip"],"max_hp_gain":0,"max_hp_loss":0,"event_name":"Scrap Ooze","floor":7,"gold_loss":0},{"cards_removed":["Defend_G"],"damage_healed":0,"gold_gain":0,"player_choice":"Forget","damage_taken":0,"max_hp_gain":0,"max_hp_loss":0,"event_name":"Living Wall","floor":10,"gold_loss":0},{"cards_removed":["Pain"],"damage_healed":0,"gold_gain":0,"player_choice":"Removed Curses","damage_taken":0,"max_hp_gain":0,"max_hp_loss":0,"event_name":"Fountain of Cleansing","floor":19,"gold_loss":0},{"damage_healed":0,"gold_gain":0,"player_choice":"Opened","damage_taken":0,"relics_obtained":["Orichalcum"],"max_hp_gain":0,"max_hp_loss":0,"event_name":"The Mausoleum","floor":22,"gold_loss":0}],"is_beta":false,"boss_relics":[{"not_picked":["Runic Pyramid","Philosopher\u0027s Stone"],"picked":"Orrery"}],"items_purged_floors":[2,20,25],"is_endless":false,"potions_floor_spawned":[1,6,14,18],"killed_by":"Slavers","ascension_level":1}