{"gold_per_floor":[110,34,52,66,77,105,115,115,115,42,66,96,96,131,131,131],"floor_reached":16,"playtime":2040,"items_purged":[],"score":120,"play_id":"119d32c6-d851-4451-b3e6-9602955d6599","local_time":"20190921124147","is_ascension_mode":false,"campfire_choices":[{"data":"Zap","floor":8.0,"key":"SMITH"},{"data":"Capacitor","floor":13.0,"key":"SMITH"},{"floor":15,"key":"REST"}],"neow_cost":"NONE","seed_source_timestamp":0,"circlet_count":0,"master_deck":["Strike_B","Strike_B+1","Strike_B","Strike_B+1","Defend_B","Defend_B","Defend_B","Defend_B","Zap+1","Dualcast","Double Energy","Self Repair","Coolheaded","Conserve Battery","Sweeping Beam","BootSequence","Leap","Capacitor+1","Darkness","Ball Lightning"],"special_seed":0,"relics":["Cracked Core","NeowsBlessing","Gremlin Horn","Whetstone","Bronze Scales","PreservedInsect","Toxic Egg 2"],"potions_floor_usage":[16],"damage_taken":[{"damage":0.0,"enemies":"Cultist","floor":1.0,"turns":1.0},{"damage":0.0,"enemies":"Small Slimes","floor":3.0,"turns":1.0},{"damage":0.0,"enemies":"2 Louse","floor":4.0,"turns":1.0},{"damage":1.0,"enemies":"Exordium Thugs","floor":5.0,"turns":6.0},{"damage":30.0,"enemies":"3 Sentries","floor":6.0,"turns":11.0},{"damage":0.0,"enemies":"Looter","floor":7.0,"turns":4.0},{"damage":9.0,"enemies":"Lagavulin","floor":12.0,"turns":8.0},{"damage":28.0,"enemies":"Gremlin Nob","floor":14.0,"turns":4.0},{"damage":61,"enemies":"Slime Boss","floor":16,"turns":9}],"seed_played":"-942113738519486885","potions_obtained":[{"floor":3.0,"key":"Explosive Potion"},{"floor":6.0,"key":"EssenceOfSteel"}],"is_trial":false,"path_per_floor":["M","$","M","M","M","E","M","R","T","$","T","E","R","E","R","B"],"character_chosen":"DEFECT","items_purchased":["Self Repair","Capacitor"],"campfire_rested":1,"item_purchase_floors":[2,10],"current_hp_per_floor":[75,75,75,75,75,52,59,59,59,59,59,57,57,36,58,0],"gold":131,"neow_bonus":"THREE_ENEMY_KILL","is_prod":false,"is_daily":false,"chose_seed":false,"campfire_upgraded":2,"win_rate":0.0,"timestamp":1569094907,"path_taken":["M","$","M","M","M","E","M","R","T","$","?","E","R","E","R","BOSS"],"build_version":"2019-09-20","purchased_purges":0,"victory":false,"max_hp_per_floor":[75,75,75,75,75,75,75,75,75,75,75,75,75,75,75,75],"card_choices":[{"not_picked":["Stack","Barrage"],"picked":"Double Energy","floor":1.0},{"not_picked":["Go for the Eyes","Static Discharge"],"picked":"Coolheaded","floor":3.0},{"not_picked":["White Noise","Ball Lightning"],"picked":"Conserve Battery","floor":4.0},{"not_picked":["Steam","Gash"],"picked":"Sweeping Beam","floor":5.0},{"not_picked":["Hello World","Heatsinks"],"picked":"BootSequence","floor":6.0},{"not_picked":["Heatsinks","Lockon"],"picked":"Leap","floor":7.0},{"not_picked":["Go for the Eyes","Sweeping Beam"],"picked":"Darkness","floor":12.0},{"not_picked":["Streamline","Redo"],"picked":"Ball Lightning","floor":14}],"player_experience":2286,"relics_obtained":[{"floor":6.0,"key":"Gremlin Horn"},{"floor":9.0,"key":"Whetstone"},{"floor":11.0,"key":"Bronze Scales"},{"floor":12.0,"key":"PreservedInsect"},{"floor":14,"key":"Toxic Egg 2"}],"event_choices":[],"is_beta":true,"boss_relics":[],"items_purged_floors":[],"is_endless":false,"potions_floor_spawned":[3,6],"killed_by":"Slime Boss","ascension_level":0}