{"path_per_floor":["M","M","$","M","M","R","?","M","T","R","?","R","?","M","R","B",null,"M","T","$","M"],"character_chosen":"THE_SILENT","items_purchased":["Noxious Fumes","Outmaneuver","Acrobatics","Outmaneuver"],"gold_per_floor":[117,137,15,27,47,47,140,155,155,155,155,155,155,167,167,269,269,286,286,140,157,157],"floor_reached":22,"campfire_rested":0,"playtime":1462,"item_purchase_floors":[3,3,20,20],"current_hp_per_floor":[63,63,63,63,56,56,49,49,49,49,49,49,49,49,49,17,57,16,16,16,5,0],"items_purged":["Strike_G"],"gold":157,"score":229,"play_id":"dac8fe0a-46b9-4536-9ff5-fcc6f214aef8","local_time":"20180528163343","is_prod":false,"is_daily":false,"chose_seed":false,"is_ascension_mode":true,"campfire_upgraded":4,"win_rate":0,"timestamp":1527550423,"campfire_choices":[{"data":"Noxious Fumes","floor":6,"key":"SMITH"},{"data":"Well Laid Plans","floor":10,"key":"SMITH"},{"data":"Outmaneuver","floor":12,"key":"SMITH"},{"data":"Acrobatics","floor":15,"key":"SMITH"}],"path_taken":["M","M","$","M","M","R","?","M","T","R","?","R","?","M","R","BOSS","M","?","$","?","M"],"build_version":"2018-05-24","seed_source_timestamp":17402974218913,"purchased_purges":1,"victory":false,"master_deck":["Defend_G","Defend_G","Defend_G","Defend_G","Defend_G","Strike_G","Strike_G","Strike_G","Strike_G","Survivor","Neutralize","Dagger Throw","Acrobatics+1","Noxious Fumes+1","Outmaneuver+1","Well Laid Plans+1","Blade Dance","Deflect","Prepared+1","Acrobatics","Outmaneuver","Backflip"],"max_hp_per_floor":[70,70,70,70,70,70,70,70,70,70,70,70,70,70,70,70,70,70,70,70,70,70],"relics":["Ring of the Snake","NeowsBlessing","Tiny Chest","Anchor","White Beast Statue","Boot"],"card_choices":[{"not_picked":["Blade Dance","All Out Attack"],"picked":"Dagger Throw","floor":1},{"not_picked":["Expertise","Dash"],"picked":"Acrobatics","floor":2},{"not_picked":["Dagger Throw","Poisoned Stab"],"picked":"Well Laid Plans","floor":4},{"not_picked":["Skewer","Dagger Throw","Distraction"],"picked":"SKIP","floor":5},{"not_picked":["Quick Slash","Cloak And Dagger","Underhanded Strike"],"picked":"SKIP","floor":8},{"not_picked":["Corpse Explosion","Well Laid Plans"],"picked":"Deflect","floor":14},{"not_picked":["Eviscerate","Quick Slash"],"picked":"Prepared+1","floor":18},{"not_picked":["Outmaneuver","Quick Slash+1"],"picked":"Backflip","floor":21}],"player_experience":444343,"potions_floor_usage":[7,16,18,21,22],"damage_taken":[{"damage":0,"enemies":"Small Slimes","floor":1,"turns":1},{"damage":0,"enemies":"Jaw Worm","floor":2,"turns":1},{"damage":0,"enemies":"Cultist","floor":4,"turns":1},{"damage":7,"enemies":"2 Fungi Beasts","floor":5,"turns":5},{"damage":7,"enemies":"3 Sentries","floor":7,"turns":8},{"damage":0,"enemies":"Large Slime","floor":8,"turns":5},{"damage":0,"enemies":"Exordium Wildlife","floor":14,"turns":3},{"damage":32,"enemies":"The Guardian","floor":16,"turns":11},{"damage":41,"enemies":"Chosen","floor":18,"turns":8},{"damage":11,"enemies":"3 Byrds","floor":21,"turns":4},{"damage":6,"enemies":"Snake Plant","floor":22,"turns":4}],"relics_obtained":[{"floor":7,"key":"Tiny Chest"},{"floor":9,"key":"Anchor"},{"floor":19,"key":"Boot"}],"event_choices":[{"event_name":"Dead Adventurer","player_choice":"Searched \u00271\u0027 times","floor":7,"damage_taken":0},{"event_name":"Match and Keep!","player_choice":"1 cards matched","floor":11,"damage_taken":0},{"event_name":"Liars Game","player_choice":"disagreed","floor":13,"damage_taken":0}],"boss_relics":[{"not_picked":["Astrolabe","Velvet Choker"],"picked":"White Beast Statue"}],"items_purged_floors":[20],"potions_floor_spawned":[1,5,8,14,18,21],"seed_played":"-693460802053157919","killed_by":"Snake Plant","ascension_level":6,"potions_obtained":[{"floor":1,"key":"Poison Potion"},{"floor":5,"key":"SkillPotion"},{"floor":8,"key":"Energy Potion"},{"floor":14,"key":"EssenceOfSteel"},{"floor":18,"key":"Ancient Potion"},{"floor":21,"key":"Swift Potion"}],"is_trial":false}