{"path_per_floor":["M","?","?","$","M","R","M","M","T","M","?","E","R","M","R","B",null,"M","$","?","?","$","R","M","?","T","R","M","M","M","M","R","B",null,"M","M","$","M","M","R","$","M","T","R","$","M","M","M","R","B"],"character_chosen":"THE_SILENT","items_purchased":["Cloak And Dagger","Dagger Spray","Poisoned Stab","Backflip","Flying Knee","Snake Skull","Catalyst"],"gold_per_floor":[114,189,189,15,35,35,49,59,59,69,19,44,44,57,57,160,190,200,31,31,31,7,7,19,19,95,95,110,125,141,156,156,255,255,268,283,5,25,36,36,36,46,72,72,0,11,25,38,38,38],"floor_reached":51,"campfire_rested":2,"playtime":5985,"current_hp_per_floor":[70,59,52,52,52,52,52,40,40,40,40,20,41,41,41,38,75,75,75,75,75,75,75,69,69,69,69,55,48,45,45,45,17,75,75,73,73,67,25,25,25,25,25,25,25,24,20,20,42,44],"items_purged":["Strike_G","Strike_G","Defend_G"],"gold":38,"score":630,"play_id":"9fca8ee2-0964-4384-8e74-5a515e9c055c","local_time":"20180515210030","is_prod":false,"is_daily":false,"chose_seed":false,"is_ascension_mode":false,"campfire_upgraded":7,"timestamp":1526443230,"path_taken":["M","?","?","$","?","R","M","M","T","M","?","E","R","M","R","BOSS","M","$","?","?","$","R","M","?","T","R","M","M","M","M","R","BOSS","M","M","$","M","M","R","?","M","T","R","$","?","M","M","R","BOSS"],"build_version":"2018-05-10","seed_source_timestamp":6403331116782,"purchased_purges":3,"victory":true,"master_deck":["Defend_G","Defend_G","Defend_G+1","Defend_G","Survivor","Neutralize+1","Backflip+1","Cloak And Dagger+1","Dagger Spray","Bouncing Flask+1","Envenom+1","Deflect+1","After Image","Dodge and Roll","Poisoned Stab","Backflip+1","Flying Knee","Glass Knife","Die Die Die","Predator+1","Escape Plan+1","Catalyst","Deadly Poison","Leg Sweep"],"max_hp_per_floor":[70,70,70,70,70,70,70,70,70,70,70,70,70,70,70,70,75,75,75,75,75,75,75,75,75,75,75,75,75,75,75,75,75,75,75,75,75,75,75,75,75,75,75,75,75,75,75,75,75,75],"relics":["Ring of the Snake","Bag of Marbles","Kunai","Nloth\u0027s Gift","Mummified Hand","Velvet Choker","Snake Skull","Happy Flower"],"card_choices":[{"not_picked":["Deadly Poison","Quick Slash"],"picked":"Backflip","floor":1},{"not_picked":["Malaise","Calculated Gamble"],"picked":"Bouncing Flask","floor":5},{"not_picked":["Catalyst","Dagger Throw"],"picked":"Envenom","floor":7},{"not_picked":["Slice","Dagger Throw"],"picked":"Deflect","floor":12},{"not_picked":["A Thousand Cuts","Unload"],"picked":"After Image","floor":16},{"not_picked":["Masterful Stab","Caltrops"],"picked":"Dodge and Roll","floor":18},{"not_picked":["PiercingWail","Bouncing Flask"],"picked":"Glass Knife","floor":28},{"not_picked":["Venomology","Unload"],"picked":"Die Die Die","floor":33},{"not_picked":["Slice","Quick Slash"],"picked":"Predator","floor":35},{"not_picked":["Quick Slash","Underhanded Strike"],"picked":"Escape Plan","floor":36},{"not_picked":["Masterful Stab","Storm of Steel"],"picked":"Deadly Poison","floor":46},{"not_picked":["Outmaneuver","PiercingWail"],"picked":"Leg Sweep","floor":48}],"player_experience":168874,"potions_floor_usage":[12,33,33,33,50,50,50],"damage_taken":[{"damage":0,"enemies":"Jaw Worm","floor":1,"turns":5},{"damage":0,"enemies":"2 Louse","floor":5,"turns":3},{"damage":0,"enemies":"Small Slimes","floor":7,"turns":3},{"damage":12,"enemies":"3 Louse","floor":8,"turns":2},{"damage":0,"enemies":"Blue Slaver","floor":10,"turns":5},{"damage":20,"enemies":"Gremlin Nob","floor":12,"turns":5},{"damage":0,"enemies":"Red Slaver","floor":14,"turns":4},{"damage":3,"enemies":"Hexaghost","floor":16,"turns":9},{"damage":0,"enemies":"Shell Parasite","floor":18,"turns":11},{"damage":6,"enemies":"3 Byrds","floor":24,"turns":5},{"damage":14,"enemies":"Centurion and Healer","floor":28,"turns":12},{"damage":7,"enemies":"3 Cultists","floor":29,"turns":5},{"damage":3,"enemies":"Snake Plant","floor":30,"turns":4},{"damage":0,"enemies":"Centurion and Healer","floor":31,"turns":8},{"damage":28,"enemies":"Collector","floor":33,"turns":10},{"damage":0,"enemies":"3 Darklings","floor":35,"turns":5},{"damage":2,"enemies":"3 Shapes","floor":36,"turns":4},{"damage":6,"enemies":"3 Darklings","floor":38,"turns":5},{"damage":42,"enemies":"Sphere and 2 Shapes","floor":39,"turns":5},{"damage":0,"enemies":"Maw","floor":42,"turns":6},{"damage":1,"enemies":"3 Darklings","floor":46,"turns":4},{"damage":4,"enemies":"Sphere and 2 Shapes","floor":47,"turns":5},{"damage":0,"enemies":"Maw","floor":48,"turns":6},{"damage":13,"enemies":"Awakened One","floor":50,"turns":14}],"event_choices":[{"event_name":"World of Goop","player_choice":"Gather Gold","floor":2,"damage_taken":0},{"event_name":"Golden Wing","player_choice":"Card Removal","floor":3,"damage_taken":0},{"event_name":"The Cleric","player_choice":"Card Removal","floor":11,"damage_taken":0},{"event_name":"Vampires","player_choice":"Ignored","floor":20,"damage_taken":0},{"event_name":"N\u0027loth","player_choice":"Traded a Tiny House","floor":21,"damage_taken":0},{"event_name":"Upgrade Shrine","player_choice":"Upgraded","floor":25,"damage_taken":0}],"boss_relics":[{"not_picked":["Philosopher\u0027s Stone","Black Star"],"picked":"Tiny House"},{"not_picked":["Sozu","Snecko Eye"],"picked":"Velvet Choker"}],"potions_floor_spawned":[8,10,14,18,29,31,33,39,42,46,47],"seed_played":"5325169680174651053","ascension_level":0,"is_trial":false}