{"gold_per_floor":[115,134,134,8,18,46,65,65,112,112,132,132,160,160,160,256,256,272,289,289,388,69,69,84,84,84,99,99],"floor_reached":28,"playtime":5629,"items_purged":[],"score":285,"play_id":"c3ee59b8-8a3c-45b2-9b9e-d0167d67ceb2","local_time":"20190906195604","is_ascension_mode":true,"campfire_choices":[{"floor":8.0,"key":"REST"},{"data":"Noxious Fumes","floor":10.0,"key":"SMITH"},{"data":"PiercingWail","floor":12.0,"key":"SMITH"},{"floor":15.0,"key":"REST"},{"floor":23.0,"key":"REST"},{"floor":25.0,"key":"REST"}],"neow_cost":"NONE","seed_source_timestamp":365637187855994,"circlet_count":0,"master_deck":["Strike_G","Strike_G","Strike_G","Strike_G","Strike_G","Defend_G","Defend_G","Defend_G","Defend_G","Defend_G","Survivor","Neutralize","Caltrops","Caltrops","Neutralize","Poisoned Stab","Choke","Blade Dance","Noxious Fumes+1","Noxious Fumes","Backflip","PiercingWail+1","A Thousand Cuts","Outmaneuver","A Thousand Cuts","Poisoned Stab","Footwork","Caltrops","Sucker Punch","Dodge and Roll","Cloak And Dagger","Noxious Fumes+1","Footwork"],"special_seed":0,"relics":["Ring of the Snake","Mercury Hourglass","Dream Catcher","Ancient Tea Set","Singing Bowl","Bronze Scales","Ornamental Fan"],"potions_floor_usage":[],"damage_taken":[{"damage":11.0,"enemies":"Jaw Worm","floor":1.0,"turns":7.0},{"damage":0.0,"enemies":"Cultist","floor":2.0,"turns":4.0},{"damage":2.0,"enemies":"Small Slimes","floor":5.0,"turns":5.0},{"damage":6.0,"enemies":"Gremlin Nob","floor":6.0,"turns":3.0},{"damage":7.0,"enemies":"3 Louse","floor":7.0,"turns":2.0},{"damage":0.0,"enemies":"Large Slime","floor":11.0,"turns":5.0},{"damage":22.0,"enemies":"Lagavulin","floor":13.0,"turns":6.0},{"damage":26.0,"enemies":"Hexaghost","floor":16.0,"turns":7.0},{"damage":17.0,"enemies":"Chosen","floor":18.0,"turns":7.0},{"damage":35.0,"enemies":"2 Thieves","floor":19.0,"turns":4.0},{"damage":21.0,"enemies":"Snake Plant","floor":24.0,"turns":5.0},{"damage":25,"enemies":"Centurion and Healer","floor":27,"turns":6},{"damage":28,"enemies":"Snecko","floor":28,"turns":3}],"seed_played":"-6318773961096585525","potions_obtained":[{"floor":1.0,"key":"Explosive Potion"},{"floor":2.0,"key":"Fire Potion"},{"floor":5.0,"key":"SteroidPotion"},{"floor":11.0,"key":"Strength Potion"},{"floor":18.0,"key":"EssenceOfSteel"},{"floor":19.0,"key":"Fire Potion"},{"floor":27,"key":"SpeedPotion"}],"is_trial":false,"path_per_floor":["M","M","?","$","M","E","M","R","T","R","M","R","E","?","R","B",null,"M","M","?","?","$","R","M","R","T","M","M"],"character_chosen":"THE_SILENT","items_purchased":["Choke","Blade Dance","Caltrops","Bronze Scales","Sucker Punch","Dodge and Roll"],"campfire_rested":4,"item_purchase_floors":[4,4,22,22,22,22],"current_hp_per_floor":[66,66,66,66,64,58,51,74,74,74,74,74,52,45,68,42,68,51,16,16,16,16,39,18,41,41,18,0],"gold":99,"neow_bonus":"TEN_PERCENT_HP_BONUS","is_prod":false,"is_daily":false,"chose_seed":false,"campfire_upgraded":2,"win_rate":0,"timestamp":1567824964,"path_taken":["M","M","?","?","M","E","M","R","T","R","M","R","E","?","R","BOSS","M","M","?","?","$","R","M","R","T","M","M"],"build_version":"2019-07-17","purchased_purges":0,"victory":false,"max_hp_per_floor":[77,77,77,77,77,77,77,77,77,77,77,77,77,77,77,77,77,77,77,77,77,77,77,77,77,77,79,79],"card_choices":[{"not_picked":["Bane","Tactician"],"picked":"Caltrops","floor":1.0},{"not_picked":["Terror","PiercingWail"],"picked":"Caltrops","floor":2.0},{"not_picked":["Acrobatics","Backstab"],"picked":"Noxious Fumes","floor":5.0},{"not_picked":["Predator","Backflip"],"picked":"Noxious Fumes","floor":6.0},{"not_picked":["Backstab","Dagger Throw"],"picked":"Backflip","floor":7.0},{"not_picked":["Flechettes","All Out Attack"],"picked":"PiercingWail","floor":11.0},{"not_picked":["Malaise","Endless Agony"],"picked":"A Thousand Cuts","floor":13.0},{"not_picked":["Deflect","Dagger Spray"],"picked":"Outmaneuver","floor":15.0},{"not_picked":["Malaise","Venomology"],"picked":"A Thousand Cuts","floor":16.0},{"not_picked":["Outmaneuver","Underhanded Strike"],"picked":"Poisoned Stab","floor":18.0},{"not_picked":["Caltrops","Dagger Throw"],"picked":"Footwork","floor":19.0},{"not_picked":["Finisher","PiercingWail"],"picked":"Cloak And Dagger","floor":23.0},{"not_picked":["Flying Knee+1","Deadly Poison"],"picked":"Noxious Fumes+1","floor":24.0},{"not_picked":["Terror","Underhanded Strike"],"picked":"Footwork","floor":25.0},{"not_picked":["Blade Dance","Sucker Punch","Outmaneuver"],"picked":"Singing Bowl","floor":27}],"player_experience":3123479,"relics_obtained":[{"floor":6.0,"key":"Mercury Hourglass"},{"floor":9.0,"key":"Dream Catcher"},{"floor":13.0,"key":"Ancient Tea Set"},{"floor":26.0,"key":"Ornamental Fan"}],"event_choices":[{"damage_healed":0.0,"max_hp_gain":0.0,"max_hp_loss":0.0,"gold_gain":0.0,"event_name":"Match and Keep!","player_choice":"2 cards matched","floor":3.0,"gold_loss":0.0,"damage_taken":0.0,"cards_obtained":["Neutralize","Poisoned Stab"]},{"damage_healed":0.0,"max_hp_gain":0.0,"max_hp_loss":0.0,"gold_gain":0.0,"event_name":"Scrap Ooze","player_choice":"Success","floor":14.0,"gold_loss":0.0,"damage_taken":7.0,"relics_obtained":["Singing Bowl"]},{"damage_healed":0.0,"max_hp_gain":0.0,"max_hp_loss":0.0,"gold_gain":0.0,"event_name":"Ghosts","player_choice":"Ignored","floor":20.0,"gold_loss":0.0,"damage_taken":0.0},{"damage_healed":0.0,"max_hp_gain":0.0,"max_hp_loss":0.0,"gold_gain":99.0,"event_name":"Nest","player_choice":"Stole From Cult","floor":21.0,"gold_loss":0.0,"damage_taken":0.0}],"is_beta":false,"boss_relics":[{"not_picked":["HoveringKite","Busted Crown","Runic Dome"]}],"items_purged_floors":[],"is_endless":false,"potions_floor_spawned":[1,2,5,11,18,19,27],"killed_by":"Snecko","ascension_level":5}