{"path_per_floor":["M","?","$","M","M","R","?","M","T","R","M","M","R","$","R","B",null,"M","M","?","M","$","R","M"],"character_chosen":"THE_SILENT","items_purchased":["Footwork","Noxious Fumes"],"gold_per_floor":[116,116,41,56,72,72,72,83,83,83,95,115,115,36,36,141,141,127,138,138,149,74,74,92,92],"floor_reached":25,"campfire_rested":0,"playtime":1507,"item_purchase_floors":[14,22],"current_hp_per_floor":[63,56,56,55,55,55,55,51,51,51,51,49,49,49,49,41,63,54,47,47,38,38,38,37,0],"items_purged":["Strike_G"],"gold":92,"score":254,"play_id":"f7eea589-b6ff-4b10-ba3d-3d6def164d0d","local_time":"20180528121931","is_prod":false,"is_daily":false,"chose_seed":false,"is_ascension_mode":true,"campfire_upgraded":5,"win_rate":0,"timestamp":1527535171,"campfire_choices":[{"data":"Footwork","floor":6,"key":"SMITH"},{"data":"Deadly Poison","floor":10,"key":"SMITH"},{"data":"Neutralize","floor":13,"key":"SMITH"},{"data":"Outmaneuver","floor":15,"key":"SMITH"},{"data":"Noxious Fumes","floor":23,"key":"SMITH"}],"path_taken":["M","?","$","M","M","R","?","M","T","R","M","M","R","$","R","BOSS","M","M","?","M","$","R","M","M"],"build_version":"2018-05-24","seed_source_timestamp":2105822397769,"purchased_purges":1,"victory":false,"master_deck":["Defend_G","Defend_G","Defend_G","Defend_G","Defend_G","Strike_G","Strike_G","Survivor","Neutralize+1","Prepared","Outmaneuver+1","Footwork+1","Deadly Poison+1","Escape Plan","Bouncing Flask","Backflip","Footwork","Burst","Noxious Fumes+1","Noxious Fumes","Deflect"],"max_hp_per_floor":[70,70,70,70,70,70,70,70,70,70,70,70,70,70,70,70,70,70,70,70,70,70,70,70,70],"relics":["Ring of the Snake","Orichalcum"],"card_choices":[{"not_picked":["Dodge and Roll","Bane"],"picked":"Prepared","floor":0},{"not_picked":["Quick Slash","Skewer"],"picked":"Outmaneuver","floor":1},{"not_picked":["Flying Knee","Deadly Poison"],"picked":"Footwork","floor":4},{"not_picked":["Escape Plan","Masterful Stab"],"picked":"Deadly Poison","floor":5},{"not_picked":["Infinite Blades","Bane"],"picked":"Escape Plan","floor":8},{"not_picked":["Poisoned Stab","Blade Dance"],"picked":"Bouncing Flask","floor":11},{"not_picked":["Dodge and Roll","A Thousand Cuts"],"picked":"Backflip","floor":12},{"not_picked":["Grand Finale","After Image"],"picked":"Burst","floor":16},{"not_picked":["Underhanded Strike","Blade Dance+1"],"picked":"Noxious Fumes","floor":18},{"not_picked":["Dagger Spray","Underhanded Strike","Poisoned Stab"],"picked":"SKIP","floor":19},{"not_picked":["Infinite Blades","Cloak And Dagger","Dagger Spray"],"picked":"SKIP","floor":21},{"not_picked":["Slice","Sucker Punch+1"],"picked":"Deflect","floor":24}],"player_experience":429245,"potions_floor_usage":[18,18,24,25],"damage_taken":[{"damage":0,"enemies":"Cultist","floor":1,"turns":4},{"damage":1,"enemies":"Small Slimes","floor":4,"turns":7},{"damage":0,"enemies":"2 Louse","floor":5,"turns":5},{"damage":4,"enemies":"2 Fungi Beasts","floor":8,"turns":5},{"damage":0,"enemies":"3 Louse","floor":11,"turns":5},{"damage":2,"enemies":"Looter","floor":12,"turns":4},{"damage":8,"enemies":"Hexaghost","floor":16,"turns":8},{"damage":9,"enemies":"2 Thieves","floor":18,"turns":5},{"damage":7,"enemies":"Spheric Guardian","floor":19,"turns":6},{"damage":9,"enemies":"Centurion and Healer","floor":21,"turns":9},{"damage":1,"enemies":"Snake Plant","floor":24,"turns":5},{"damage":44,"enemies":"Snecko","floor":25,"turns":7}],"relics_obtained":[{"floor":9,"key":"Orichalcum"}],"event_choices":[{"event_name":"Golden Wing","player_choice":"Card Removal","floor":2,"damage_taken":0},{"event_name":"Golden Idol","player_choice":"Ignored","floor":7,"damage_taken":0},{"event_name":"Purifier","player_choice":"One Purge","floor":20,"damage_taken":0}],"boss_relics":[{"not_picked":["Ectoplasm","Philosopher\u0027s Stone","Cursed Key"]}],"items_purged_floors":[3],"potions_floor_spawned":[5,8,12,19,21,24],"seed_played":"7823317066787293978","killed_by":"Snecko","ascension_level":6,"potions_obtained":[{"floor":5,"key":"Dexterity Potion"},{"floor":8,"key":"Explosive Potion"},{"floor":12,"key":"LiquidBronze"},{"floor":19,"key":"GhostInAJar"},{"floor":21,"key":"PowerPotion"},{"floor":24,"key":"Explosive Potion"}],"is_trial":false}