{"gold_per_floor":[112,128,147,158,128,128,143,156,156,182,198,172,172,187,187,292,292,312,312],"floor_reached":19,"playtime":1836,"items_purged":[],"score":182,"play_id":"fe1d0adf-ca27-43c1-977e-59683ee2f00e","local_time":"20190813215031","is_ascension_mode":true,"campfire_choices":[{"data":"Neutralize","floor":6,"key":"SMITH"},{"data":"Bane","floor":13,"key":"SMITH"},{"data":"Calculated Gamble","floor":15,"key":"SMITH"}],"neow_cost":"NONE","seed_source_timestamp":201783819874000,"circlet_count":0,"master_deck":["Strike_G","Strike_G","Strike_G","Strike_G","Strike_G","Defend_G","Defend_G","Defend_G","Defend_G","Defend_G","Survivor","Neutralize+1","Escape Plan","Well Laid Plans","Crippling Poison","Footwork","Bane+1","Noxious Fumes","Calculated Gamble+1","Blur","Tools of the Trade","Backstab"],"relics":["Ring of the Serpent","The Courier","Pantograph"],"potions_floor_usage":[7,10,10,11,16,16,18],"damage_taken":[{"damage":1,"enemies":"Jaw Worm","floor":1,"turns":7},{"damage":0,"enemies":"Cultist","floor":2,"turns":4},{"damage":0,"enemies":"2 Louse","floor":3,"turns":3},{"damage":2,"enemies":"Looter","floor":4,"turns":4},{"damage":4,"enemies":"3 Louse","floor":7,"turns":4},{"damage":3,"enemies":"Lots of Slimes","floor":8,"turns":4},{"damage":7,"enemies":"Gremlin Nob","floor":10,"turns":4},{"damage":13,"enemies":"Exordium Thugs","floor":11,"turns":4},{"damage":5,"enemies":"2 Fungi Beasts","floor":14,"turns":4},{"damage":44,"enemies":"Slime Boss","floor":16,"turns":10},{"damage":19,"enemies":"Spheric Guardian","floor":18,"turns":7},{"damage":61,"enemies":"3 Byrds","floor":19,"turns":4}],"seed_played":"132731086717010620","potions_obtained":[{"floor":1,"key":"PowerPotion"},{"floor":5,"key":"Block Potion"},{"floor":5,"key":"LiquidBronze"},{"floor":7,"key":"Poison Potion"},{"floor":11,"key":"LiquidBronze"},{"floor":14,"key":"Dexterity Potion"},{"floor":16,"key":"SkillPotion"},{"floor":18,"key":"Swift Potion"}],"is_trial":false,"path_per_floor":["M","M","M","M","?","R","M","M","T","E","M","?","R","M","R","B",null,"M","M"],"character_chosen":"THE_SILENT","items_purchased":[],"campfire_rested":0,"item_purchase_floors":[],"current_hp_per_floor":[69,69,69,67,67,67,63,60,60,53,40,40,40,35,35,16,70,51,0],"gold":312,"neow_bonus":"THREE_CARDS","is_prod":false,"is_daily":false,"chose_seed":false,"campfire_upgraded":3,"win_rate":0,"timestamp":1565751031,"path_taken":["M","M","M","M","?","R","M","M","T","E","?","?","R","M","R","BOSS","M","M"],"build_version":"2019-07-17","purchased_purges":0,"victory":false,"max_hp_per_floor":[70,70,70,70,70,70,70,70,70,70,70,70,70,70,70,70,70,70,70],"card_choices":[{"not_picked":["Deflect","Outmaneuver"],"picked":"Escape Plan","floor":0},{"not_picked":["Masterful Stab","Underhanded Strike","PiercingWail"],"picked":"SKIP","floor":1},{"not_picked":["Skewer","Prepared"],"picked":"Well Laid Plans","floor":2},{"not_picked":["Masterful Stab","PiercingWail"],"picked":"Crippling Poison","floor":3},{"not_picked":["Dodge and Roll","Slice"],"picked":"Footwork","floor":4},{"not_picked":["Poisoned Stab","Accuracy"],"picked":"Bane","floor":7},{"not_picked":["Bane","Night Terror"],"picked":"Noxious Fumes","floor":8},{"not_picked":["Wraith Form v2","Sucker Punch"],"picked":"Calculated Gamble","floor":10},{"not_picked":["Blade Dance","Heel Hook","Dagger Spray"],"picked":"SKIP","floor":11},{"not_picked":["Sucker Punch","Underhanded Strike"],"picked":"Blur","floor":14},{"not_picked":["Bullet Time","Venomology"],"picked":"Tools of the Trade","floor":16},{"not_picked":["All Out Attack","Flying Knee+1"],"picked":"Backstab","floor":18}],"player_experience":136774,"relics_obtained":[{"floor":9,"key":"The Courier"},{"floor":10,"key":"Pantograph"}],"event_choices":[{"damage_healed":0,"gold_gain":0,"player_choice":"Bought 2 Potions","damage_taken":0,"max_hp_gain":0,"max_hp_loss":0,"event_name":"The Woman in Blue","floor":5,"gold_loss":0},{"damage_healed":0,"gold_gain":0,"player_choice":"Left Gold","damage_taken":0,"max_hp_gain":0,"max_hp_loss":0,"event_name":"World of Goop","floor":12,"gold_loss":26}],"is_beta":false,"boss_relics":[{"not_picked":["Lizard Tail","Fusion Hammer"],"picked":"Ring of the Serpent"}],"items_purged_floors":[],"is_endless":false,"potions_floor_spawned":[1,7,11,14,16,18],"killed_by":"3 Byrds","ascension_level":1}