{"gold_per_floor":[114,129,145,156,10,10,28,42,42,67,67,78,97,97,97,200,200,125,125,125,25,25,25,25,25,25,25,25,25,25,25,25,25],"floor_reached":33,"playtime":1793,"items_purged":["Strike_B","Strike_B"],"score":289,"play_id":"beb90040-5a5c-47f5-9d2f-01f58596cc1e","local_time":"20190925095103","is_ascension_mode":false,"campfire_choices":[{"data":"Genetic Algorithm","floor":6,"key":"SMITH"},{"data":"Zap","floor":11,"key":"SMITH"},{"data":"Streamline","floor":15,"key":"SMITH"},{"floor":24,"key":"REST"},{"data":"Beam Cell","floor":32,"key":"SMITH"}],"neow_cost":"NONE","seed_source_timestamp":513579141096900,"circlet_count":0,"master_deck":["Strike_B+1","Strike_B+1","Defend_B+1","Defend_B+1","Defend_B+1","Defend_B+1","Zap+1","Dualcast","Undo","Redo","Barrage","FTL","Genetic Algorithm+1","Reprogram","Streamline+1","Sweeping Beam","Machine Learning","Ball Lightning+1","Coolheaded","Beam Cell+1","Compile Driver","Streamline+1","Self Repair"],"relics":["Cracked Core","Centennial Puzzle","Eternal Feather","Ectoplasm","Symbiotic Virus","Bag of Preparation","StrikeDummy","MutagenicStrength"],"potions_floor_usage":[16,16,18,25],"damage_taken":[{"damage":1,"enemies":"Cultist","floor":1,"turns":3},{"damage":0,"enemies":"Small Slimes","floor":2,"turns":4},{"damage":8,"enemies":"Jaw Worm","floor":3,"turns":4},{"damage":2,"enemies":"3 Louse","floor":4,"turns":3},{"damage":20,"enemies":"Lots of Slimes","floor":7,"turns":5},{"damage":0,"enemies":"2 Fungi Beasts","floor":8,"turns":3},{"damage":12,"enemies":"Lagavulin","floor":10,"turns":6},{"damage":5,"enemies":"Looter","floor":12,"turns":2},{"damage":2,"enemies":"Blue Slaver","floor":13,"turns":3},{"damage":24,"enemies":"Hexaghost","floor":16,"turns":9},{"damage":17,"enemies":"2 Thieves","floor":18,"turns":4},{"damage":0,"enemies":"Spheric Guardian","floor":20,"turns":3},{"damage":8,"enemies":"Centurion and Healer","floor":22,"turns":4},{"damage":34,"enemies":"Gremlin Leader","floor":23,"turns":5},{"damage":11,"enemies":"Book of Stabbing","floor":25,"turns":4},{"damage":10,"enemies":"Chosen and Byrds","floor":29,"turns":3},{"damage":44,"enemies":"Champ","floor":33,"turns":7}],"seed_played":"-9082011330761067199","potions_obtained":[{"floor":0,"key":"GamblersBrew"},{"floor":0,"key":"LiquidBronze"},{"floor":0,"key":"Strength Potion"},{"floor":2,"key":"SpeedPotion"},{"floor":14,"key":"FearPotion"},{"floor":22,"key":"Fire Potion"},{"floor":23,"key":"Ancient Potion"},{"floor":29,"key":"Ancient Potion"}],"is_trial":false,"path_per_floor":["M","M","M","M","$","R","M","M","T","E","R","M","M","?","R","B",null,"M","T","M","$","M","E","R","E","T","?","?","M","?","?","R","B"],"character_chosen":"DEFECT","items_purchased":["Genetic Algorithm"],"campfire_rested":1,"item_purchase_floors":[5],"current_hp_per_floor":[74,74,66,64,64,64,44,44,44,32,41,36,34,34,43,19,75,58,58,58,58,50,16,50,39,39,39,39,29,29,29,41,0],"gold":25,"neow_bonus":"THREE_SMALL_POTIONS","is_prod":false,"is_daily":false,"chose_seed":false,"campfire_upgraded":4,"win_rate":0,"timestamp":1569423063,"path_taken":["M","?","M","M","$","R","M","M","T","E","R","M","M","?","R","BOSS","M","?","M","$","M","E","R","E","T","?","?","?","?","?","R","BOSS"],"build_version":"2019-09-24","purchased_purges":2,"victory":false,"max_hp_per_floor":[75,75,75,75,75,75,75,75,75,75,75,75,75,75,75,75,75,75,75,75,75,75,75,75,75,75,75,75,75,75,75,75,75],"card_choices":[{"not_picked":["Conserve Battery","Compile Driver"],"picked":"Undo","floor":1},{"not_picked":["Conserve Battery","Hologram"],"picked":"Redo","floor":2},{"not_picked":["Tempest","Beam Cell"],"picked":"Barrage","floor":3},{"not_picked":["Stack","Amplify"],"picked":"FTL","floor":4},{"not_picked":["Redo","Barrage","Force Field"],"picked":"SKIP","floor":7},{"not_picked":["Compile Driver","Barrage","Redo"],"picked":"SKIP","floor":8},{"not_picked":["FTL","Turbo"],"picked":"Reprogram","floor":10},{"not_picked":["Meteor Strike","Storm"],"picked":"Streamline","floor":12},{"not_picked":["Redo","Ball Lightning"],"picked":"Sweeping Beam","floor":13},{"not_picked":["Reboot","Thunder Strike"],"picked":"Machine Learning","floor":16},{"not_picked":["Darkness+1","Barrage"],"picked":"Ball Lightning+1","floor":18},{"not_picked":["Undo+1","Steam"],"picked":"Coolheaded","floor":20},{"not_picked":["Rip and Tear+1","Aggregate"],"picked":"Beam Cell","floor":22},{"not_picked":["Reinforced Body","Seek"],"picked":"Compile Driver","floor":23},{"not_picked":["Gash","Sunder"],"picked":"Streamline+1","floor":25},{"not_picked":["Barrage","Fusion+1"],"picked":"Self Repair","floor":29}],"player_experience":313103,"relics_obtained":[{"floor":9,"key":"Centennial Puzzle"},{"floor":10,"key":"Eternal Feather"},{"floor":19,"key":"Symbiotic Virus"},{"floor":23,"key":"Bag of Preparation"},{"floor":25,"key":"StrikeDummy"}],"event_choices":[{"damage_healed":0,"gold_gain":0,"player_choice":"Got Potions","damage_taken":0,"max_hp_gain":0,"max_hp_loss":0,"event_name":"Lab","floor":14,"gold_loss":0},{"damage_healed":0,"gold_gain":0,"player_choice":"Inject Mutagens","damage_taken":0,"relics_obtained":["MutagenicStrength"],"max_hp_gain":0,"max_hp_loss":0,"event_name":"Drug Dealer","floor":27,"gold_loss":0},{"damage_healed":0,"gold_gain":100,"player_choice":"Pray","damage_taken":0,"max_hp_gain":0,"max_hp_loss":0,"event_name":"Golden Shrine","floor":28,"gold_loss":0},{"damage_healed":0,"gold_gain":0,"player_choice":"Simplicity","damage_taken":0,"max_hp_gain":0,"max_hp_loss":0,"event_name":"Back to Basics","floor":31,"gold_loss":0,"cards_upgraded":["Strike_B","Strike_B","Defend_B","Defend_B","Defend_B","Defend_B"]}],"is_beta":true,"boss_relics":[{"not_picked":["Runic Dome","Pandora\u0027s Box"],"picked":"Ectoplasm"}],"items_purged_floors":[5,21],"is_endless":false,"potions_floor_spawned":[2,7,12,13,22,23,29],"killed_by":"Champ","ascension_level":0}