{"gold_per_floor":[112,129,144,157,177,177,207,207,233,262,262,295,312,332,332,433,433,444,456,474,399,399,399,426,90,90,90,107,107,32,63,63,63],"floor_reached":33,"playtime":15667,"items_purged":["Strike_G"],"score":365,"play_id":"f3703127-22cb-4aee-835b-020e7c8b3ab4","local_time":"20190629195340","is_ascension_mode":true,"campfire_choices":[{"floor":6,"key":"REST"},{"data":"Footwork","floor":8,"key":"SMITH"},{"data":"Deadly Poison","floor":11,"key":"SMITH"},{"data":"Dodge and Roll","floor":15,"key":"SMITH"},{"floor":23,"key":"REST"},{"floor":27,"key":"REST"},{"data":"Bouncing Flask","floor":32,"key":"SMITH"}],"neow_cost":"NONE","seed_source_timestamp":1430388409196629,"circlet_count":0,"master_deck":["Defend_G","Defend_G","Defend_G","Defend_G","Defend_G","Survivor","Neutralize+1","All Out Attack","Dodge and Roll+1","Deadly Poison+1","Footwork+1","Bane","Escape Plan","Heel Hook","Caltrops","Malaise","Deadly Poison+1","Blur","Backflip","Noxious Fumes+1","Calculated Gamble","Catalyst","Eviscerate","Bouncing Flask+1"],"relics":["Ring of the Snake","PreservedInsect","Strawberry","Potion Belt","Empty Cage","Gambling Chip","Frozen Egg 2","Paper Crane","Kunai"],"potions_floor_usage":[14,20,20,24,31,33],"damage_taken":[{"damage":2,"enemies":"Small Slimes","floor":1,"turns":4},{"damage":0,"enemies":"2 Louse","floor":2,"turns":2},{"damage":0,"enemies":"Jaw Worm","floor":3,"turns":5},{"damage":6,"enemies":"Lots of Slimes","floor":4,"turns":2},{"damage":16,"enemies":"Exordium Wildlife","floor":5,"turns":6},{"damage":3,"enemies":"Lagavulin","floor":7,"turns":11},{"damage":17,"enemies":"Gremlin Nob","floor":10,"turns":4},{"damage":0,"enemies":"Lagavulin","floor":12,"turns":6},{"damage":5,"enemies":"Large Slime","floor":13,"turns":4},{"damage":14,"enemies":"3 Louse","floor":14,"turns":2},{"damage":1,"enemies":"The Guardian","floor":16,"turns":11},{"damage":7,"enemies":"3 Byrds","floor":18,"turns":4},{"damage":8,"enemies":"Shell Parasite","floor":19,"turns":5},{"damage":25,"enemies":"Centurion and Healer","floor":20,"turns":10},{"damage":45,"enemies":"Slavers","floor":24,"turns":6},{"damage":6,"enemies":"Snake Plant","floor":28,"turns":5},{"damage":11,"enemies":"Gremlin Leader","floor":31,"turns":7},{"damage":35,"enemies":"Automaton","floor":33,"turns":6}],"seed_played":"5053294856888777998","potions_obtained":[{"floor":2,"key":"Fire Potion"},{"floor":3,"key":"Swift Potion"},{"floor":7,"key":"GamblersBrew"},{"floor":13,"key":"LiquidBronze"},{"floor":16,"key":"GamblersBrew"},{"floor":19,"key":"Block Potion"},{"floor":20,"key":"Explosive Potion"},{"floor":28,"key":"AttackPotion"}],"is_trial":false,"path_per_floor":["M","M","M","M","M","R","E","R","T","E","R","E","M","M","R","B",null,"M","M","M","$","?","R","E","$","T","R","M","?","$","E","R","B"],"character_chosen":"THE_SILENT","items_purchased":["Frozen Egg 2","Noxious Fumes+1","Bouncing Flask"],"campfire_rested":3,"item_purchase_floors":[25,25,30],"current_hp_per_floor":[68,68,68,62,46,67,64,64,64,54,54,54,49,35,35,34,77,70,62,37,37,37,60,15,15,15,38,32,32,32,21,21,0],"gold":63,"neow_bonus":"UPGRADE_CARD","is_prod":false,"is_daily":false,"chose_seed":false,"campfire_upgraded":4,"win_rate":0,"timestamp":1561852420,"path_taken":["M","M","M","M","M","R","E","R","T","E","R","E","M","M","R","BOSS","M","M","M","$","?","R","E","$","T","R","M","?","?","E","R","BOSS"],"build_version":"2019-01-23","purchased_purges":1,"victory":false,"max_hp_per_floor":[70,70,70,70,70,70,70,70,70,77,77,77,77,77,77,77,77,77,77,77,77,77,77,77,77,77,77,77,77,77,77,77,77],"card_choices":[{"not_picked":["PiercingWail","Quick Slash"],"picked":"All Out Attack","floor":1},{"not_picked":["Flying Knee","Cloak And Dagger"],"picked":"Dodge and Roll","floor":2},{"not_picked":["Deflect","Underhanded Strike"],"picked":"Deadly Poison","floor":3},{"not_picked":["Deadly Poison","Poisoned Stab"],"picked":"Footwork","floor":4},{"not_picked":["Slice","Leg Sweep"],"picked":"Bane","floor":5},{"not_picked":["Infinite Blades","Endless Agony"],"picked":"Escape Plan","floor":7},{"not_picked":["Unload","Bane"],"picked":"Heel Hook","floor":10},{"not_picked":["Deadly Poison","Underhanded Strike","Outmaneuver"],"picked":"SKIP","floor":12},{"not_picked":["Deadly Poison","Underhanded Strike","Outmaneuver"],"picked":"SKIP","floor":12},{"not_picked":["Deadly Poison","Underhanded Strike","Outmaneuver"],"picked":"SKIP","floor":12},{"not_picked":["Flying Knee","Prepared"],"picked":"Caltrops","floor":13},{"not_picked":["Setup","Wraith Form v2","Sucker Punch"],"picked":"SKIP","floor":14},{"not_picked":["Venomology","Wraith Form v2"],"picked":"Malaise","floor":16},{"not_picked":["Deflect+1","Dagger Spray"],"picked":"Deadly Poison+1","floor":18},{"not_picked":["Reflex","Dagger Throw","Blade Dance+1"],"picked":"SKIP","floor":19},{"not_picked":["Wraith Form v2","Reflex"],"picked":"Blur","floor":20},{"not_picked":["Poisoned Stab","Footwork+1"],"picked":"Backflip","floor":24},{"not_picked":["Quick Slash+1","Accuracy+1"],"picked":"Calculated Gamble","floor":28},{"not_picked":["All Out Attack","Acrobatics+1","Prepared+1"],"picked":"SKIP","floor":31}],"player_experience":271592,"relics_obtained":[{"floor":7,"key":"PreservedInsect"},{"floor":10,"key":"Strawberry"},{"floor":12,"key":"Potion Belt"},{"floor":24,"key":"Gambling Chip"},{"floor":26,"key":"Paper Crane"},{"floor":31,"key":"Kunai"}],"event_choices":[{"damage_healed":0,"gold_gain":0,"player_choice":"Ignored","damage_taken":0,"max_hp_gain":0,"max_hp_loss":0,"event_name":"Ghosts","floor":22,"gold_loss":0},{"damage_healed":0,"gold_gain":0,"cards_transformed":["Strike_G","Strike_G"],"player_choice":"Became Test Subject","damage_taken":0,"max_hp_gain":0,"max_hp_loss":0,"event_name":"Drug Dealer","floor":29,"gold_loss":0,"cards_obtained":["Catalyst","Eviscerate"]}],"is_beta":false,"boss_relics":[{"not_picked":["HoveringKite","Runic Pyramid"],"picked":"Empty Cage"}],"items_purged_floors":[21],"is_endless":false,"potions_floor_spawned":[2,3,7,13,16,19,20,28],"killed_by":"Automaton","ascension_level":2}