{"gold_per_floor":[117,37,49,124,141,167,167,187,212,246,265,265,291,308,308,406,406,424,391,391,405,417,417,417],"floor_reached":24,"playtime":1130,"items_purged":[],"score":264,"play_id":"103dc92f-edff-4237-908e-176c91ca2e40","local_time":"20190807224945","is_ascension_mode":true,"campfire_choices":[{"floor":7.0,"key":"REST"},{"floor":12,"key":"REST"},{"data":"Armaments","floor":15,"key":"SMITH"},{"floor":23,"key":"REST"}],"neow_cost":"NONE","seed_source_timestamp":793905325521116,"circlet_count":0,"master_deck":["Strike_R","Strike_R","Strike_R","Strike_R","Strike_R","Defend_R","Defend_R","Defend_R","Defend_R","Bash","Pommel Strike","Inflame","Headbutt","Metallicize","Evolve","Pommel Strike","Fire Breathing","Exhume","Rage","Armaments+1","Double Tap","Fire Breathing","Fiend Fire","Clash","Iron Wave+1","Fire Breathing","Cleave","Pummel"],"special_seed":0,"relics":["Burning Blood","Dream Catcher","Art of War","Vajra","Regal Pillow","Bottled Lightning","Black Star"],"potions_floor_usage":[16,22,24],"damage_taken":[{"damage":14.0,"enemies":"Jaw Worm","floor":1.0,"turns":6.0},{"damage":8.0,"enemies":"Small Slimes","floor":3.0,"turns":4.0},{"damage":3.0,"enemies":"2 Louse","floor":5.0,"turns":2.0},{"damage":34.0,"enemies":"Lagavulin","floor":6.0,"turns":7.0},{"damage":14.0,"enemies":"2 Fungi Beasts","floor":8.0,"turns":4.0},{"damage":16.0,"enemies":"Gremlin Nob","floor":10.0,"turns":3.0},{"damage":5,"enemies":"3 Louse","floor":11,"turns":5},{"damage":20,"enemies":"3 Sentries","floor":13,"turns":6},{"damage":10,"enemies":"Exordium Wildlife","floor":14,"turns":5},{"damage":34,"enemies":"Slime Boss","floor":16,"turns":8},{"damage":31,"enemies":"Chosen","floor":18,"turns":5},{"damage":36,"enemies":"2 Thieves","floor":19,"turns":5},{"damage":2,"enemies":"Centurion and Healer","floor":21,"turns":6},{"damage":28,"enemies":"Shelled Parasite and Fungi","floor":22,"turns":7},{"damage":47,"enemies":"Book of Stabbing","floor":24,"turns":4}],"seed_played":"-1580698588794038875","potions_obtained":[{"floor":1.0,"key":"FearPotion"},{"floor":3.0,"key":"Strength Potion"},{"floor":8.0,"key":"GamblersBrew"},{"floor":14,"key":"PowerPotion"},{"floor":19,"key":"Block Potion"},{"floor":22,"key":"Block Potion"}],"is_trial":false,"path_per_floor":["M","$","M","?","M","E","R","M","T","E","M","R","E","M","R","B",null,"M","M","?","M","M","R","E"],"character_chosen":"IRONCLAD","items_purchased":["Inflame"],"campfire_rested":3,"item_purchase_floors":[2],"current_hp_per_floor":[72,72,70,59,62,34,58,50,50,40,41,80,66,62,62,34,80,55,25,25,29,7,46,0],"gold":417,"neow_bonus":"RANDOM_COMMON_RELIC","is_prod":false,"is_daily":false,"chose_seed":false,"campfire_upgraded":1,"win_rate":0,"timestamp":1565243385,"path_taken":["M","$","M","?","M","E","R","M","T","E","M","R","E","M","R","BOSS","M","M","?","M","M","R","E"],"build_version":"2019-07-17","purchased_purges":0,"victory":false,"max_hp_per_floor":[80,80,80,80,80,80,80,80,80,80,80,80,80,80,80,80,80,80,80,80,80,80,80,80],"card_choices":[{"not_picked":["Battle Trance","Shrug It Off"],"picked":"Pommel Strike","floor":1.0},{"not_picked":["Anger","Carnage"],"picked":"Headbutt","floor":3.0},{"not_picked":["Entrench","Warcry"],"picked":"Metallicize","floor":5.0},{"not_picked":["Flex","Perfected Strike"],"picked":"Evolve","floor":6.0},{"not_picked":["Sentinel","Thunderclap"],"picked":"Pommel Strike","floor":7.0},{"not_picked":["Perfected Strike","Warcry"],"picked":"Fire Breathing","floor":8.0},{"not_picked":["Intimidate","Pommel Strike"],"picked":"Exhume","floor":10.0},{"not_picked":["Twin Strike","Evolve"],"picked":"Rage","floor":11},{"not_picked":["Twin Strike","Warcry"],"picked":"Armaments","floor":12},{"not_picked":["Intimidate","Heavy Blade"],"picked":"Double Tap","floor":13},{"not_picked":["Shrug It Off","Clash"],"picked":"Fire Breathing","floor":14},{"not_picked":["Offering","Immolate"],"picked":"Fiend Fire","floor":16},{"not_picked":["Twin Strike+1","Iron Wave"],"picked":"Clash","floor":18},{"not_picked":["Brutality","Perfected Strike"],"picked":"Iron Wave+1","floor":19},{"not_picked":["Armaments","Clash+1"],"picked":"Fire Breathing","floor":21},{"not_picked":["Warcry+1","Headbutt"],"picked":"Cleave","floor":22},{"not_picked":["Clothesline","Blood for Blood"],"picked":"Pummel","floor":23}],"player_experience":2696499,"relics_obtained":[{"floor":6.0,"key":"Art of War"},{"floor":9.0,"key":"Vajra"},{"floor":10.0,"key":"Regal Pillow"},{"floor":13,"key":"Bottled Lightning"}],"event_choices":[{"damage_healed":0.0,"max_hp_gain":0.0,"max_hp_loss":0.0,"gold_gain":75.0,"event_name":"World of Goop","player_choice":"Gather Gold","floor":4.0,"gold_loss":0.0,"damage_taken":11.0},{"damage_healed":0,"gold_gain":0,"player_choice":"Ignored","damage_taken":0,"max_hp_gain":0,"max_hp_loss":0,"event_name":"Vampires","floor":20,"gold_loss":0}],"is_beta":false,"boss_relics":[{"not_picked":["Cursed Key","Eternal Feather"],"picked":"Black Star"}],"items_purged_floors":[],"is_endless":false,"potions_floor_spawned":[1,3,8,11,14,19,22],"killed_by":"Book of Stabbing","ascension_level":4}