{"gold_per_floor":[118,132,132,144,144,178,198,223,223,223,254,254,254,264,264,369,369,379,394,183,183,195,195,227,227,250,250],"floor_reached":27,"playtime":1287,"items_purged":[],"score":314,"play_id":"45df11fb-a4ec-4fd6-9736-8c2a807b4a2f","local_time":"20190630180026","is_ascension_mode":true,"campfire_choices":[{"floor":10,"key":"REST"},{"floor":13,"key":"REST"},{"data":"Deadly Poison","floor":15,"key":"SMITH"},{"data":"Noxious Fumes","floor":23,"key":"SMITH"},{"floor":25,"key":"REST"}],"neow_cost":"NONE","seed_source_timestamp":1524402441335953,"circlet_count":0,"master_deck":["Defend_G","Defend_G","Defend_G","Defend_G","Defend_G","Strike_G","Strike_G","Strike_G","Strike_G","Survivor","Neutralize","Deadly Poison+1","Dagger Spray","All Out Attack","Poisoned Stab","Dodge and Roll","Backflip","Backflip+1","Noxious Fumes+1","Corpse Explosion","Footwork","Acrobatics+1"],"relics":["Ring of the Snake","Kunai","Centennial Puzzle","Pear","Question Card","Snake Skull","Sozu","Paper Crane","Bronze Scales"],"potions_floor_usage":[8,16,24],"damage_taken":[{"damage":0,"enemies":"Cultist","floor":1,"turns":4},{"damage":0,"enemies":"2 Louse","floor":2,"turns":3},{"damage":2,"enemies":"Jaw Worm","floor":4,"turns":4},{"damage":40,"enemies":"Gremlin Nob","floor":6,"turns":5},{"damage":1,"enemies":"Exordium Wildlife","floor":7,"turns":4},{"damage":11,"enemies":"3 Sentries","floor":8,"turns":3},{"damage":36,"enemies":"Lagavulin","floor":11,"turns":7},{"damage":0,"enemies":"Gremlin Gang","floor":14,"turns":1},{"damage":22,"enemies":"Slime Boss","floor":16,"turns":11},{"damage":0,"enemies":"Chosen","floor":18,"turns":4},{"damage":25,"enemies":"Spheric Guardian","floor":19,"turns":6},{"damage":12,"enemies":"Snecko","floor":22,"turns":5},{"damage":51,"enemies":"Gremlin Leader","floor":24,"turns":6},{"damage":0,"enemies":"Sentry and Sphere","floor":27,"turns":1}],"seed_played":"-1470229478838176939","potions_obtained":[{"floor":2,"key":"Explosive Potion"},{"floor":6,"key":"GhostInAJar"},{"floor":7,"key":"SmokeBomb"},{"floor":8,"key":"EssenceOfSteel"}],"is_trial":false,"path_per_floor":["M","M","T","M","?","E","M","E","T","R","E","?","R","M","R","B",null,"M","M","$","?","M","R","E","R","T","M"],"character_chosen":"THE_SILENT","items_purchased":["Noxious Fumes","Corpse Explosion"],"campfire_rested":3,"item_purchase_floors":[20,20],"current_hp_per_floor":[77,77,77,75,80,40,39,38,38,65,29,22,49,49,49,27,92,92,67,67,67,55,55,4,31,31,31],"gold":250,"neow_bonus":"TEN_PERCENT_HP_BONUS","is_prod":false,"is_daily":false,"chose_seed":false,"campfire_upgraded":2,"win_rate":0,"timestamp":1561932026,"path_taken":["M","M","?","M","?","E","M","E","T","R","E","?","R","M","R","BOSS","M","M","$","?","M","R","E","R","T","?"],"build_version":"2019-01-23","purchased_purges":0,"victory":false,"max_hp_per_floor":[77,77,77,77,82,82,82,92,92,92,92,92,92,92,92,92,92,92,92,92,92,92,92,92,92,92,92],"card_choices":[{"not_picked":["Prepared","Cloak And Dagger"],"picked":"Deadly Poison","floor":1},{"not_picked":["Bane","Flying Knee","Sucker Punch"],"picked":"SKIP","floor":2},{"not_picked":["Reflex","Quick Slash"],"picked":"Dagger Spray","floor":4},{"not_picked":["Phantasmal Killer","Outmaneuver"],"picked":"All Out Attack","floor":6},{"not_picked":["Terror","Sucker Punch","Bane"],"picked":"SKIP","floor":7},{"not_picked":["Backstab","Expertise"],"picked":"Poisoned Stab","floor":8},{"not_picked":["Storm of Steel","Deflect","Cloak And Dagger"],"picked":"Dodge and Roll","floor":11},{"not_picked":["Outmaneuver","Heel Hook","All Out Attack","Poisoned Stab"],"picked":"SKIP","floor":14},{"not_picked":["Tactician+1","Outmaneuver","Slice"],"picked":"Backflip","floor":18},{"not_picked":["Sucker Punch","Backstab","Masterful Stab"],"picked":"Backflip+1","floor":19},{"not_picked":["Underhanded Strike+1","Sucker Punch+1","Backflip"],"picked":"Acrobatics+1","floor":22},{"not_picked":["Underhanded Strike","Setup","Slice","Skewer"],"picked":"SKIP","floor":24}],"player_experience":318322,"relics_obtained":[{"floor":3,"key":"Kunai"},{"floor":6,"key":"Centennial Puzzle"},{"floor":8,"key":"Pear"},{"floor":9,"key":"Question Card"},{"floor":11,"key":"Snake Skull"},{"floor":24,"key":"Paper Crane"},{"floor":26,"key":"Bronze Scales"}],"event_choices":[{"damage_healed":0,"gold_gain":0,"player_choice":"Donut","damage_taken":0,"max_hp_gain":5,"max_hp_loss":0,"event_name":"Big Fish","floor":5,"gold_loss":0},{"cards_removed":["Strike_G"],"damage_healed":0,"gold_gain":0,"player_choice":"Card Removal","damage_taken":7,"max_hp_gain":0,"max_hp_loss":0,"event_name":"Golden Wing","floor":12,"gold_loss":0},{"damage_healed":0,"gold_gain":0,"player_choice":"1 cards matched","damage_taken":0,"max_hp_gain":0,"max_hp_loss":0,"event_name":"Match and Keep!","floor":21,"gold_loss":0,"cards_obtained":["Footwork"]}],"is_beta":false,"boss_relics":[{"not_picked":["Runic Pyramid","Tiny House"],"picked":"Sozu"}],"items_purged_floors":[],"is_endless":false,"potions_floor_spawned":[2,6,7,8,19],"killed_by":"Sentry and Sphere","ascension_level":3}