{"gold_per_floor":[115,129,148,148,161,193,206,231,243,270,317,344,356,382,394,502,514,545,573,357,368,293,293],"floor_reached":23,"playtime":1326,"items_purged":["Zap"],"score":275,"play_id":"c49e7759-8190-41da-9ab6-e3ef95052a8c","local_time":"20190702193812","is_ascension_mode":true,"campfire_choices":[{"floor":15,"key":"REST"}],"neow_cost":"NONE","seed_source_timestamp":1702989177995768,"circlet_count":0,"master_deck":["Dualcast","Melter","Static Discharge","Force Field","Hello World","Streamline","Defragment","Defragment","Tempest","Electrodynamics","Ball Lightning","Rebound","Buffer","Lockon","Sunder","Barrage","Electrodynamics","Skim","Capacitor","Echo Form"],"special_seed":0,"relics":["Snecko Eye","Strawberry","MawBank","Mango","Kunai","Pandora\u0027s Box"],"potions_floor_usage":[8,11,16,16],"damage_taken":[{"damage":1.0,"enemies":"2 Louse","floor":1.0,"turns":4.0},{"damage":1.0,"enemies":"Small Slimes","floor":2.0,"turns":4.0},{"damage":0.0,"enemies":"Cultist","floor":3.0,"turns":4.0},{"damage":1.0,"enemies":"Exordium Wildlife","floor":5.0,"turns":3.0},{"damage":30.0,"enemies":"3 Sentries","floor":6.0,"turns":6.0},{"damage":0.0,"enemies":"Looter","floor":7.0,"turns":4.0},{"damage":17,"enemies":"Lagavulin","floor":8,"turns":5},{"damage":3,"enemies":"Blue Slaver","floor":10,"turns":2},{"damage":19,"enemies":"Gremlin Nob","floor":11,"turns":4},{"damage":0,"enemies":"3 Louse","floor":12,"turns":3},{"damage":14,"enemies":"Exordium Wildlife","floor":14,"turns":4},{"damage":22,"enemies":"Hexaghost","floor":16,"turns":8},{"damage":6,"enemies":"3 Byrds","floor":18,"turns":2},{"damage":21,"enemies":"Shell Parasite","floor":19,"turns":3},{"damage":18,"enemies":"3 Cultists","floor":21,"turns":3},{"damage":57,"enemies":"Slavers","floor":23,"turns":3}],"seed_played":"4298992700127518176","potions_obtained":[{"floor":1.0,"key":"Dexterity Potion"},{"floor":2.0,"key":"Explosive Potion"},{"floor":5.0,"key":"SkillPotion"},{"floor":7.0,"key":"Strength Potion"},{"floor":11,"key":"FearPotion"},{"floor":19,"key":"Ancient Potion"}],"is_trial":false,"path_per_floor":["M","M","M","?","M","E","M","E","T","M","E","M","?","M","R","B",null,"M","M","$","M","?","E"],"character_chosen":"DEFECT","items_purchased":["Echo Form"],"campfire_rested":1,"item_purchase_floors":[20],"current_hp_per_floor":[74,73,73,73,72,49,49,32,46,43,24,24,15,1,29,7,96,90,69,69,51,51,0],"gold":293,"neow_bonus":"BOSS_RELIC","is_prod":false,"is_daily":false,"chose_seed":false,"campfire_upgraded":0,"win_rate":0,"timestamp":1562110692,"path_taken":["M","M","M","?","M","E","M","E","T","M","E","M","?","?","R","BOSS","M","M","$","M","?","E"],"build_version":"2019-07-01","purchased_purges":1,"victory":false,"max_hp_per_floor":[75,75,75,75,75,82,82,82,96,96,96,96,96,96,96,96,96,96,96,96,96,96,96],"card_choices":[{"not_picked":["Heatsinks","Gash"],"picked":"Melter","floor":1.0},{"not_picked":["Auto Shields","Recycle"],"picked":"Static Discharge","floor":2.0},{"not_picked":["Rebound","Leap"],"picked":"Force Field","floor":3.0},{"not_picked":["Steam","Turbo","Hologram"],"picked":"SKIP","floor":5.0},{"not_picked":["Aggregate","Buffer"],"picked":"Hello World","floor":6.0},{"not_picked":["Turbo","Lockon"],"picked":"Streamline","floor":7.0},{"not_picked":["Turbo","Chill"],"picked":"Defragment","floor":8},{"not_picked":["Go for the Eyes","White Noise"],"picked":"Defragment","floor":10},{"not_picked":["Rebound","Defragment","Steam Power"],"picked":"SKIP","floor":11},{"not_picked":["Loop","Streamline"],"picked":"Tempest","floor":12},{"not_picked":["Leap","Gash","Streamline"],"picked":"SKIP","floor":14},{"not_picked":["Fission","Biased Cognition"],"picked":"Electrodynamics","floor":16},{"not_picked":["Barrage+1","Sweeping Beam"],"picked":"Skim","floor":18},{"not_picked":["Reinforced Body","Blizzard+1"],"picked":"Capacitor","floor":19},{"not_picked":["Sweeping Beam+1","Rebound","Rip and Tear"],"picked":"SKIP","floor":21}],"player_experience":330908,"relics_obtained":[{"floor":6.0,"key":"Strawberry"},{"floor":8,"key":"MawBank"},{"floor":9,"key":"Mango"},{"floor":11,"key":"Kunai"}],"event_choices":[{"damage_healed":0.0,"max_hp_gain":0.0,"max_hp_loss":0.0,"gold_gain":0.0,"event_name":"Liars Game","player_choice":"Ignored","floor":4.0,"gold_loss":0.0,"damage_taken":0.0},{"damage_healed":0,"gold_gain":0,"player_choice":"Damaged","damage_taken":9,"max_hp_gain":0,"max_hp_loss":0,"event_name":"Wheel of Change","floor":13,"gold_loss":0},{"cards_removed":["Fission"],"damage_healed":0,"gold_gain":0,"player_choice":"Gave Gold","damage_taken":0,"max_hp_gain":0,"max_hp_loss":0,"event_name":"Beggar","floor":22,"gold_loss":75}],"is_beta":false,"boss_relics":[{"not_picked":["Black Star","Lizard Tail"],"picked":"Pandora\u0027s Box"}],"items_purged_floors":[20],"is_endless":false,"potions_floor_spawned":[1,2,5,7,11,19],"killed_by":"Slavers","ascension_level":3}