{"path_per_floor":["M","?","$","M","M","R","M","E","T","$","M","M","?","M","R","B",null,"M","?","?","M"],"character_chosen":"IRONCLAD","items_purchased":["Rampage","Kunai"],"gold_per_floor":[219,219,219,239,250,250,268,293,342,15,29,48,48,67,67,198,198,219,219,319,343],"floor_reached":22,"campfire_rested":1,"playtime":3260,"current_hp_per_floor":[79,79,79,80,76,76,70,51,51,51,30,36,36,42,64,39,74,54,54,54,27],"items_purged":[],"gold":343,"score":188,"play_id":"12b2ce0d-ae1f-469f-94a1-edea2dfac2a3","local_time":"20180303175227","is_prod":false,"is_daily":false,"is_ascension_mode":false,"campfire_upgraded":1,"timestamp":1520117547,"path_taken":["M","?","$","M","M","R","?","E","T","?","M","M","?","M","R","BOSS","M","?","?","M","M"],"build_version":"2018-03-01-PROD1","purchased_purges":0,"victory":false,"master_deck":["Strike_R","Strike_R","Strike_R","Strike_R","Strike_R","Defend_R","Defend_R","Defend_R","Twin Strike","Spot Weakness","Pommel Strike","Rampage","Shrug It Off","Pommel Strike","Seeing Red","Offering","Dual Wield+1","Fire Breathing+1","Demon Form+1","Pommel Strike+1"],"max_hp_per_floor":[80,80,80,80,80,80,80,80,80,80,80,80,74,74,74,74,74,74,74,74,74],"relics":["Burning Blood","Oddly Smooth Stone","Omamori","Kunai","Golden Idol","Astrolabe"],"card_choices":[{"not_picked":["Headbutt","Corruption"],"picked":"Twin Strike"},{"not_picked":["Uppercut","Cleave"],"picked":"Spot Weakness"},{"not_picked":["Clash","Body Slam"],"picked":"Anger"},{"not_picked":["Carnage","Iron Wave"],"picked":"Pommel Strike"},{"not_picked":["Cleave","Twin Strike"],"picked":"Shrug It Off"},{"not_picked":["Barricade","True Grit"],"picked":"Pommel Strike"},{"not_picked":["Intimidate","Rage"],"picked":"Seeing Red"},{"not_picked":["Impervious","Fiend Fire"],"picked":"Offering"},{"not_picked":["Sever Soul","Headbutt"],"picked":"Pommel Strike"}],"player_experience":16605,"potions_floor_usage":[16],"damage_taken":[{"damage":7,"enemies":"2 Louse","floor":1,"turns":2},{"damage":5,"enemies":"Cultist","floor":4,"turns":4},{"damage":10,"enemies":"Small Slimes","floor":5,"turns":3},{"damage":12,"enemies":"Gremlin Gang","floor":7,"turns":4},{"damage":25,"enemies":"3 Sentries","floor":8,"turns":6},{"damage":27,"enemies":"Exordium Thugs","floor":11,"turns":4},{"damage":0,"enemies":"Blue Slaver","floor":12,"turns":3},{"damage":0,"enemies":"Large Slime","floor":14,"turns":3},{"damage":34,"enemies":"Hexaghost","floor":16,"turns":9},{"damage":26,"enemies":"Shell Parasite","floor":18,"turns":5},{"damage":33,"enemies":"3 Byrds","floor":21,"turns":5},{"damage":30,"enemies":"Snake Plant","floor":22,"turns":2}],"event_choices":[{"event_name":"The Lab","player_choice":"Got Potions","floor":2,"damage_taken":0},{"event_name":"Golden Idol","player_choice":"Lose Max HP","floor":13,"damage_taken":0},{"event_name":"Drug Dealer","player_choice":"Ignored","floor":19,"damage_taken":0},{"event_name":"Golden Shrine","player_choice":"Pray","floor":20,"damage_taken":0}],"boss_relics":[{"not_picked":["Cursed Key","Runic Dome"],"picked":"Astrolabe"}],"potions_floor_spawned":[7,8,11,14,16],"seed_played":"6537399775368394815","killed_by":"Snake Plant","ascension_level":0,"is_trial":false}