{"gold_per_floor":[211,222,238,100,113,139,139,139,139,159,159,159,185,185,185,287,287,297,58,58,58,75,75,75],"floor_reached":24,"playtime":1111,"items_purged":[],"score":224,"play_id":"eb4c82f4-a161-4af9-a066-9234823f5182","local_time":"20190626211758","is_ascension_mode":true,"campfire_choices":[{"floor":7,"key":"REST"},{"floor":12,"key":"REST"},{"floor":15,"key":"RECALL"},{"floor":23,"key":"REST"}],"neow_cost":"NONE","seed_source_timestamp":1190837679827025,"circlet_count":0,"master_deck":["Defend_G","Defend_G","Defend_G","Defend_G","Strike_G","Strike_G","Strike_G","Strike_G+1","Strike_G","Survivor","Neutralize+1","Blade Dance","Blur","Cloak And Dagger","Envenom","Terror","Blade Dance","Finisher","Accuracy","After Image","Noxious Fumes","Infinite Blades"],"relics":["Ring of the Snake","Matryoshka","Whetstone","Pen Nib","Blood Vial","Vajra","Black Star","Medical Kit"],"potions_floor_usage":[13,16,16,24,24],"damage_taken":[{"damage":1,"enemies":"Cultist","floor":1,"turns":4},{"damage":6,"enemies":"2 Louse","floor":2,"turns":3},{"damage":4,"enemies":"Jaw Worm","floor":3,"turns":3},{"damage":20,"enemies":"Red Slaver","floor":5,"turns":6},{"damage":26,"enemies":"Gremlin Nob","floor":6,"turns":5},{"damage":9,"enemies":"Blue Slaver","floor":10,"turns":4},{"damage":16,"enemies":"3 Sentries","floor":13,"turns":5},{"damage":23,"enemies":"The Guardian","floor":16,"turns":9},{"damage":19,"enemies":"Chosen","floor":18,"turns":5},{"damage":45,"enemies":"2 Thieves","floor":22,"turns":4},{"damage":32,"enemies":"Gremlin Leader","floor":24,"turns":3}],"seed_played":"-6810323394943059607","potions_obtained":[{"floor":2,"key":"Weak Potion"},{"floor":6,"key":"Explosive Potion"},{"floor":10,"key":"Explosive Potion"},{"floor":13,"key":"LiquidBronze"},{"floor":22,"key":"Explosive Potion"}],"is_trial":false,"path_per_floor":["M","M","M","$","M","E","R","?","T","M","T","R","E","$","R","B",null,"M","$","?","?","M","R","E"],"character_chosen":"THE_SILENT","items_purchased":["Envenom","Medical Kit","Noxious Fumes"],"campfire_rested":3,"item_purchase_floors":[4,19,19],"current_hp_per_floor":[69,63,59,59,39,13,34,34,34,25,25,46,32,32,32,11,70,51,51,51,51,8,29,0],"gold":75,"neow_bonus":"HUNDRED_GOLD","is_prod":false,"is_daily":false,"chose_seed":false,"campfire_upgraded":0,"win_rate":0,"timestamp":1561598278,"path_taken":["M","M","?","$","M","E","R","?","T","?","?","R","E","$","R","BOSS","M","?","?","?","M","R","E"],"build_version":"2019-01-23","purchased_purges":0,"victory":false,"max_hp_per_floor":[70,70,70,70,70,70,70,70,70,70,70,70,70,70,70,70,70,70,70,70,70,70,70,70],"card_choices":[{"not_picked":["Acrobatics","Deadly Poison"],"picked":"Blade Dance","floor":1},{"not_picked":["Backflip","Slice"],"picked":"Blur","floor":2},{"not_picked":["Flying Knee","Tactician"],"picked":"Cloak And Dagger","floor":3},{"not_picked":["Acrobatics","Deflect"],"picked":"Terror","floor":5},{"not_picked":["Underhanded Strike","Dagger Spray"],"picked":"Blade Dance","floor":6},{"not_picked":["Underhanded Strike","Escape Plan"],"picked":"Finisher","floor":10},{"not_picked":["Slice","Cloak And Dagger"],"picked":"Accuracy","floor":13},{"not_picked":["Envenom","Grand Finale"],"picked":"After Image","floor":16},{"not_picked":["Blur","Tactician","Dagger Spray"],"picked":"SKIP","floor":18},{"not_picked":["Underhanded Strike+1","Leg Sweep","Setup"],"picked":"SKIP","floor":22}],"player_experience":230137,"relics_obtained":[{"floor":6,"key":"Matryoshka"},{"floor":9,"key":"Whetstone"},{"floor":11,"key":"Pen Nib"},{"floor":11,"key":"Blood Vial"},{"floor":13,"key":"Vajra"}],"event_choices":[{"cards_removed":["Defend_G"],"damage_healed":0,"gold_gain":0,"player_choice":"Offered Basic","damage_taken":0,"max_hp_gain":0,"max_hp_loss":0,"event_name":"Bonfire Elementals","floor":8,"gold_loss":0},{"damage_healed":0,"gold_gain":0,"player_choice":"Ignored","damage_taken":0,"max_hp_gain":0,"max_hp_loss":0,"event_name":"Beggar","floor":20,"gold_loss":0},{"damage_healed":0,"gold_gain":0,"player_choice":"Read","damage_taken":0,"max_hp_gain":0,"max_hp_loss":0,"event_name":"The Library","floor":21,"gold_loss":0,"cards_obtained":["Infinite Blades"]}],"is_beta":false,"boss_relics":[{"not_picked":["Sozu","HoveringKite"],"picked":"Black Star"}],"items_purged_floors":[],"is_endless":false,"potions_floor_spawned":[2,6,10,13,22],"killed_by":"Gremlin Leader","ascension_level":2}