{"gold_per_floor":[117,136,151,162,178,204,204,217,240,240,269,269,243,208,208,304,304,318,318,278,288,303,330,2,20,20,20,51,69,69,100,100,205,205,224,224,239,255,271,18,18,32,58,58,93,93,93,103,103,103],"floor_reached":51,"playtime":5285,"items_purged":["Strike_R+1"],"score":824,"play_id":"5a4b12d5-3fd2-457c-83c3-247249f64ece","local_time":"20190814174340","is_ascension_mode":true,"campfire_choices":[{"data":"Hemokinesis","floor":7.0,"key":"SMITH"},{"data":"Flame Barrier","floor":10.0,"key":"SMITH"},{"data":"Infernal Blade","floor":12.0,"key":"SMITH"},{"data":"Double Tap","floor":15.0,"key":"SMITH"},{"data":"Heavy Blade","floor":27.0,"key":"SMITH"},{"floor":32.0,"key":"REST"},{"floor":41.0,"key":"REST"},{"data":"Exhume","floor":47.0,"key":"SMITH"},{"data":"Armaments","floor":49,"key":"SMITH"}],"neow_cost":"NONE","seed_source_timestamp":0,"circlet_count":0,"master_deck":["Strike_R+1","Strike_R+1","Defend_R+1","Defend_R+1","Defend_R+1","Defend_R+1","Bash","Flame Barrier+1","Hemokinesis+1","Inflame+1","Pommel Strike","Flex","Infernal Blade+1","Double Tap+1","Offering+1","Battle Trance+1","Seeing Red+1","Inflame+1","Heavy Blade+1","Blood for Blood+1","Thunderclap","Hemokinesis+1","Barricade+1","Armaments+1","Seeing Red+1","Panache+1","Impervious","Exhume+1","Offering+1","Fire Breathing+1"],"special_seed":0,"relics":["Black Blood","Question Card","Orichalcum","Frozen Egg 2","Empty Cage","Pen Nib","Meat on the Bone","Bottled Lightning","Blood Vial","Self Forming Clay","Dream Catcher","Anchor","Pantograph","Bottled Tornado"],"potions_floor_usage":[50],"damage_taken":[{"damage":12.0,"enemies":"Jaw Worm","floor":1.0,"turns":4.0},{"damage":0.0,"enemies":"2 Louse","floor":2.0,"turns":3.0},{"damage":3.0,"enemies":"Small Slimes","floor":3.0,"turns":4.0},{"damage":10.0,"enemies":"2 Fungi Beasts","floor":4.0,"turns":4.0},{"damage":24.0,"enemies":"Lots of Slimes","floor":5.0,"turns":5.0},{"damage":20.0,"enemies":"3 Sentries","floor":6.0,"turns":6.0},{"damage":3.0,"enemies":"Exordium Thugs","floor":8.0,"turns":3.0},{"damage":36.0,"enemies":"Gremlin Nob","floor":11.0,"turns":5.0},{"damage":46.0,"enemies":"Slime Boss","floor":16.0,"turns":12.0},{"damage":9.0,"enemies":"Spheric Guardian","floor":18.0,"turns":3.0},{"damage":24.0,"enemies":"2 Thieves","floor":21.0,"turns":2.0},{"damage":10.0,"enemies":"Shelled Parasite and Fungi","floor":22.0,"turns":2.0},{"damage":16.0,"enemies":"Book of Stabbing","floor":23.0,"turns":4.0},{"damage":9.0,"enemies":"Sentry and Sphere","floor":25.0,"turns":3.0},{"damage":6.0,"enemies":"Gremlin Leader","floor":28.0,"turns":1.0},{"damage":14.0,"enemies":"Snake Plant","floor":29.0,"turns":2.0},{"damage":24.0,"enemies":"Slavers","floor":31.0,"turns":5.0},{"damage":26.0,"enemies":"Collector","floor":33.0,"turns":5.0},{"damage":66.0,"enemies":"3 Darklings","floor":35.0,"turns":4.0},{"damage":13.0,"enemies":"Orb Walker","floor":37.0,"turns":4.0},{"damage":55.0,"enemies":"Transient","floor":38.0,"turns":5.0},{"damage":14.0,"enemies":"Maw","floor":39.0,"turns":6.0},{"damage":29.0,"enemies":"Sphere and 2 Shapes","floor":42.0,"turns":4.0},{"damage":37.0,"enemies":"Nemesis","floor":45.0,"turns":5.0},{"damage":23.0,"enemies":"Transient","floor":48.0,"turns":5.0},{"damage":44,"enemies":"Donu and Deca","floor":50,"turns":4}],"seed_played":"-912155650334925866","potions_obtained":[{"floor":1.0,"key":"FearPotion"},{"floor":3.0,"key":"Regen Potion"},{"floor":5.0,"key":"Explosive Potion"},{"floor":6.0,"key":"Energy Potion"},{"floor":22.0,"key":"GamblersBrew"},{"floor":25.0,"key":"AttackPotion"},{"floor":28.0,"key":"Dexterity Potion"},{"floor":29.0,"key":"Regen Potion"},{"floor":35.0,"key":"Block Potion"},{"floor":37.0,"key":"Regen Potion"},{"floor":38.0,"key":"AttackPotion"},{"floor":39.0,"key":"SkillPotion"}],"is_trial":false,"path_per_floor":["M","M","M","M","M","E","R","M","T","R","E","R","?","?","R","B",null,"M","?","?","M","M","E","$","M","T","R","E","M","T","E","R","B",null,"M","?","M","M","M","$","R","M","T","T","E","?","R","M","R","B",null],"character_chosen":"IRONCLAD","items_purchased":["Heavy Blade","Meat on the Bone","AttackPotion","Panache+1"],"campfire_rested":2,"item_purchase_floors":[24,24,24,40],"current_hp_per_floor":[74,80,80,76,58,59,59,62,62,62,32,32,32,52,52,12,80,77,77,77,59,55,45,45,54,54,54,54,48,48,58,80,60,80,36,36,47,31,41,41,65,60,60,60,47,47,47,48,48,53],"gold":103,"neow_bonus":"THREE_CARDS","is_prod":false,"is_daily":false,"chose_seed":false,"campfire_upgraded":7,"win_rate":0,"timestamp":1565822620,"path_taken":["M","M","M","M","M","E","R","M","T","R","E","R","?","?","R","BOSS","M","?","?","M","?","E","$","M","T","R","E","M","?","E","R","BOSS","M","?","?","M","?","$","R","?","T","?","E","?","R","M","R","BOSS"],"build_version":"2019-07-17","purchased_purges":1,"victory":true,"max_hp_per_floor":[80,80,80,80,80,80,80,80,80,80,80,80,80,80,80,80,80,80,80,80,80,80,80,80,80,80,80,80,80,80,80,80,80,80,80,80,80,80,80,80,80,80,80,80,80,80,80,80,80,80],"card_choices":[{"not_picked":["Whirlwind","Hemokinesis"],"picked":"Flame Barrier","floor":0.0},{"not_picked":["Power Through","Corruption","Whirlwind"],"picked":"SKIP","floor":1.0},{"not_picked":["True Grit","Warcry"],"picked":"Hemokinesis","floor":2.0},{"not_picked":["Clothesline","Sword Boomerang"],"picked":"Inflame","floor":3.0},{"not_picked":["Seeing Red","Body Slam"],"picked":"Pommel Strike","floor":4.0},{"not_picked":["Rage","Intimidate"],"picked":"Flex","floor":5.0},{"not_picked":["Metallicize","Feel No Pain","Evolve"],"picked":"SKIP","floor":6.0},{"not_picked":["Impervious","Carnage","Iron Wave"],"picked":"Infernal Blade","floor":8.0},{"not_picked":["Shrug It Off","Wild Strike","Fire Breathing"],"picked":"Double Tap","floor":11.0},{"not_picked":["Exhume","Bludgeon","Dark Embrace+1"],"picked":"Offering","floor":16.0},{"not_picked":["Metallicize+1","Warcry","Body Slam"],"picked":"Battle Trance","floor":18.0},{"not_picked":["Ghostly Armor+1","Carnage","Shrug It Off"],"picked":"Seeing Red+1","floor":21.0},{"not_picked":["Juggernaut+1","Fire Breathing+1","Havoc"],"picked":"Inflame+1","floor":22.0},{"not_picked":["Sword Boomerang","Double Tap","Havoc","Battle Trance"],"picked":"SKIP","floor":23.0},{"not_picked":["Twin Strike+1","Carnage","Havoc+1","Pommel Strike"],"picked":"SKIP","floor":25.0},{"not_picked":["Entrench+1","Seeing Red","Reckless Charge+1","Shrug It Off+1"],"picked":"SKIP","floor":28.0},{"not_picked":["Entrench+1","Seeing Red","Reckless Charge+1","Shrug It Off+1"],"picked":"SKIP","floor":28.0},{"not_picked":["Feed","Flame Barrier","Perfected Strike"],"picked":"Blood for Blood+1","floor":29.0},{"not_picked":["True Grit","Perfected Strike","Cleave"],"picked":"Thunderclap","floor":31.0},{"not_picked":["Dropkick","Clash","Second Wind"],"picked":"Hemokinesis+1","floor":32.0},{"not_picked":["Immolate","Fiend Fire","Limit Break"],"picked":"Barricade+1","floor":33.0},{"not_picked":["Iron Wave","Twin Strike+1","Carnage","Battle Trance"],"picked":"SKIP","floor":35.0},{"not_picked":["Seeing Red+1","Sever Soul","Perfected Strike"],"picked":"Armaments","floor":37.0},{"not_picked":["Iron Wave+1","Headbutt","Armaments+1","Uppercut+1"],"picked":"SKIP","floor":38.0},{"not_picked":["Perfected Strike","Rampage+1","Rage"],"picked":"Seeing Red+1","floor":39.0},{"not_picked":["Battle Trance","Heavy Blade+1","Ghostly Armor+1"],"picked":"Impervious","floor":41.0},{"not_picked":["Clothesline+1","Headbutt+1","Twin Strike","Sword Boomerang+1"],"picked":"SKIP","floor":42.0},{"not_picked":["Clothesline+1","Headbutt+1","Twin Strike","Sword Boomerang+1"],"picked":"SKIP","floor":42.0},{"not_picked":["Feel No Pain+1","Exhume","Metallicize+1","Body Slam+1"],"picked":"SKIP","floor":45.0},{"not_picked":["Feel No Pain+1","Metallicize+1","Body Slam+1"],"picked":"Exhume","floor":45.0},{"not_picked":["Body Slam+1","Ghostly Armor+1","Armaments+1"],"picked":"Fire Breathing+1","floor":48.0}],"player_experience":141358,"relics_obtained":[{"floor":6.0,"key":"Question Card"},{"floor":9.0,"key":"Orichalcum"},{"floor":11.0,"key":"Frozen Egg 2"},{"floor":23.0,"key":"Pen Nib"},{"floor":26.0,"key":"Bottled Lightning"},{"floor":28.0,"key":"Blood Vial"},{"floor":30.0,"key":"Self Forming Clay"},{"floor":31.0,"key":"Dream Catcher"},{"floor":43.0,"key":"Anchor"},{"floor":44.0,"key":"Pantograph"},{"floor":45.0,"key":"Bottled Tornado"}],"event_choices":[{"damage_healed":0.0,"max_hp_gain":0.0,"max_hp_loss":0.0,"gold_gain":0.0,"event_name":"World of Goop","player_choice":"Left Gold","floor":13.0,"gold_loss":26.0,"damage_taken":0.0},{"damage_healed":20.0,"max_hp_gain":0.0,"max_hp_loss":0.0,"gold_gain":0.0,"event_name":"The Cleric","player_choice":"Healed","floor":14.0,"gold_loss":35.0,"damage_taken":0.0},{"damage_healed":0.0,"max_hp_gain":0.0,"max_hp_loss":0.0,"gold_gain":0.0,"event_name":"Back to Basics","player_choice":"Simplicity","floor":19.0,"gold_loss":0.0,"damage_taken":0.0,"cards_upgraded":["Strike_R","Strike_R","Strike_R","Defend_R","Defend_R","Defend_R","Defend_R"]},{"damage_healed":0.0,"max_hp_gain":0.0,"max_hp_loss":0.0,"gold_gain":0.0,"event_name":"Designer","player_choice":"Upgraded Two","floor":20.0,"gold_loss":40.0,"damage_taken":0.0,"cards_upgraded":["Battle Trance","Offering"]},{"damage_healed":0.0,"max_hp_gain":0.0,"max_hp_loss":0.0,"gold_gain":0.0,"event_name":"Upgrade Shrine","player_choice":"Upgraded","floor":36.0,"gold_loss":0.0,"damage_taken":0.0,"cards_upgraded":["Inflame"]},{"damage_healed":0.0,"max_hp_gain":0.0,"max_hp_loss":0.0,"gold_gain":0.0,"event_name":"Duplicator","player_choice":"Copied","floor":46.0,"gold_loss":0.0,"damage_taken":0.0,"cards_obtained":["Offering"]}],"is_beta":false,"boss_relics":[{"not_picked":["White Beast Statue","Ectoplasm"],"picked":"Empty Cage"},{"not_picked":["Eternal Feather","Velvet Choker"],"picked":"Black Blood"}],"items_purged_floors":[40],"is_endless":false,"potions_floor_spawned":[1,3,5,6,22,25,28,29,35,37,38,39],"ascension_level":2}