{"path_per_floor":["M","?","M","M","M","R","E","?","T","M","R","M","M","?","R","B",null,"M","M","?","M","M","R","?","?","T","$","?"],"character_chosen":"THE_SILENT","items_purchased":["Kunai","Burst","Backflip"],"gold_per_floor":[109,109,126,139,154,154,186,248,248,260,260,277,291,366,366,470,470,482,494,494,511,525,525,525,559,559,55,55,55],"floor_reached":29,"campfire_rested":1,"playtime":2516,"current_hp_per_floor":[70,70,69,69,63,63,58,46,46,43,43,42,40,29,50,5,70,64,50,50,46,35,43,43,1,1,1,1,0],"items_purged":["Strike_G"],"gold":55,"score":250,"play_id":"a4824397-7c00-4f01-ab8b-2987cbc19b09","local_time":"20180522201415","is_prod":false,"is_daily":false,"chose_seed":false,"is_ascension_mode":true,"campfire_upgraded":3,"timestamp":1527045255,"campfire_choices":[{"data":"Footwork","floor":6,"key":"SMITH"},{"data":"Noxious Fumes","floor":11,"key":"SMITH"},{"floor":15,"key":"REST"},{"data":"Catalyst","floor":23,"key":"SMITH"}],"path_taken":["M","?","M","M","M","R","E","?","T","M","R","?","M","?","R","BOSS","M","?","?","?","M","R","?","?","T","$","?","?"],"build_version":"2018-05-17","seed_source_timestamp":8238205510036,"purchased_purges":1,"victory":false,"master_deck":["Defend_G","Defend_G","Defend_G","Defend_G","Defend_G","Strike_G","Strike_G","Strike_G","Survivor","Neutralize","Noxious Fumes+1","Sucker Punch","Footwork+1","Heel Hook","Dodge and Roll","Escape Plan","Prepared","Adrenaline","Catalyst+1","Acrobatics","Noxious Fumes","Burst","Backflip","Decay"],"max_hp_per_floor":[70,70,70,70,70,70,70,70,70,70,70,70,70,70,70,70,70,70,70,70,70,70,70,70,70,70,70,70,70],"relics":["Ring of the Snake","Centennial Puzzle","Mummified Hand","Smiling Mask","Eternal Feather","Red Mask","Paper Crane","Kunai"],"card_choices":[{"not_picked":["Backstab","Distraction"],"picked":"Noxious Fumes","floor":0},{"not_picked":["Deadly Poison","Slice"],"picked":"Sucker Punch","floor":1},{"not_picked":["Concentrate","Calculated Gamble"],"picked":"Footwork","floor":3},{"not_picked":["Bane","Endless Agony","Slice"],"picked":"SKIP","floor":4},{"not_picked":["Dodge and Roll","Slice"],"picked":"Heel Hook","floor":5},{"not_picked":["Quick Slash","Calculated Gamble","Accuracy"],"picked":"SKIP","floor":7},{"not_picked":["Flying Knee","Deflect"],"picked":"Dodge and Roll","floor":8},{"not_picked":["Dodge and Roll","Quick Slash"],"picked":"Escape Plan","floor":10},{"not_picked":["Terror","Slice"],"picked":"Prepared","floor":12},{"not_picked":["Prepared","Glass Knife","Quick Slash"],"picked":"SKIP","floor":13},{"not_picked":["Bullet Time","Tools of the Trade"],"picked":"Adrenaline","floor":16},{"not_picked":["Endless Agony","Predator","Slice"],"picked":"SKIP","floor":18},{"not_picked":["Sucker Punch+1","Quick Slash+1","Finisher"],"picked":"SKIP","floor":19},{"not_picked":["Dodge and Roll","Cloak And Dagger"],"picked":"Catalyst","floor":21},{"not_picked":["Infinite Blades","Masterful Stab"],"picked":"Acrobatics","floor":22}],"player_experience":298668,"potions_floor_usage":[7,7,8,10,12,25,25],"damage_taken":[{"damage":0,"enemies":"Cultist","floor":1,"turns":4},{"damage":1,"enemies":"2 Louse","floor":3,"turns":3},{"damage":0,"enemies":"Small Slimes","floor":4,"turns":4},{"damage":6,"enemies":"Looter","floor":5,"turns":4},{"damage":5,"enemies":"Lagavulin","floor":7,"turns":7},{"damage":12,"enemies":"Gremlin Nob","floor":8,"turns":5},{"damage":3,"enemies":"Gremlin Gang","floor":10,"turns":5},{"damage":1,"enemies":"Exordium Thugs","floor":12,"turns":5},{"damage":2,"enemies":"Large Slime","floor":13,"turns":8},{"damage":45,"enemies":"Hexaghost","floor":16,"turns":13},{"damage":6,"enemies":"Shell Parasite","floor":18,"turns":8},{"damage":14,"enemies":"Spheric Guardian","floor":19,"turns":6},{"damage":4,"enemies":"Chosen and Byrds","floor":21,"turns":9},{"damage":11,"enemies":"Snake Plant","floor":22,"turns":6},{"damage":42,"enemies":"Masked Bandits","floor":25,"turns":6},{"damage":19,"enemies":"Cultist and Chosen","floor":29,"turns":6}],"relics_obtained":[{"floor":7,"key":"Centennial Puzzle"},{"floor":8,"key":"Mummified Hand"},{"floor":9,"key":"Smiling Mask"},{"floor":25,"key":"Red Mask"},{"floor":26,"key":"Paper Crane"}],"event_choices":[{"event_name":"Bonfire Elementals","player_choice":"BASIC","floor":2,"damage_taken":0},{"event_name":"Dead Adventurer","player_choice":"Searched \u00271\u0027 times","floor":8,"damage_taken":0},{"event_name":"World of Goop","player_choice":"Gather Gold","floor":14,"damage_taken":0},{"event_name":"Accursed Blacksmith","player_choice":"Ignore","floor":20,"damage_taken":0},{"event_name":"The Library","player_choice":"Read","floor":24,"damage_taken":0},{"event_name":"Masked Bandits","player_choice":"Fought over 525 gold","floor":25,"damage_taken":0},{"event_name":"Forgotten Altar","player_choice":"Smashed Altar","floor":28,"damage_taken":0}],"boss_relics":[{"not_picked":["Orrery","Velvet Choker"],"picked":"Eternal Feather"}],"potions_floor_spawned":[3,4,7,8,10,16,18,22],"seed_played":"5380135337937084363","killed_by":"Cultist and Chosen","ascension_level":2,"potions_obtained":[{"floor":3,"key":"Poison Potion"},{"floor":4,"key":"Ancient Potion"},{"floor":7,"key":"GhostInAJar"},{"floor":8,"key":"Poison Potion"},{"floor":10,"key":"Poison Potion"},{"floor":16,"key":"LiquidBronze"},{"floor":18,"key":"Strength Potion"},{"floor":22,"key":"SpeedPotion"}],"is_trial":false}