{"gold_per_floor":[117,192,192,82,52,85,85,118,143,168,204,219,235,250,250,375,375,395,418,441,45,69,69],"floor_reached":23,"playtime":1687,"items_purged":["Injury","Doom and Gloom"],"score":352,"play_id":"bb617d9c-0234-4d3d-a5fa-80d8f7ac48f6","local_time":"20190908115334","is_ascension_mode":true,"campfire_choices":[{"data":"Zap","floor":7,"key":"SMITH"},{"floor":15,"key":"REST"}],"neow_cost":"NONE","seed_source_timestamp":406938087574600,"circlet_count":0,"master_deck":["Zap+1","Dualcast","Capacitor","Storm","Cold Snap","Coolheaded","Hello World","Consume","Creative AI","Reboot","Amplify","Stack","Thunder Strike","Reinforced Body","Seek","Undo","Defragment","Enlightenment"],"relics":["Cracked Core","NeowsBlessing","Golden Idol","Ornamental Fan","Blue Candle","Ancient Tea Set","Vajra","Pandora\u0027s Box","Bronze Scales","Omamori"],"potions_floor_usage":[11,11,16,18,18,23,23],"damage_taken":[{"damage":0,"enemies":"2 Louse","floor":1,"turns":1},{"damage":0,"enemies":"Gremlin Nob","floor":6,"turns":1},{"damage":0,"enemies":"Lagavulin","floor":8,"turns":2},{"damage":0,"enemies":"Small Slimes","floor":10,"turns":3},{"damage":9,"enemies":"3 Sentries","floor":11,"turns":4},{"damage":2,"enemies":"Jaw Worm","floor":12,"turns":4},{"damage":7,"enemies":"Red Slaver","floor":13,"turns":3},{"damage":10,"enemies":"Exordium Thugs","floor":14,"turns":4},{"damage":1,"enemies":"Slime Boss","floor":16,"turns":9},{"damage":31,"enemies":"2 Thieves","floor":18,"turns":4},{"damage":7,"enemies":"3 Byrds","floor":20,"turns":3},{"damage":18,"enemies":"Snake Plant","floor":22,"turns":5},{"damage":13,"enemies":"Book of Stabbing","floor":23,"turns":2}],"seed_played":"7384473699934540228","potions_obtained":[{"floor":1,"key":"SkillPotion"},{"floor":5,"key":"FearPotion"},{"floor":5,"key":"Strength Potion"},{"floor":13,"key":"Energy Potion"},{"floor":14,"key":"Block Potion"},{"floor":16,"key":"Ancient Potion"},{"floor":20,"key":"Strength Potion"},{"floor":22,"key":"SkillPotion"}],"is_trial":false,"path_per_floor":["M","?","?","$","?","E","R","E","T","M","E","M","M","M","R","B",null,"M","T","M","$","M","E"],"character_chosen":"DEFECT","items_purchased":["Capacitor","Defragment","Omamori","Enlightenment"],"campfire_rested":1,"item_purchase_floors":[4,21,21,21],"current_hp_per_floor":[68,57,57,57,57,57,57,57,57,57,48,46,39,29,51,50,69,38,38,31,31,13,0],"gold":69,"neow_bonus":"THREE_ENEMY_KILL","is_prod":false,"is_daily":false,"chose_seed":false,"campfire_upgraded":1,"win_rate":0,"timestamp":1567961614,"path_taken":["M","?","?","$","?","E","R","E","T","M","E","M","M","M","R","BOSS","M","?","M","$","M","E"],"build_version":"2019-08-26","purchased_purges":2,"victory":false,"max_hp_per_floor":[75,75,75,75,75,75,75,75,75,75,75,75,75,75,75,75,75,75,75,75,75,75,75],"card_choices":[{"not_picked":["Doom and Gloom","Stack","Scrape"],"picked":"SKIP","floor":1},{"not_picked":["Melter","Steam"],"picked":"Storm","floor":6},{"not_picked":["FTL","Barrage"],"picked":"Cold Snap","floor":8},{"not_picked":["Steam Power","Compile Driver"],"picked":"Coolheaded","floor":10},{"not_picked":["Ball Lightning","Doom and Gloom"],"picked":"Hello World","floor":11},{"not_picked":["Compile Driver","Cold Snap","Redo"],"picked":"SKIP","floor":12},{"not_picked":["Leap","Turbo","Rip and Tear"],"picked":"SKIP","floor":13},{"not_picked":["Hyperbeam","FTL"],"picked":"Consume","floor":14},{"not_picked":["Meteor Strike","All For One"],"picked":"Creative AI","floor":16},{"not_picked":["Stack","Streamline","Blizzard+1"],"picked":"SKIP","floor":18},{"not_picked":["Stack","Redo","Hologram"],"picked":"SKIP","floor":20},{"not_picked":["Redo","Barrage","Compile Driver"],"picked":"SKIP","floor":22}],"player_experience":224981,"relics_obtained":[{"floor":6,"key":"Ornamental Fan"},{"floor":8,"key":"Blue Candle"},{"floor":9,"key":"Ancient Tea Set"},{"floor":11,"key":"Vajra"},{"floor":19,"key":"Bronze Scales"}],"event_choices":[{"damage_healed":0,"gold_gain":75,"player_choice":"Gather Gold","damage_taken":11,"max_hp_gain":0,"max_hp_loss":0,"event_name":"World of Goop","floor":2,"gold_loss":0},{"damage_healed":0,"gold_gain":0,"player_choice":"Take Wound","damage_taken":0,"relics_obtained":["Golden Idol"],"max_hp_gain":0,"max_hp_loss":0,"event_name":"Golden Idol","floor":3,"gold_loss":0,"cards_obtained":["Injury"]},{"damage_healed":0,"gold_gain":0,"player_choice":"Bought 2 Potions","damage_taken":0,"max_hp_gain":0,"max_hp_loss":0,"event_name":"The Woman in Blue","floor":5,"gold_loss":0}],"is_beta":true,"boss_relics":[{"not_picked":["Snecko Eye","Runic Dome"],"picked":"Pandora\u0027s Box"}],"items_purged_floors":[4,21],"is_endless":false,"potions_floor_spawned":[1,8,13,14,16,20,22],"killed_by":"Book of Stabbing","ascension_level":7}