{"gold_per_floor":[112,5,22,22,197,197,227,227,227,227,227,252,267,301,301,397,397,414,414,414,394,407,407,407],"floor_reached":24,"playtime":740,"items_purged":[],"score":272,"play_id":"0b85d259-a081-4f50-8779-cfa1337e2db6","local_time":"20190803111950","is_ascension_mode":true,"campfire_choices":[{"data":"Body Slam","floor":6.0,"key":"SMITH"},{"data":"Pommel Strike","floor":8.0,"key":"SMITH"},{"data":"Bash","floor":11.0,"key":"SMITH"},{"data":"Fire Breathing","floor":15,"key":"SMITH"},{"data":"Demon Form","floor":23,"key":"SMITH"}],"neow_cost":"NONE","seed_source_timestamp":407297908682102,"circlet_count":0,"master_deck":["Strike_R","Strike_R","Strike_R","Strike_R","Defend_R","Defend_R","Defend_R","Defend_R","Bash+1","Perfected Strike","Pommel Strike+1","Heavy Blade","Body Slam+1","Searing Blow","Fire Breathing+1","Clash","Flex","Demon Form+1","Thunderclap","Havoc+1"],"special_seed":0,"relics":["Burning Blood","NeowsBlessing","Omamori","Darkstone Periapt","Dodecahedron","Bronze Scales","Pear","Runic Pyramid"],"potions_floor_usage":[16,22],"damage_taken":[{"damage":0.0,"enemies":"Small Slimes","floor":1.0,"turns":1.0},{"damage":0.0,"enemies":"Jaw Worm","floor":3.0,"turns":1.0},{"damage":0.0,"enemies":"3 Sentries","floor":7.0,"turns":2.0},{"damage":6.0,"enemies":"Gremlin Nob","floor":12.0,"turns":3.0},{"damage":1.0,"enemies":"2 Louse","floor":13.0,"turns":2.0},{"damage":18,"enemies":"3 Sentries","floor":14,"turns":6},{"damage":37,"enemies":"The Guardian","floor":16,"turns":9},{"damage":18,"enemies":"Shell Parasite","floor":18,"turns":3},{"damage":35,"enemies":"2 Thieves","floor":22,"turns":3},{"damage":54,"enemies":"3 Cultists","floor":24,"turns":4}],"seed_played":"6763787633982022925","potions_obtained":[{"floor":12.0,"key":"BloodPotion"},{"floor":13.0,"key":"Block Potion"},{"floor":14,"key":"Poison Potion"},{"floor":21,"key":"SneckoOil"},{"floor":22,"key":"LiquidBronze"}],"is_trial":false,"path_per_floor":["M","$","M","?","?","R","E","R","T","?","R","E","M","E","R","B",null,"M","?","?","?","M","R","M"],"character_chosen":"IRONCLAD","items_purchased":["Pommel Strike","Heavy Blade"],"campfire_rested":0,"item_purchase_floors":[2,2],"current_hp_per_floor":[80,80,80,68,68,68,74,74,74,67,67,67,72,70,70,39,90,78,60,60,60,54,54,0],"gold":407,"neow_bonus":"THREE_ENEMY_KILL","is_prod":false,"is_daily":false,"chose_seed":false,"campfire_upgraded":5,"win_rate":0,"timestamp":1564856390,"path_taken":["M","$","M","?","?","R","E","R","T","?","R","E","M","E","R","BOSS","M","?","?","?","M","R","M"],"build_version":"2019-07-17","purchased_purges":0,"victory":false,"max_hp_per_floor":[80,80,80,80,80,80,80,80,80,80,80,80,80,90,90,90,90,90,95,95,95,95,95,95],"card_choices":[{"not_picked":["Iron Wave","Thunderclap"],"picked":"Perfected Strike","floor":1.0},{"not_picked":["True Grit","Clothesline"],"picked":"Body Slam","floor":3.0},{"not_picked":["Wild Strike","Carnage"],"picked":"Searing Blow","floor":7.0},{"not_picked":["Combust","Clothesline"],"picked":"Fire Breathing","floor":12.0},{"not_picked":["Uppercut","Intimidate"],"picked":"Clash","floor":13.0},{"not_picked":["True Grit","Bloodletting"],"picked":"Flex","floor":14},{"not_picked":["Offering","Bludgeon"],"picked":"Demon Form","floor":16},{"not_picked":["Havoc","Pummel"],"picked":"Thunderclap","floor":18},{"not_picked":["Warcry","Armaments"],"picked":"Havoc+1","floor":22}],"player_experience":2495006,"relics_obtained":[{"floor":7.0,"key":"Darkstone Periapt"},{"floor":9.0,"key":"Dodecahedron"},{"floor":12.0,"key":"Bronze Scales"},{"floor":14,"key":"Pear"}],"event_choices":[{"damage_healed":0.0,"max_hp_gain":0.0,"max_hp_loss":0.0,"gold_gain":0.0,"event_name":"Scrap Ooze","player_choice":"Success","floor":4.0,"gold_loss":0.0,"damage_taken":12.0,"relics_obtained":["Omamori"]},{"damage_healed":0.0,"max_hp_gain":0.0,"max_hp_loss":0.0,"gold_gain":175.0,"event_name":"Liars Game","player_choice":"AGREE","floor":5.0,"gold_loss":0.0,"damage_taken":0.0,"cards_obtained":["Doubt"]},{"cards_removed":["Strike_R"],"damage_healed":0.0,"max_hp_gain":0.0,"max_hp_loss":0.0,"gold_gain":0.0,"event_name":"Golden Wing","player_choice":"Card Removal","floor":10.0,"gold_loss":0.0,"damage_taken":7.0},{"damage_healed":0,"gold_gain":0,"player_choice":"Shed Blood","damage_taken":23,"max_hp_gain":5,"max_hp_loss":0,"event_name":"Forgotten Altar","floor":19,"gold_loss":0},{"damage_healed":0,"gold_gain":0,"player_choice":"Ignored","damage_taken":0,"max_hp_gain":0,"max_hp_loss":0,"event_name":"Ghosts","floor":20,"gold_loss":0},{"damage_healed":0,"gold_gain":0,"player_choice":"Bought 1 Potion","damage_taken":0,"max_hp_gain":0,"max_hp_loss":0,"event_name":"The Woman in Blue","floor":21,"gold_loss":0}],"is_beta":false,"boss_relics":[{"not_picked":["Busted Crown","Black Blood"],"picked":"Runic Pyramid"}],"items_purged_floors":[],"is_endless":false,"potions_floor_spawned":[12,13,14,22],"killed_by":"3 Cultists","ascension_level":1}