{"gold_per_floor":[119,134,148,2,14,14,29,63,138,153,153,178,192,206,206,304,304,314,314,9,9,9,9,36,51,51,51,70,70,102,118,118,215,215,225,238,256,271,289,322,322,322,345,363,34,34,69,69,69,69,69,69,28,28],"floor_reached":54,"playtime":6809,"items_purged":["Strike_P"],"score":828,"play_id":"80e0ec0d-8c4c-44a3-985f-667653730f39","local_time":"20190917114336","is_ascension_mode":false,"campfire_choices":[{"data":"WindmillStrike","floor":6.0,"key":"SMITH"},{"floor":15.0,"key":"REST"},{"floor":23.0,"key":"DIG"},{"floor":27.0,"key":"DIG"},{"floor":29.0,"key":"DIG"},{"floor":32,"key":"DIG"},{"floor":46,"key":"RECALL"},{"floor":49,"key":"DIG"},{"floor":52,"key":"DIG"}],"neow_cost":"CURSE","seed_source_timestamp":0,"circlet_count":0,"master_deck":["Strike_P","Strike_P","Strike_P","Defend_P+1","Defend_P+1","Defend_P","Defend_P","Eruption","Vigilance","Nirvana","EmptyBody","CutThroughFate","WindmillStrike+1","EmptyMind","Weave","SandsOfTime","JustLucky","Wireheading","ClearTheMind","CutThroughFate","Weave+1","ThirdEye","EmptyFist","InnerPeace","Meditate","MasterReality","Protect+1","Vengeance","JustLucky+1","MentalFortress+1"],"special_seed":0,"relics":["PureWater","Potion Belt","TeardropLocket","NlothsMask","Shovel","Coffee Dripper","Eternal Feather","Enchiridion","Lantern","Gremlin Horn","Calipers","Orichalcum","Dodecahedron","Mummified Hand","Fusion Hammer","White Beast Statue","Vajra","War Paint","The Courier","Strawberry","Sundial"],"potions_floor_usage":[33,38,40,40,47,48,50,50,54,54],"damage_taken":[{"damage":1.0,"enemies":"2 Louse","floor":1.0,"turns":3.0},{"damage":3.0,"enemies":"Cultist","floor":2.0,"turns":6.0},{"damage":2.0,"enemies":"Small Slimes","floor":3.0,"turns":6.0},{"damage":0.0,"enemies":"2 Fungi Beasts","floor":5.0,"turns":3.0},{"damage":5.0,"enemies":"Lots of Slimes","floor":7.0,"turns":4.0},{"damage":14.0,"enemies":"3 Sentries","floor":8.0,"turns":6.0},{"damage":4.0,"enemies":"Gremlin Gang","floor":10.0,"turns":4.0},{"damage":13.0,"enemies":"Lagavulin","floor":12.0,"turns":5.0},{"damage":0.0,"enemies":"Exordium Thugs","floor":13.0,"turns":5.0},{"damage":5.0,"enemies":"Blue Slaver","floor":14.0,"turns":3.0},{"damage":0.0,"enemies":"Slime Boss","floor":16.0,"turns":3.0},{"damage":2.0,"enemies":"3 Byrds","floor":18.0,"turns":4.0},{"damage":0.0,"enemies":"Book of Stabbing","floor":24.0,"turns":5.0},{"damage":5.0,"enemies":"2 Thieves","floor":25.0,"turns":4.0},{"damage":0.0,"enemies":"Cultist and Chosen","floor":28.0,"turns":4.0},{"damage":10.0,"enemies":"Gremlin Leader","floor":30.0,"turns":4.0},{"damage":10.0,"enemies":"Sentry and Sphere","floor":31.0,"turns":5.0},{"damage":2,"enemies":"Automaton","floor":33,"turns":10},{"damage":31,"enemies":"3 Darklings","floor":35,"turns":4},{"damage":0,"enemies":"Orb Walker","floor":36,"turns":4},{"damage":0,"enemies":"Transient","floor":37,"turns":5},{"damage":7,"enemies":"Sphere and 2 Shapes","floor":38,"turns":6},{"damage":10,"enemies":"4 Shapes","floor":39,"turns":6},{"damage":9,"enemies":"Giant Head","floor":40,"turns":8},{"damage":0,"enemies":"Transient","floor":44,"turns":5},{"damage":0,"enemies":"Nemesis","floor":47,"turns":7},{"damage":0,"enemies":"Sphere and 2 Shapes","floor":48,"turns":1},{"damage":28,"enemies":"Time Eater","floor":50,"turns":11},{"damage":75,"enemies":"Shield and Spear","floor":54,"turns":3}],"seed_played":"-7541435067236481474","potions_obtained":[{"floor":2.0,"key":"DuplicationPotion"},{"floor":3.0,"key":"LiquidBronze"},{"floor":5.0,"key":"SteroidPotion"},{"floor":7.0,"key":"Energy Potion"},{"floor":10.0,"key":"Block Potion"},{"floor":14.0,"key":"Swift Potion"},{"floor":18.0,"key":"Ancient Potion"},{"floor":22.0,"key":"Block Potion"},{"floor":22.0,"key":"Explosive Potion"},{"floor":22.0,"key":"SteroidPotion"},{"floor":30.0,"key":"PowerPotion"},{"floor":31.0,"key":"Regen Potion"},{"floor":33,"key":"SmokeBomb"},{"floor":35,"key":"Weak Potion"},{"floor":38,"key":"Weak Potion"},{"floor":44,"key":"StancePotion"},{"floor":47,"key":"Swift Potion"}],"is_trial":false,"path_per_floor":["M","M","M","$","M","R","M","E","T","M","?","E","M","M","R","B",null,"M","?","$","?","?","R","E","M","T","R","M","R","E","M","R","B",null,"M","M","M","M","M","E","T","?","T","M","$","R","E","M","R","B",null,"R","$","E"],"character_chosen":"WATCHER","items_purchased":["WindmillStrike","EmptyMind","Weave","Eternal Feather","EmptyFist","War Paint","PowerPotion","Weak Potion","Explosive Potion"],"campfire_rested":1,"item_purchase_floors":[4,4,4,20,20,45,45,45,53],"current_hp_per_floor":[64,61,59,59,59,59,54,40,40,36,36,23,23,18,37,37,65,63,63,63,47,47,62,62,57,57,65,65,65,55,45,60,58,65,34,34,34,42,32,23,23,23,23,23,23,41,41,41,66,38,72,72,72,0],"gold":28,"neow_bonus":"THREE_RARE_CARDS","is_prod":false,"is_daily":false,"chose_seed":false,"campfire_upgraded":1,"win_rate":0,"timestamp":1568738616,"path_taken":["M","M","M","$","M","R","M","E","T","M","?","E","M","?","R","BOSS","M","?","$","?","?","R","E","M","T","R","M","R","E","M","R","BOSS","M","?","?","M","M","E","?","?","T","?","$","R","E","M","R","BOSS","R","$","E"],"build_version":"2019-09-16v2","purchased_purges":1,"victory":false,"max_hp_per_floor":[65,65,65,65,65,65,65,65,65,65,65,65,65,65,65,65,65,65,65,65,65,65,65,65,65,65,65,65,65,65,65,65,65,65,65,65,65,65,65,65,65,65,65,65,65,65,65,65,72,72,72,72,72,72],"card_choices":[{"not_picked":["Wish","Brilliance"],"picked":"Nirvana","floor":0.0},{"not_picked":["CleanseEvil","CrushJoints","FlurryOfBlows"],"picked":"SKIP","floor":1.0},{"not_picked":["PathToVictory","Protect"],"picked":"EmptyBody","floor":2.0},{"not_picked":["SashWhip","PathToVictory"],"picked":"CutThroughFate","floor":3.0},{"not_picked":["WindmillStrike","SpiritShield"],"picked":"SandsOfTime","floor":5.0},{"not_picked":["Consecrate","FlyingSleeves"],"picked":"JustLucky","floor":7.0},{"not_picked":["Protect","EmptyFist"],"picked":"Wireheading","floor":8.0},{"not_picked":["FlyingSleeves","Devotion","Adaptation"],"picked":"SKIP","floor":10.0},{"not_picked":["DeceiveReality","Scrawl"],"picked":"ClearTheMind","floor":12.0},{"not_picked":["PathToVictory","SpiritShield","SignatureMove"],"picked":"SKIP","floor":13.0},{"not_picked":["Consecrate","EmptyFist"],"picked":"CutThroughFate","floor":14.0},{"not_picked":["PathToVictory","EmptyMind"],"picked":"Weave+1","floor":18.0},{"not_picked":["ClearTheMind","Wallop","TalkToTheHand"],"picked":"SKIP","floor":24.0},{"not_picked":["WaveOfTheHand","Consecrate"],"picked":"InnerPeace","floor":25.0},{"not_picked":["FollowUp","WindmillStrike","Halt"],"picked":"SKIP","floor":28.0},{"not_picked":["Alpha","Consecrate+1"],"picked":"Meditate","floor":30.0},{"not_picked":["ClearTheMind","WaveOfTheHand+1","Scrawl"],"picked":"SKIP","floor":31.0},{"not_picked":["Blasphemy","FlowState"],"picked":"MasterReality","floor":33},{"not_picked":["EmptyBody+1","SashWhip"],"picked":"Protect+1","floor":35},{"not_picked":["Conclude+1","FearNoEvil+1"],"picked":"Vengeance","floor":36},{"not_picked":["Devotion","Consecrate"],"picked":"JustLucky+1","floor":37},{"not_picked":["EmptyFist","FollowUp","CleanseEvil"],"picked":"SKIP","floor":38},{"not_picked":["Vengeance","EmptyMind","Meditate"],"picked":"SKIP","floor":39},{"not_picked":["TalkToTheHand","BowlingBash"],"picked":"MentalFortress+1","floor":40},{"not_picked":["Perseverance+1","CutThroughFate+1","Sanctity+1"],"picked":"SKIP","floor":44},{"not_picked":["Collect","Protect+1","MentalFortress"],"picked":"SKIP","floor":47}],"player_experience":292084,"relics_obtained":[{"floor":8.0,"key":"Potion Belt"},{"floor":9.0,"key":"TeardropLocket"},{"floor":12.0,"key":"Shovel"},{"floor":21.0,"key":"Enchiridion"},{"floor":23.0,"key":"Lantern"},{"floor":24.0,"key":"Gremlin Horn"},{"floor":27.0,"key":"Calipers"},{"floor":29.0,"key":"Orichalcum"},{"floor":30.0,"key":"Dodecahedron"},{"floor":32,"key":"Mummified Hand"},{"floor":40,"key":"White Beast Statue"},{"floor":43,"key":"Vajra"},{"floor":47,"key":"The Courier"},{"floor":49,"key":"Strawberry"},{"floor":52,"key":"Sundial"}],"event_choices":[{"damage_healed":0.0,"max_hp_gain":0.0,"max_hp_loss":0.0,"gold_gain":0.0,"event_name":"FaceTrader","player_choice":"Trade","floor":11.0,"gold_loss":0.0,"damage_taken":0.0,"relics_obtained":["NlothsMask"]},{"damage_healed":0.0,"max_hp_gain":0.0,"max_hp_loss":0.0,"gold_gain":0.0,"event_name":"The Library","player_choice":"Read","floor":19.0,"gold_loss":0.0,"damage_taken":0.0,"cards_obtained":["ThirdEye"]},{"damage_healed":0.0,"max_hp_gain":0.0,"max_hp_loss":0.0,"gold_gain":0.0,"event_name":"Cursed Tome","player_choice":"Obtained Book","floor":21.0,"gold_loss":0.0,"damage_taken":16.0},{"damage_healed":0.0,"max_hp_gain":0.0,"max_hp_loss":0.0,"gold_gain":0.0,"event_name":"Lab","player_choice":"Got Potions","floor":22.0,"gold_loss":0.0,"damage_taken":0.0},{"cards_removed":["Clumsy"],"damage_healed":0,"gold_gain":0,"player_choice":"Removed Curses","damage_taken":0,"max_hp_gain":0,"max_hp_loss":0,"event_name":"Fountain of Cleansing","floor":42,"gold_loss":0}],"is_beta":true,"boss_relics":[{"not_picked":["Velvet Choker","Runic Pyramid"],"picked":"Coffee Dripper"},{"not_picked":["Runic Dome","VioletLotus"],"picked":"Fusion Hammer"}],"items_purged_floors":[45],"is_endless":false,"potions_floor_spawned":[2,3,5,7,10,14,18,30,31,33,35,38,44,47,48],"killed_by":"Shield and Spear","ascension_level":0}