{"gold_per_floor":[115,290,304,20,20,49,66,86,111,111,141,141,153,165,177,285,297,326,8,8,23,23,58,58,86,86,86,96,116,116,131,131,232,532,545,561,4,24,37,37,37],"floor_reached":41,"playtime":2657,"items_purged":["Doubt","Strike_G"],"score":541,"play_id":"fcc73c68-ee95-4436-96e4-7c51ed5c3a39","local_time":"20190920100643","is_ascension_mode":false,"campfire_choices":[{"data":"Neutralize","floor":10,"key":"SMITH"},{"data":"Caltrops","floor":13,"key":"SMITH"},{"data":"Cloak And Dagger","floor":15,"key":"SMITH"},{"data":"Footwork","floor":24,"key":"SMITH"},{"data":"Riddle With Holes","floor":27,"key":"SMITH"},{"data":"Strike_G","floor":32,"key":"PURGE"},{"data":"Bouncing Flask","floor":40,"key":"SMITH"}],"neow_cost":"NONE","seed_source_timestamp":81644179290600,"circlet_count":0,"master_deck":["Strike_G","Strike_G","Defend_G","Defend_G","Defend_G","Defend_G","Defend_G+1","Survivor","Neutralize+1","Deflect","Masterful Stab","Blur","Dagger Spray","Caltrops+1","PiercingWail+1","Cloak And Dagger+1","Blur+1","Footwork+1","Riddle With Holes+1","Terror","CurseOfTheBell","Bouncing Flask+1","Malaise","Noxious Fumes"],"relics":["Ring of the Snake","NeowsBlessing","Smiling Mask","Lantern","Anchor","MawBank","Busted Crown","TheAbacus","Pear","War Paint","Orichalcum","Peace Pipe","Calling Bell","Strawberry","Shuriken","Old Coin","Torii"],"potions_floor_usage":[11,16,33,41,41],"damage_taken":[{"damage":0,"enemies":"Cultist","floor":1,"turns":1},{"damage":0,"enemies":"Small Slimes","floor":3,"turns":2},{"damage":0,"enemies":"3 Sentries","floor":6,"turns":1},{"damage":0,"enemies":"Jaw Worm","floor":7,"turns":3},{"damage":0,"enemies":"Looter","floor":8,"turns":4},{"damage":17,"enemies":"Lagavulin","floor":11,"turns":10},{"damage":24,"enemies":"The Guardian","floor":16,"turns":14},{"damage":9,"enemies":"Spheric Guardian","floor":18,"turns":4},{"damage":0,"enemies":"3 Byrds","floor":21,"turns":4},{"damage":0,"enemies":"Book of Stabbing","floor":23,"turns":6},{"damage":14,"enemies":"Gremlin Leader","floor":25,"turns":11},{"damage":0,"enemies":"Centurion and Healer","floor":28,"turns":11},{"damage":1,"enemies":"Snake Plant","floor":29,"turns":5},{"damage":0,"enemies":"Shelled Parasite and Fungi","floor":31,"turns":7},{"damage":10,"enemies":"Champ","floor":33,"turns":27},{"damage":14,"enemies":"Orb Walker","floor":35,"turns":6},{"damage":0,"enemies":"3 Shapes","floor":36,"turns":7},{"damage":41,"enemies":"Spire Growth","floor":38,"turns":7},{"damage":8,"enemies":"Sphere and 2 Shapes","floor":39,"turns":7},{"damage":32,"enemies":"Giant Head","floor":41,"turns":8}],"seed_played":"-3204653046949031223","potions_obtained":[{"floor":1,"key":"Poison Potion"},{"floor":6,"key":"DuplicationPotion"},{"floor":28,"key":"PowerPotion"},{"floor":29,"key":"SkillPotion"},{"floor":39,"key":"CunningPotion"}],"is_trial":false,"path_per_floor":["M","?","M","$","?","E","M","M","T","R","E","?","R","?","R","B",null,"M","$","?","M","?","E","R","E","T","R","M","M","T","M","R","B",null,"M","M","$","M","M","R","E"],"character_chosen":"THE_SILENT","items_purchased":["Blur","Dagger Spray","Caltrops","Footwork","TheAbacus","Dexterity Potion","Torii","Bouncing Flask","Malaise","Noxious Fumes"],"campfire_rested":0,"item_purchase_floors":[4,4,4,19,19,19,37,37,37,37],"current_hp_per_floor":[70,70,70,70,75,75,75,75,75,75,58,51,51,44,44,20,75,66,66,66,66,66,76,76,62,62,62,62,61,61,61,61,51,92,78,78,78,37,29,29,0],"gold":37,"neow_bonus":"THREE_ENEMY_KILL","is_prod":false,"is_daily":false,"chose_seed":false,"campfire_upgraded":6,"win_rate":0,"timestamp":1568992003,"path_taken":["M","?","M","$","?","E","?","M","T","R","E","?","R","?","R","BOSS","M","$","?","M","?","E","R","E","T","R","M","M","?","M","R","BOSS","M","M","$","M","?","R","E"],"build_version":"2019-09-19","purchased_purges":2,"victory":false,"max_hp_per_floor":[70,70,70,70,75,75,75,75,75,75,75,75,75,75,75,75,75,75,75,75,75,75,85,85,85,85,85,85,85,85,85,85,85,92,92,92,92,92,92,92,92],"card_choices":[{"not_picked":["Flechettes","Prepared"],"picked":"Deflect","floor":1},{"not_picked":["Concentrate","Crippling Poison"],"picked":"Masterful Stab","floor":3},{"not_picked":["Slice","Distraction","Dagger Spray"],"picked":"SKIP","floor":6},{"not_picked":["Deflect","Slice"],"picked":"PiercingWail","floor":7},{"not_picked":["Predator","Outmaneuver","Deflect"],"picked":"SKIP","floor":8},{"not_picked":["Terror","Doppelganger"],"picked":"Cloak And Dagger","floor":11},{"not_picked":[],"picked":"Blur+1","floor":18},{"not_picked":["Cloak And Dagger"],"picked":"SKIP","floor":21},{"not_picked":["Underhanded Strike+1"],"picked":"SKIP","floor":23},{"not_picked":["Tactician"],"picked":"SKIP","floor":25},{"not_picked":["Flying Knee"],"picked":"SKIP","floor":28},{"not_picked":["Cloak And Dagger"],"picked":"SKIP","floor":29},{"not_picked":[],"picked":"Terror","floor":31},{"not_picked":["PiercingWail"],"picked":"SKIP","floor":35},{"not_picked":["PiercingWail"],"picked":"SKIP","floor":35},{"not_picked":["Eviscerate"],"picked":"SKIP","floor":36},{"not_picked":["Deflect"],"picked":"SKIP","floor":38},{"not_picked":["Dagger Spray+1"],"picked":"SKIP","floor":39}],"player_experience":305845,"relics_obtained":[{"floor":6,"key":"Smiling Mask"},{"floor":9,"key":"Lantern"},{"floor":11,"key":"Anchor"},{"floor":23,"key":"Pear"},{"floor":25,"key":"War Paint"},{"floor":26,"key":"Orichalcum"},{"floor":30,"key":"Peace Pipe"},{"floor":34,"key":"Strawberry"},{"floor":34,"key":"Shuriken"},{"floor":34,"key":"Old Coin"}],"event_choices":[{"damage_healed":0,"gold_gain":175,"player_choice":"AGREE","damage_taken":0,"max_hp_gain":0,"max_hp_loss":0,"event_name":"Liars Game","floor":2,"gold_loss":0,"cards_obtained":["Doubt"]},{"damage_healed":0,"gold_gain":0,"player_choice":"Donut","damage_taken":0,"max_hp_gain":5,"max_hp_loss":0,"event_name":"Big Fish","floor":5,"gold_loss":0},{"damage_healed":0,"gold_gain":0,"player_choice":"Success","damage_taken":7,"relics_obtained":["MawBank"],"max_hp_gain":0,"max_hp_loss":0,"event_name":"Scrap Ooze","floor":12,"gold_loss":0},{"cards_removed":["Strike_G"],"damage_healed":0,"gold_gain":0,"player_choice":"Card Removal","damage_taken":7,"max_hp_gain":0,"max_hp_loss":0,"event_name":"Golden Wing","floor":14,"gold_loss":0},{"damage_healed":0,"gold_gain":0,"player_choice":"Ignored","damage_taken":0,"max_hp_gain":0,"max_hp_loss":0,"event_name":"Vampires","floor":20,"gold_loss":0},{"damage_healed":0,"gold_gain":0,"player_choice":"Read","damage_taken":0,"max_hp_gain":0,"max_hp_loss":0,"event_name":"The Library","floor":22,"gold_loss":0,"cards_obtained":["Riddle With Holes"]}],"is_beta":true,"boss_relics":[{"not_picked":["Tiny House","Empty Cage"],"picked":"Busted Crown"},{"not_picked":["Fusion Hammer","Cursed Key"],"picked":"Calling Bell"}],"items_purged_floors":[4,19],"is_endless":false,"potions_floor_spawned":[1,6,28,29,31,39],"killed_by":"Giant Head","ascension_level":0}