{"gold_per_floor":[112,128,144,69,80,80,105,55,55,55,230,261,14,14,14,110,110,124,134,9,9,9],"floor_reached":22,"playtime":1007,"items_purged":["Defend_B","Recycle","Doubt"],"score":211,"play_id":"75f8546f-4d4c-4d2e-b4fc-a8746f4b4a5a","local_time":"20190624115929","is_ascension_mode":true,"campfire_choices":[{"floor":6,"key":"RECALL"},{"data":"Redo","floor":10,"key":"SMITH"},{"floor":15,"key":"REST"}],"neow_cost":"NONE","seed_source_timestamp":984636183771139,"circlet_count":0,"master_deck":["Zap","Dualcast+1","Redo+1","Static Discharge","Defragment","Tempest","Blizzard","Genetic Algorithm","Creative AI","Creative AI","Loop","Cold Snap","Defragment"],"relics":["Cracked Core","Prayer Wheel","Bottled Lightning","Pandora\u0027s Box"],"potions_floor_usage":[16],"damage_taken":[{"damage":1,"enemies":"Cultist","floor":1,"turns":3},{"damage":2,"enemies":"Jaw Worm","floor":2,"turns":3},{"damage":0,"enemies":"Small Slimes","floor":3,"turns":2},{"damage":3,"enemies":"3 Louse","floor":5,"turns":3},{"damage":31,"enemies":"Gremlin Nob","floor":7,"turns":4},{"damage":30,"enemies":"3 Sentries","floor":12,"turns":7},{"damage":23,"enemies":"Hexaghost","floor":16,"turns":9},{"damage":10,"enemies":"3 Byrds","floor":18,"turns":1},{"damage":12,"enemies":"Chosen","floor":19,"turns":4},{"damage":64,"enemies":"Centurion and Healer","floor":22,"turns":5}],"seed_played":"-8311225051045986887","potions_obtained":[{"floor":2,"key":"LiquidBronze"},{"floor":5,"key":"Block Potion"},{"floor":16,"key":"Swift Potion"},{"floor":18,"key":"Strength Potion"}],"is_trial":false,"path_per_floor":["M","M","M","$","M","R","E","?","T","R","?","E","$","?","R","B",null,"M","M","$","?","M"],"character_chosen":"DEFECT","items_purchased":["Defragment","Tempest"],"campfire_rested":1,"item_purchase_floors":[13,13],"current_hp_per_floor":[74,72,72,72,69,69,38,38,38,38,38,8,8,8,30,7,75,65,53,53,53,0],"gold":9,"neow_bonus":"UPGRADE_CARD","is_prod":false,"is_daily":false,"chose_seed":false,"campfire_upgraded":1,"win_rate":0,"timestamp":1561391969,"path_taken":["M","M","?","$","M","R","E","?","T","R","?","E","$","?","R","BOSS","M","M","$","?","M"],"build_version":"2019-01-23","purchased_purges":3,"victory":false,"max_hp_per_floor":[75,75,75,75,75,75,75,75,75,75,75,75,75,75,75,75,75,75,75,75,75,75],"card_choices":[{"not_picked":["Gash","Steam","Go for the Eyes"],"picked":"SKIP","floor":1},{"not_picked":["Steam","Go for the Eyes"],"picked":"Redo","floor":2},{"not_picked":["BootSequence","Turbo"],"picked":"Recycle","floor":3},{"not_picked":["Undo","Steam Power"],"picked":"Static Discharge","floor":5},{"not_picked":["Turbo","Conserve Battery","Self Repair"],"picked":"SKIP","floor":7},{"not_picked":["Ball Lightning","Conserve Battery","Redo"],"picked":"SKIP","floor":12},{"not_picked":["Ball Lightning","Conserve Battery","Redo"],"picked":"SKIP","floor":12},{"not_picked":["Aggregate","Streamline"],"picked":"Cold Snap","floor":18},{"not_picked":["Barrage+1","Gash+1","Beam Cell+1"],"picked":"SKIP","floor":18},{"not_picked":["Go for the Eyes","Redo+1"],"picked":"Defragment","floor":19},{"not_picked":["Lockon","Reprogram","Streamline"],"picked":"SKIP","floor":19}],"player_experience":207679,"relics_obtained":[{"floor":7,"key":"Prayer Wheel"},{"floor":12,"key":"Bottled Lightning"}],"event_choices":[{"cards_removed":["Strike_B"],"damage_healed":0,"gold_gain":0,"player_choice":"Card Removal","damage_taken":0,"max_hp_gain":0,"max_hp_loss":0,"event_name":"The Cleric","floor":8,"gold_loss":50},{"damage_healed":0,"gold_gain":175,"player_choice":"AGREE","damage_taken":0,"max_hp_gain":0,"max_hp_loss":0,"event_name":"Liars Game","floor":11,"gold_loss":0,"cards_obtained":["Doubt"]},{"damage_healed":0,"gold_gain":0,"player_choice":"Ignored","damage_taken":0,"max_hp_gain":0,"max_hp_loss":0,"event_name":"Shining Light","floor":14,"gold_loss":0},{"cards_removed":["Melter"],"damage_healed":0,"gold_gain":0,"player_choice":"Purged","damage_taken":0,"max_hp_gain":0,"max_hp_loss":0,"event_name":"Purifier","floor":21,"gold_loss":0}],"is_beta":false,"boss_relics":[{"not_picked":["Sozu","Runic Pyramid"],"picked":"Pandora\u0027s Box"}],"items_purged_floors":[4,13,20],"is_endless":false,"potions_floor_spawned":[2,5,16,18],"killed_by":"Centurion and Healer","ascension_level":2}