{"gold_per_floor":[111,128,146,146,163,189,151,177,177,192,192,192,220,239,239,334,334,346,100,100,119,119,150,150,150,201,132,145,479,479,509,509,613,613,624,407,426,436,436,436],"floor_reached":40,"playtime":2044,"items_purged":[],"score":510,"play_id":"4616d026-a73d-40b0-a733-1846e313cc15","local_time":"20190628230110","is_ascension_mode":true,"campfire_choices":[{"floor":12,"key":"RECALL"},{"data":"Strike_B","floor":15,"key":"PURGE"},{"data":"Strike_B","floor":24,"key":"PURGE"},{"floor":32,"key":"REST"}],"neow_cost":"NONE","seed_source_timestamp":1368892088622587,"circlet_count":0,"master_deck":["Strike_B","Strike_B","Defend_B","Defend_B","Defend_B","Defend_B","Zap","Dualcast","Self Repair","Compile Driver","Ball Lightning","Rainbow","Loop","Defragment","Force Field","Storm","White Noise","Electrodynamics","Hello World+1","Storm","Fusion+1","Recycle+1","Echo Form","Loop+1","Defragment","Loop"],"relics":["Cracked Core","Orichalcum","Peace Pipe","Bottled Lightning","Bottled Flame","Fusion Hammer","Matryoshka","Ginger","Vajra","Blood Vial","Old Coin","Strawberry","Bottled Tornado","Orrery","Art of War"],"potions_floor_usage":[13,13,13,16,18,21,33,33,38],"damage_taken":[{"damage":1,"enemies":"Cultist","floor":1,"turns":4},{"damage":14,"enemies":"2 Louse","floor":2,"turns":3},{"damage":12,"enemies":"Jaw Worm","floor":3,"turns":2},{"damage":11,"enemies":"Looter","floor":5,"turns":2},{"damage":32,"enemies":"Gremlin Nob","floor":6,"turns":4},{"damage":16,"enemies":"Lagavulin","floor":8,"turns":6},{"damage":3,"enemies":"Large Slime","floor":10,"turns":4},{"damage":12,"enemies":"Gremlin Nob","floor":13,"turns":4},{"damage":6,"enemies":"3 Louse","floor":14,"turns":3},{"damage":12,"enemies":"Slime Boss","floor":16,"turns":6},{"damage":21,"enemies":"Shell Parasite","floor":18,"turns":4},{"damage":1,"enemies":"3 Byrds","floor":21,"turns":2},{"damage":25,"enemies":"Gremlin Leader","floor":23,"turns":6},{"damage":11,"enemies":"Snecko","floor":28,"turns":4},{"damage":15,"enemies":"Book of Stabbing","floor":29,"turns":4},{"damage":36,"enemies":"Gremlin Leader","floor":31,"turns":5},{"damage":30,"enemies":"Automaton","floor":33,"turns":8},{"damage":6,"enemies":"Orb Walker","floor":35,"turns":3},{"damage":14,"enemies":"3 Shapes","floor":37,"turns":2},{"damage":10,"enemies":"3 Darklings","floor":38,"turns":3},{"damage":71,"enemies":"Reptomancer","floor":40,"turns":3}],"seed_played":"5311675421018198568","potions_obtained":[{"floor":1,"key":"LiquidBronze"},{"floor":3,"key":"LiquidBronze"},{"floor":10,"key":"EntropicBrew"},{"floor":16,"key":"LiquidBronze"},{"floor":23,"key":"FearPotion"},{"floor":29,"key":"SkillPotion"},{"floor":31,"key":"Energy Potion"},{"floor":37,"key":"AttackPotion"}],"is_trial":false,"path_per_floor":["M","M","M","T","M","E","$","E","T","M","?","R","E","M","R","B",null,"M","$","?","M","?","E","R","?","T","$","M","E","?","E","R","B",null,"M","$","M","M","?","E"],"character_chosen":"DEFECT","items_purchased":["Loop","Matryoshka","Storm","Defragment","Art of War"],"campfire_rested":1,"item_purchase_floors":[7,19,27,36,36],"current_hp_per_floor":[81,74,69,69,58,33,33,24,24,28,48,48,43,44,44,39,82,68,68,68,67,82,64,64,64,64,64,62,56,63,36,61,40,86,80,80,68,60,60,0],"gold":436,"neow_bonus":"TEN_PERCENT_HP_BONUS","is_prod":false,"is_daily":false,"chose_seed":false,"campfire_upgraded":0,"win_rate":0,"timestamp":1561777270,"path_taken":["M","M","M","?","M","E","$","E","T","M","?","R","E","M","R","BOSS","M","$","?","M","?","E","R","?","T","$","M","E","?","E","R","BOSS","M","$","?","M","?","E"],"build_version":"2019-01-23","purchased_purges":0,"victory":false,"max_hp_per_floor":[82,82,82,82,82,82,82,82,82,82,82,82,82,82,82,82,82,82,82,82,82,82,82,82,79,79,79,79,79,86,86,86,86,86,86,86,86,86,86,86],"card_choices":[{"not_picked":["Hologram","Coolheaded"],"picked":"Self Repair","floor":1},{"not_picked":["Turbo","Fusion","Conserve Battery"],"picked":"SKIP","floor":2},{"not_picked":["Gash","Rebound"],"picked":"Compile Driver","floor":3},{"not_picked":["Force Field","Chaos"],"picked":"Ball Lightning","floor":5},{"not_picked":["Reinforced Body","Rip and Tear"],"picked":"Rainbow","floor":6},{"not_picked":["Melter","Scrape"],"picked":"Defragment","floor":8},{"not_picked":["Compile Driver","Darkness"],"picked":"Force Field","floor":10},{"not_picked":["Rip and Tear","Streamline"],"picked":"Storm","floor":13},{"not_picked":["Force Field","Redo"],"picked":"White Noise","floor":14},{"not_picked":["Thunder Strike","Reboot"],"picked":"Electrodynamics","floor":16},{"not_picked":["Rebound","Darkness+1","Coolheaded"],"picked":"SKIP","floor":18},{"not_picked":["Coolheaded+1","Compile Driver+1"],"picked":"Hello World+1","floor":21},{"not_picked":["Redo","Streamline","Beam Cell+1"],"picked":"SKIP","floor":23},{"not_picked":["Auto Shields+1","Darkness"],"picked":"Fusion+1","floor":28},{"not_picked":["Coolheaded","Gash+1","Beam Cell"],"picked":"SKIP","floor":29},{"not_picked":["Sweeping Beam","Gash"],"picked":"Recycle+1","floor":31},{"not_picked":["Machine Learning","Hyperbeam"],"picked":"Echo Form","floor":33},{"not_picked":["Go for the Eyes+1","Rebound"],"picked":"Loop+1","floor":34},{"not_picked":["Sweeping Beam+1","Auto Shields+1","Redo+1"],"picked":"SKIP","floor":35},{"not_picked":["Compile Driver+1","Steam"],"picked":"Loop","floor":37},{"not_picked":["Hologram+1","Compile Driver","Loop+1"],"picked":"SKIP","floor":38}],"player_experience":262823,"relics_obtained":[{"floor":6,"key":"Orichalcum"},{"floor":8,"key":"Peace Pipe"},{"floor":9,"key":"Bottled Lightning"},{"floor":13,"key":"Bottled Flame"},{"floor":23,"key":"Ginger"},{"floor":26,"key":"Vajra"},{"floor":26,"key":"Blood Vial"},{"floor":29,"key":"Old Coin"},{"floor":30,"key":"Strawberry"},{"floor":31,"key":"Bottled Tornado"}],"event_choices":[{"damage_healed":20,"gold_gain":0,"player_choice":"Healed and dodged fight","damage_taken":0,"max_hp_gain":0,"max_hp_loss":0,"event_name":"Mushrooms","floor":11,"gold_loss":0,"cards_obtained":["Parasite"]},{"damage_healed":0,"gold_gain":0,"player_choice":"Ignored","damage_taken":0,"max_hp_gain":0,"max_hp_loss":0,"event_name":"Ghosts","floor":20,"gold_loss":0},{"damage_healed":27,"gold_gain":0,"player_choice":"Heal","damage_taken":0,"max_hp_gain":0,"max_hp_loss":0,"event_name":"The Library","floor":22,"gold_loss":0},{"cards_removed":["Parasite"],"damage_healed":0,"gold_gain":0,"player_choice":"Elegance","damage_taken":0,"max_hp_gain":0,"max_hp_loss":0,"event_name":"Back to Basics","floor":25,"gold_loss":0},{"damage_healed":0,"gold_gain":0,"player_choice":"Relic","damage_taken":0,"max_hp_gain":0,"max_hp_loss":0,"event_name":"Wheel of Change","floor":30,"gold_loss":0},{"damage_healed":0,"gold_gain":0,"player_choice":"0 cards matched","damage_taken":0,"max_hp_gain":0,"max_hp_loss":0,"event_name":"Match and Keep!","floor":39,"gold_loss":0,"cards_obtained":[]}],"is_beta":false,"boss_relics":[{"not_picked":["Lizard Tail","Coffee Dripper"],"picked":"Fusion Hammer"},{"not_picked":["Black Star","White Beast Statue"],"picked":"Orrery"}],"items_purged_floors":[],"is_endless":false,"potions_floor_spawned":[1,3,10,13,14,16,23,29,31,37],"killed_by":"Reptomancer","ascension_level":2}