{"gold_per_floor":[113,132,82,101,26,26,51,68,138,166,180,80,100,119,119,216,216,232,107,107,32,48,48,81,0,25,25,44,55,88,105,105,201,201,213,63,63,63,63,98,109,126,126,126,126],"floor_reached":46,"playtime":4931,"items_purged":["Defend_B","Strike_B","Defend_B","Static Discharge+1"],"score":735,"play_id":"932a7eb8-167e-45e7-a92b-e2403f3d0829","local_time":"20180923083940","is_ascension_mode":true,"campfire_choices":[{"data":"Defragment","floor":6.0,"key":"SMITH"},{"floor":15.0,"key":"REST"},{"floor":23.0,"key":"REST"},{"data":"Defragment","floor":27.0,"key":"SMITH"},{"data":"Defragment","floor":32.0,"key":"SMITH"}],"neow_cost":"NONE","seed_source_timestamp":0,"circlet_count":0,"master_deck":["Zap+1","Dualcast+1","Coolheaded+1","Defragment+1","Go for the Eyes+1","Blizzard+1","Cold Snap+1","Defragment+1","Machine Learning+1","Tempest+1","Force Field+1","Defragment+1","Glacier+1","Capacitor+1"],"special_seed":0,"relics":["Cracked Core","StoneCalendar","Ornamental Fan","Regal Pillow","Astrolabe","Mango","Bag of Marbles","War Paint","Sozu","Mark of the Bloom","Boot","Gremlin Horn"],"potions_floor_usage":[35,45],"damage_taken":[{"damage":0.0,"enemies":"Small Slimes","floor":1.0,"turns":3.0},{"damage":5.0,"enemies":"2 Louse","floor":2.0,"turns":2.0},{"damage":7.0,"enemies":"Cultist","floor":4.0,"turns":4.0},{"damage":2.0,"enemies":"Lagavulin","floor":7.0,"turns":6.0},{"damage":17.0,"enemies":"Exordium Thugs","floor":8.0,"turns":4.0},{"damage":4.0,"enemies":"3 Sentries","floor":10.0,"turns":7.0},{"damage":8.0,"enemies":"Looter","floor":11.0,"turns":3.0},{"damage":5.0,"enemies":"Red Slaver","floor":13.0,"turns":3.0},{"damage":0.0,"enemies":"Large Slime","floor":14.0,"turns":4.0},{"damage":18.0,"enemies":"The Guardian","floor":16.0,"turns":12.0},{"damage":20.0,"enemies":"3 Byrds","floor":18.0,"turns":4.0},{"damage":6.0,"enemies":"Chosen","floor":22.0,"turns":3.0},{"damage":25.0,"enemies":"Gremlin Leader","floor":24.0,"turns":8.0},{"damage":3.0,"enemies":"Shelled Parasite and Fungi","floor":28.0,"turns":7.0},{"damage":0.0,"enemies":"3 Cultists","floor":29.0,"turns":6.0},{"damage":8.0,"enemies":"Book of Stabbing","floor":30.0,"turns":7.0},{"damage":0.0,"enemies":"Centurion and Healer","floor":31.0,"turns":6.0},{"damage":0.0,"enemies":"Automaton","floor":33.0,"turns":13.0},{"damage":3,"enemies":"Orb Walker","floor":35,"turns":5},{"damage":4,"enemies":"Nemesis","floor":40,"turns":7},{"damage":3,"enemies":"3 Darklings","floor":41,"turns":4},{"damage":1,"enemies":"Reptomancer","floor":42,"turns":6},{"damage":20,"enemies":"Donu and Deca","floor":45,"turns":7}],"seed_played":"4424363403244853010","potions_obtained":[{"floor":2.0,"key":"SkillPotion"},{"floor":7.0,"key":"Weak Potion"},{"floor":14.0,"key":"GamblersBrew"},{"floor":16.0,"key":"Dexterity Potion"},{"floor":18.0,"key":"GamblersBrew"},{"floor":24.0,"key":"EssenceOfSteel"},{"floor":33.0,"key":"Energy Potion"}],"is_trial":false,"path_per_floor":["M","M","?","M","$","R","E","M","T","E","M","$","M","M","R","B",null,"M","$","?","?","M","R","E","?","T","R","M","M","E","M","R","B",null,"M","$","?","?","?","E","M","M","T","?","B"],"character_chosen":"DEFECT","items_purchased":[],"campfire_rested":2,"item_purchase_floors":[],"current_hp_per_floor":[75,70,70,63,63,63,61,44,44,40,32,32,27,27,64,46,75,55,55,41,41,35,74,63,63,63,63,60,60,52,52,52,52,94,91,91,91,91,89,85,82,81,81,81,61],"gold":126,"neow_bonus":"REMOVE_CARD","is_prod":false,"is_daily":false,"chose_seed":false,"campfire_upgraded":3,"win_rate":0,"timestamp":1537706380,"path_taken":["M","M","?","M","?","R","E","M","T","E","M","$","M","?","R","BOSS","M","$","?","?","M","R","E","?","T","R","?","M","E","M","R","BOSS","M","$","?","?","?","E","?","M","T","?","BOSS"],"build_version":"2018-09-20","purchased_purges":4,"victory":true,"max_hp_per_floor":[75,75,75,75,75,75,75,75,75,75,75,75,75,75,75,75,75,75,75,80,80,80,80,94,94,94,94,94,94,94,94,94,94,94,94,94,94,94,89,89,89,89,89,89,89],"card_choices":[{"not_picked":["Barrage","Turbo"],"picked":"Heatsinks","floor":1.0},{"not_picked":["Lockon","Leap"],"picked":"Coolheaded","floor":2.0},{"not_picked":["Go for the Eyes","Fission"],"picked":"Defragment","floor":4.0},{"not_picked":["Ball Lightning","Stack","Reboot"],"picked":"SKIP","floor":7.0},{"not_picked":["Ball Lightning","Leap"],"picked":"Go for the Eyes","floor":8.0},{"not_picked":["Lockon","Hologram"],"picked":"Blizzard","floor":10.0},{"not_picked":["Blizzard","Lockon"],"picked":"Cold Snap","floor":11.0},{"not_picked":["Steam","Redo"],"picked":"Defragment","floor":13.0},{"not_picked":["White Noise","Meteor Strike","Stack"],"picked":"SKIP","floor":14.0},{"not_picked":["Buffer","Creative AI"],"picked":"Machine Learning","floor":16.0},{"not_picked":["Go for the Eyes+1","Ball Lightning+1","Compile Driver"],"picked":"SKIP","floor":18.0},{"not_picked":["Sunder","Leap"],"picked":"Static Discharge+1","floor":22.0},{"not_picked":["Heatsinks+1","Turbo"],"picked":"Defragment","floor":24.0},{"not_picked":["Blizzard","Lockon"],"picked":"Glacier","floor":28.0},{"not_picked":["Doom and Gloom","Skim","Sweeping Beam"],"picked":"SKIP","floor":29.0},{"not_picked":["Scrape","Conserve Battery+1","Ball Lightning"],"picked":"SKIP","floor":30.0},{"not_picked":["Rebound+1","All For One","Coolheaded+1"],"picked":"SKIP","floor":31.0},{"not_picked":["Gash+1","Coolheaded","Double Energy+1"],"picked":"SKIP","floor":35},{"not_picked":["Doom and Gloom+1","BootSequence+1","Gash"],"picked":"SKIP","floor":40},{"not_picked":["Cold Snap","Compile Driver","Streamline+1"],"picked":"SKIP","floor":41},{"not_picked":["FTL","Coolheaded+1"],"picked":"Capacitor+1","floor":42}],"player_experience":137917,"relics_obtained":[{"floor":7.0,"key":"StoneCalendar"},{"floor":9.0,"key":"Ornamental Fan"},{"floor":10.0,"key":"Regal Pillow"},{"floor":24.0,"key":"Mango"},{"floor":26.0,"key":"Bag of Marbles"},{"floor":30.0,"key":"War Paint"},{"floor":40,"key":"Boot"},{"floor":43,"key":"Gremlin Horn"}],"event_choices":[{"event_name":"The Cleric","player_choice":"Card Removal","floor":3.0,"damage_taken":0.0},{"event_name":"Forgotten Altar","player_choice":"Shed Blood","floor":20.0,"damage_taken":0.0},{"event_name":"Beggar","player_choice":"Gave Gold","floor":21.0,"damage_taken":0.0},{"event_name":"Masked Bandits","player_choice":"Paid Fearfully","floor":25.0,"damage_taken":0.0},{"event_name":"Falling","player_choice":"Removed Skill","floor":37,"damage_taken":0},{"event_name":"MindBloom","player_choice":"Upgrade","floor":38,"damage_taken":0},{"event_name":"Winding Halls","player_choice":"Max HP","floor":39,"damage_taken":0},{"event_name":"SecretPortal","player_choice":"Took Portal.","floor":44,"damage_taken":0}],"is_beta":false,"boss_relics":[{"not_picked":["Tiny House","Cursed Key"],"picked":"Astrolabe"},{"not_picked":["Lizard Tail","Empty Cage"],"picked":"Sozu"}],"items_purged_floors":[5,12,19,36],"is_endless":false,"potions_floor_spawned":[2,7,14,16,18,24,33,40,41],"ascension_level":1}