{"gold_per_floor":[119,119,119,139,162,193,213,241,241,241,268,51,83,98,98,201,201,215,215,36,50,50,75,75,91,172,172,185,219,219,23,23,23],"floor_reached":33,"playtime":1618,"items_purged":["Decay"],"score":433,"play_id":"90d072a9-b8ab-4aec-8246-c58490d062c2","local_time":"20190902203922","is_ascension_mode":true,"campfire_choices":[{"data":"Combust","floor":10,"key":"SMITH"},{"data":"Apotheosis","floor":15,"key":"SMITH"},{"data":"Flex","floor":24,"key":"SMITH"},{"data":"Battle Trance","floor":27,"key":"SMITH"},{"data":"Strike_R","floor":32,"key":"PURGE"}],"neow_cost":"NONE","seed_source_timestamp":867732101773900,"circlet_count":0,"master_deck":["Strike_R","Defend_R","Defend_R","Defend_R","Bash","Combust+1","Iron Wave","Shrug It Off","Anger+1","Pommel Strike+1","Apotheosis+1","Heavy Blade+1","Flex+1","Immolate+1","Body Slam+1","Power Through+1","Entrench+1","Cleave+1","Battle Trance+1","Dual Wield+1"],"relics":["Burning Blood","NeowsBlessing","Bronze Scales","Molten Egg 2","The Courier","Bottled Tornado","Ice Cream","Kunai","Astrolabe","PreservedInsect","Anchor","Sundial","Peace Pipe","MutagenicStrength","Bottled Lightning"],"potions_floor_usage":[8,14,14,21,23],"damage_taken":[{"damage":0,"enemies":"2 Louse","floor":1,"turns":1},{"damage":0,"enemies":"Cultist","floor":4,"turns":1},{"damage":0,"enemies":"3 Sentries","floor":6,"turns":1},{"damage":5,"enemies":"Jaw Worm","floor":7,"turns":3},{"damage":22,"enemies":"Gremlin Nob","floor":8,"turns":4},{"damage":21,"enemies":"3 Sentries","floor":11,"turns":4},{"damage":4,"enemies":"Lagavulin","floor":13,"turns":5},{"damage":9,"enemies":"Exordium Thugs","floor":14,"turns":3},{"damage":31,"enemies":"The Guardian","floor":16,"turns":9},{"damage":14,"enemies":"Chosen","floor":18,"turns":3},{"damage":0,"enemies":"Spheric Guardian","floor":21,"turns":4},{"damage":10,"enemies":"Book of Stabbing","floor":23,"turns":4},{"damage":9,"enemies":"Cultist and Chosen","floor":25,"turns":4},{"damage":0,"enemies":"Snake Plant","floor":28,"turns":2},{"damage":4,"enemies":"Slavers","floor":29,"turns":1},{"damage":83,"enemies":"Champ","floor":33,"turns":10}],"seed_played":"-5910929175014430423","potions_obtained":[{"floor":1,"key":"Weak Potion"},{"floor":11,"key":"Block Potion"},{"floor":13,"key":"Strength Potion"},{"floor":16,"key":"Strength Potion"},{"floor":18,"key":"Block Potion"},{"floor":21,"key":"Energy Potion"}],"is_trial":false,"path_per_floor":["M","?","?","M","T","E","M","E","T","R","E","$","E","M","R","B",null,"M","?","$","M","$","E","R","M","T","R","M","E","?","$","R","B"],"character_chosen":"IRONCLAD","items_purchased":["Apotheosis","Heavy Blade+1","Flex","PreservedInsect","Bottled Lightning"],"campfire_rested":0,"item_purchase_floors":[12,12,12,20,31],"current_hp_per_floor":[80,80,80,80,80,80,80,64,64,64,49,49,51,48,48,23,80,72,72,72,78,78,74,74,71,71,71,77,79,79,79,79,0],"gold":23,"neow_bonus":"THREE_ENEMY_KILL","is_prod":false,"is_daily":false,"chose_seed":false,"campfire_upgraded":4,"win_rate":0,"timestamp":1567474762,"path_taken":["M","?","?","?","?","E","M","E","T","R","E","$","E","?","R","BOSS","M","?","$","M","$","E","R","M","T","R","M","E","?","$","R","BOSS"],"build_version":"2019-07-17","purchased_purges":1,"victory":false,"max_hp_per_floor":[80,80,80,80,80,80,80,80,80,80,80,80,80,80,80,80,80,80,80,80,80,80,80,80,80,80,80,80,80,80,80,80,80],"card_choices":[{"not_picked":["Second Wind","Havoc"],"picked":"Combust","floor":1},{"not_picked":["Burning Pact","Thunderclap"],"picked":"Iron Wave","floor":4},{"not_picked":["Feel No Pain","Metallicize"],"picked":"Shrug It Off","floor":6},{"not_picked":["Intimidate","Thunderclap+1"],"picked":"Anger+1","floor":7},{"not_picked":["Thunderclap+1","Intimidate","Dual Wield"],"picked":"SKIP","floor":8},{"not_picked":["Cleave+1","Wild Strike+1"],"picked":"Pommel Strike+1","floor":11},{"not_picked":["True Grit","Havoc","Iron Wave+1"],"picked":"SKIP","floor":13},{"not_picked":["Iron Wave+1","Sword Boomerang+1","Twin Strike+1"],"picked":"SKIP","floor":14},{"not_picked":["Dark Embrace","Exhume"],"picked":"Immolate+1","floor":16},{"not_picked":["Clash+1","Fire Breathing+1"],"picked":"Cleave+1","floor":18},{"not_picked":["Wild Strike+1","Clash+1","Carnage+1"],"picked":"SKIP","floor":21},{"not_picked":["Clothesline+1","Cleave+1","Clash+1"],"picked":"SKIP","floor":23},{"not_picked":["Sword Boomerang+1","Reckless Charge+1"],"picked":"Battle Trance","floor":25},{"not_picked":["Havoc","Feel No Pain","Pummel+1"],"picked":"SKIP","floor":28},{"not_picked":["Armaments","Cleave+1"],"picked":"Dual Wield+1","floor":29}],"player_experience":214831,"relics_obtained":[{"floor":5,"key":"Bronze Scales"},{"floor":6,"key":"Molten Egg 2"},{"floor":8,"key":"The Courier"},{"floor":9,"key":"Bottled Tornado"},{"floor":11,"key":"Ice Cream"},{"floor":13,"key":"Kunai"},{"floor":23,"key":"Anchor"},{"floor":26,"key":"Sundial"},{"floor":29,"key":"Peace Pipe"}],"event_choices":[{"damage_healed":0,"gold_gain":0,"player_choice":"Ignored","damage_taken":0,"max_hp_gain":0,"max_hp_loss":0,"event_name":"Shining Light","floor":2,"gold_loss":0},{"cards_removed":["Strike_R"],"damage_healed":0,"gold_gain":0,"player_choice":"Purged","damage_taken":0,"max_hp_gain":0,"max_hp_loss":0,"event_name":"Purifier","floor":3,"gold_loss":0},{"damage_healed":0,"gold_gain":0,"player_choice":"Smashed Altar","damage_taken":0,"max_hp_gain":0,"max_hp_loss":0,"event_name":"Forgotten Altar","floor":19,"gold_loss":0,"cards_obtained":["Decay"]},{"damage_healed":0,"gold_gain":0,"player_choice":"Inject Mutagens","damage_taken":0,"relics_obtained":["MutagenicStrength"],"max_hp_gain":0,"max_hp_loss":0,"event_name":"Drug Dealer","floor":30,"gold_loss":0}],"is_beta":false,"boss_relics":[{"not_picked":["Ectoplasm","Snecko Eye"],"picked":"Astrolabe"}],"items_purged_floors":[20],"is_endless":false,"potions_floor_spawned":[1,11,13,16,18,21],"killed_by":"Champ","ascension_level":4}