{"gold_per_floor":[212,223,223,78,78,78,111,131,131,131,131,147,180,197,197,302,302,320,320,301,327,327,327,361,374,420,430,430,181,181,146,146,251,251,270,270,286,306,326,360,460,495,495,495,595,624,624,642,642,642],"floor_reached":50,"playtime":2425,"items_purged":["Regret"],"score":806,"play_id":"1c707a95-13f9-4065-86c6-86eefc12c3db","local_time":"20191013222645","is_ascension_mode":true,"campfire_choices":[{"data":"Entrench","floor":6,"key":"SMITH"},{"data":"Twin Strike","floor":10,"key":"SMITH"},{"data":"Entrench","floor":15,"key":"SMITH"},{"floor":23,"key":"REST"},{"floor":28,"key":"REST"},{"data":"Spot Weakness","floor":30,"key":"SMITH"},{"data":"Feel No Pain","floor":32,"key":"SMITH"},{"floor":44,"key":"REST"},{"floor":47,"key":"REST"},{"floor":49,"key":"DIG"}],"neow_cost":"NONE","seed_source_timestamp":411835791307984,"circlet_count":0,"master_deck":["Strike_R+1","Strike_R","Strike_R+1","Strike_R","Defend_R","Defend_R","Defend_R","Defend_R","Bash","Entrench+1","Inflame+1","Carnage","Twin Strike+1","Spot Weakness+1","Blood for Blood","Entrench+1","Iron Wave","Reaper+1","Rampage","Corruption","Shockwave","Metallicize","Feel No Pain+1","Barricade","Metallicize","Juggernaut","Seeing Red","Sentinel+1","Armaments+1","Limit Break"],"relics":["Burning Blood","Blue Candle","Pocketwatch","Gremlin Horn","Letter Opener","Black Star","PreservedInsect","Shuriken","Sundial","Pantograph","Whetstone","Kunai","Fusion Hammer","Calipers","Bag of Marbles","StoneCalendar","Smiling Mask","Mummified Hand","Turnip","Shovel","Molten Egg 2","Pen Nib"],"potions_floor_usage":[20,20,24,25,27,27,33,38,41,42,46,48],"damage_taken":[{"damage":2,"enemies":"2 Louse","floor":1,"turns":4},{"damage":10,"enemies":"Cultist","floor":2,"turns":5},{"damage":20,"enemies":"Lagavulin","floor":7,"turns":7},{"damage":2,"enemies":"Jaw Worm","floor":8,"turns":3},{"damage":0,"enemies":"Blue Slaver","floor":12,"turns":6},{"damage":20,"enemies":"3 Sentries","floor":13,"turns":5},{"damage":7,"enemies":"Looter","floor":14,"turns":3},{"damage":16,"enemies":"The Guardian","floor":16,"turns":13},{"damage":25,"enemies":"Chosen","floor":18,"turns":6},{"damage":11,"enemies":"2 Thieves","floor":20,"turns":4},{"damage":43,"enemies":"Slavers","floor":24,"turns":5},{"damage":16,"enemies":"Snecko","floor":25,"turns":4},{"damage":27,"enemies":"Snake Plant","floor":27,"turns":5},{"damage":82,"enemies":"Automaton","floor":33,"turns":10},{"damage":22,"enemies":"3 Darklings","floor":35,"turns":7},{"damage":0,"enemies":"3 Shapes","floor":37,"turns":8},{"damage":20,"enemies":"Jaw Worm Horde","floor":38,"turns":6},{"damage":25,"enemies":"Maw","floor":39,"turns":8},{"damage":50,"enemies":"Nemesis","floor":40,"turns":10},{"damage":0,"enemies":"Mind Bloom Boss Battle","floor":41,"turns":8},{"damage":76,"enemies":"Giant Head","floor":42,"turns":9},{"damage":34,"enemies":"Nemesis","floor":46,"turns":7},{"damage":0,"enemies":"4 Shapes","floor":48,"turns":6},{"damage":81,"enemies":"Time Eater","floor":50,"turns":5}],"seed_played":"7396785802888228158","potions_obtained":[{"floor":13,"key":"Dexterity Potion"},{"floor":16,"key":"Swift Potion"},{"floor":18,"key":"Block Potion"},{"floor":24,"key":"EntropicBrew"},{"floor":33,"key":"BloodPotion"},{"floor":35,"key":"SteroidPotion"},{"floor":38,"key":"Explosive Potion"},{"floor":40,"key":"Weak Potion"},{"floor":42,"key":"Explosive Potion"}],"is_trial":false,"path_per_floor":["M","M","?","$","?","R","E","M","T","R","?","M","E","M","R","B",null,"M","?","M","T","T","R","E","M","T","M","R","$","R","$","R","B",null,"M","?","M","M","M","E","?","E","T","R","?","E","R","M","R","B"],"character_chosen":"IRONCLAD","items_purchased":["Inflame","Kunai","Feel No Pain"],"campfire_rested":4,"item_purchase_floors":[4,29,31],"current_hp_per_floor":[76,72,72,72,56,56,42,46,46,46,46,52,38,37,37,27,67,48,33,35,35,35,60,37,27,27,29,54,54,54,54,54,24,70,81,81,85,85,85,41,77,28,28,53,53,25,50,56,56,0],"gold":642,"neow_bonus":"HUNDRED_GOLD","is_prod":false,"is_daily":false,"chose_seed":false,"campfire_upgraded":5,"win_rate":0,"timestamp":1571030805,"path_taken":["M","M","?","$","?","R","E","M","T","R","?","?","E","M","R","BOSS","M","?","M","?","?","R","E","M","T","M","R","?","R","$","R","BOSS","M","?","?","M","M","E","?","E","T","R","?","E","R","?","R","BOSS"],"build_version":"2019-07-17","purchased_purges":1,"victory":false,"max_hp_per_floor":[80,80,80,80,80,80,80,80,80,80,80,80,80,80,80,80,80,80,85,85,85,85,85,85,85,85,85,85,85,85,85,85,85,85,85,85,85,85,85,85,85,85,85,85,85,85,85,85,85,85],"card_choices":[{"not_picked":["Thunderclap","Havoc"],"picked":"Entrench","floor":1},{"not_picked":["Clothesline","Heavy Blade","Headbutt"],"picked":"SKIP","floor":2},{"not_picked":["Hemokinesis","Heavy Blade"],"picked":"Carnage","floor":7},{"not_picked":["Headbutt","Feel No Pain"],"picked":"Twin Strike","floor":8},{"not_picked":["Reckless Charge","Anger"],"picked":"Blood for Blood","floor":12},{"not_picked":["Combust","Havoc","Entrench"],"picked":"SKIP","floor":13},{"not_picked":["Combust","Havoc"],"picked":"Entrench","floor":13},{"not_picked":["Heavy Blade","Twin Strike"],"picked":"Iron Wave","floor":14},{"not_picked":["Offering","Feed"],"picked":"Reaper","floor":16},{"not_picked":["Shockwave","Wild Strike"],"picked":"Rampage","floor":18},{"not_picked":["Carnage","Intimidate","Rampage"],"picked":"SKIP","floor":20},{"not_picked":["Evolve","Seeing Red"],"picked":"Corruption","floor":24},{"not_picked":["Thunderclap","Perfected Strike"],"picked":"Shockwave","floor":25},{"not_picked":["Burning Pact","Sword Boomerang+1"],"picked":"Metallicize","floor":27},{"not_picked":["Limit Break","Impervious"],"picked":"Barricade","floor":33},{"not_picked":["Clash+1","Shrug It Off"],"picked":"Metallicize","floor":35},{"not_picked":["Hemokinesis+1","Combust+1","Sword Boomerang"],"picked":"SKIP","floor":37},{"not_picked":["Sword Boomerang+1","Headbutt+1"],"picked":"Juggernaut","floor":38},{"not_picked":["Evolve","Hemokinesis+1"],"picked":"Seeing Red","floor":39},{"not_picked":["Second Wind","Clash+1"],"picked":"Sentinel+1","floor":40},{"not_picked":["Warcry","Clothesline"],"picked":"Armaments+1","floor":41},{"not_picked":["Cleave","Armaments+1","Immolate"],"picked":"SKIP","floor":42},{"not_picked":["Fire Breathing","Shockwave+1"],"picked":"Limit Break","floor":46},{"not_picked":["Carnage+1","Havoc","Hemokinesis+1"],"picked":"SKIP","floor":48}],"player_experience":3757209,"relics_obtained":[{"floor":7,"key":"Pocketwatch"},{"floor":9,"key":"Gremlin Horn"},{"floor":13,"key":"Letter Opener"},{"floor":21,"key":"PreservedInsect"},{"floor":22,"key":"Shuriken"},{"floor":24,"key":"Sundial"},{"floor":24,"key":"Pantograph"},{"floor":26,"key":"Whetstone"},{"floor":40,"key":"Calipers"},{"floor":40,"key":"Bag of Marbles"},{"floor":41,"key":"StoneCalendar"},{"floor":42,"key":"Smiling Mask"},{"floor":42,"key":"Mummified Hand"},{"floor":43,"key":"Turnip"},{"floor":46,"key":"Shovel"},{"floor":46,"key":"Molten Egg 2"},{"floor":49,"key":"Pen Nib"}],"event_choices":[{"damage_healed":0,"gold_gain":0,"player_choice":"Box","damage_taken":0,"relics_obtained":["Blue Candle"],"max_hp_gain":0,"max_hp_loss":0,"event_name":"Big Fish","floor":3,"gold_loss":0,"cards_obtained":["Regret"]},{"damage_healed":0,"gold_gain":0,"player_choice":"Entered Light","damage_taken":16,"max_hp_gain":0,"max_hp_loss":0,"event_name":"Shining Light","floor":5,"gold_loss":0,"cards_upgraded":["Inflame","Strike_R"]},{"damage_healed":0,"gold_gain":0,"cards_transformed":["Strike_R"],"player_choice":"Transformed","damage_taken":0,"max_hp_gain":0,"max_hp_loss":0,"event_name":"Transmorgrifier","floor":11,"gold_loss":0,"cards_obtained":["Spot Weakness"]},{"damage_healed":0,"gold_gain":0,"player_choice":"Shed Blood","damage_taken":20,"max_hp_gain":5,"max_hp_loss":0,"event_name":"Forgotten Altar","floor":19,"gold_loss":0},{"damage_healed":0,"gold_gain":0,"player_choice":"Ignored","damage_taken":0,"max_hp_gain":0,"max_hp_loss":0,"event_name":"SecretPortal","floor":36,"gold_loss":0},{"damage_healed":0,"gold_gain":0,"player_choice":"Fight","damage_taken":0,"max_hp_gain":0,"max_hp_loss":0,"event_name":"MindBloom","floor":41,"gold_loss":0},{"damage_healed":0,"gold_gain":100,"player_choice":"Pray","damage_taken":0,"max_hp_gain":0,"max_hp_loss":0,"event_name":"Golden Shrine","floor":45,"gold_loss":0}],"is_beta":false,"boss_relics":[{"not_picked":["Coffee Dripper","Runic Cube"],"picked":"Black Star"},{"not_picked":["Empty Cage","Eternal Feather"],"picked":"Fusion Hammer"}],"items_purged_floors":[4],"is_endless":false,"potions_floor_spawned":[13,16,18,24,25,33,35,38,40,42],"killed_by":"Time Eater","ascension_level":8}