{"gold_per_floor":[111,111,136,61,61,61,74,89,89,89,112,153,153,153],"floor_reached":14,"playtime":754,"items_purged":["Strike_B"],"score":90,"play_id":"60bca3f6-5506-44f3-b347-ec3a2cfaee91","local_time":"20190112163417","is_ascension_mode":false,"campfire_choices":[{"data":"Dualcast","floor":6,"key":"SMITH"},{"data":"Capacitor","floor":10,"key":"SMITH"},{"floor":13,"key":"REST"}],"neow_cost":"NONE","seed_source_timestamp":286988334365413,"circlet_count":0,"master_deck":["Strike_B","Strike_B","Strike_B","Defend_B","Defend_B","Defend_B","Defend_B","Zap","Dualcast+1","Cold Snap","Capacitor+1"],"relics":["Cracked Core","Juzu Bracelet","Golden Idol","Girya","Bottled Tornado","Pen Nib"],"potions_floor_usage":[],"damage_taken":[{"damage":0,"enemies":"2 Louse","floor":1,"turns":2},{"damage":1,"enemies":"Cultist","floor":3,"turns":3},{"damage":0,"enemies":"Jaw Worm","floor":7,"turns":3},{"damage":6,"enemies":"Exordium Wildlife","floor":8,"turns":5},{"damage":25,"enemies":"Gremlin Gang","floor":11,"turns":5},{"damage":16,"enemies":"Lagavulin","floor":12,"turns":9},{"damage":10,"enemies":"Lots of Slimes","floor":14,"turns":2}],"seed_played":"9003547818590626927","potions_obtained":[{"floor":1,"key":"SkillPotion"}],"is_trial":false,"path_per_floor":["M","?","M","$","?","R","M","M","T","R","M","E","R","M"],"character_chosen":"DEFECT","items_purchased":[],"campfire_rested":1,"item_purchase_floors":[],"current_hp_per_floor":[75,57,56,56,56,56,56,50,50,50,25,9,31,21],"gold":153,"neow_bonus":"RANDOM_COMMON_RELIC","is_prod":false,"is_daily":false,"chose_seed":false,"campfire_upgraded":2,"win_rate":0,"timestamp":1547328857,"path_taken":["M","?","M","$","?","R","M","M","T","R","M","E","R","M"],"build_version":"2019-01-10","purchased_purges":1,"victory":false,"max_hp_per_floor":[75,75,75,75,75,75,75,75,75,75,75,75,75,75],"card_choices":[{"not_picked":["Genetic Algorithm","Steam","Go for the Eyes"],"picked":"SKIP","floor":1},{"not_picked":["Barrage","Beam Cell"],"picked":"Cold Snap","floor":3},{"not_picked":["Compile Driver","Stack"],"picked":"Capacitor","floor":7},{"not_picked":["Hologram","Consume","Reprogram"],"picked":"SKIP","floor":8},{"not_picked":["Compile Driver","Conserve Battery","BootSequence"],"picked":"SKIP","floor":11},{"not_picked":["Steam","Barrage","Genetic Algorithm"],"picked":"SKIP","floor":12}],"player_experience":155198,"relics_obtained":[{"floor":9,"key":"Bottled Tornado"},{"floor":12,"key":"Pen Nib"}],"event_choices":[{"damage_healed":0,"gold_gain":0,"player_choice":"Take Damage","damage_taken":18,"relics_obtained":["Golden Idol"],"max_hp_gain":0,"max_hp_loss":0,"event_name":"Golden Idol","floor":2,"gold_loss":0},{"damage_healed":0,"gold_gain":0,"player_choice":"Gave Potion","damage_taken":0,"relics_obtained":["Girya"],"max_hp_gain":0,"max_hp_loss":0,"event_name":"WeMeetAgain","floor":5,"gold_loss":0}],"is_beta":false,"boss_relics":[],"items_purged_floors":[4],"is_endless":false,"potions_floor_spawned":[1],"killed_by":"Lots of Slimes","ascension_level":0}