{"gold_per_floor":[117,117,137,155,167,194,194,157,183,199,209,209,209,242,242,242],"floor_reached":16,"playtime":719,"items_purged":[],"score":129,"play_id":"5b47e137-0d07-4e8f-b454-c9b07d7938e5","local_time":"20190630071309","is_ascension_mode":true,"campfire_choices":[{"floor":7,"key":"REST"},{"floor":13,"key":"REST"},{"data":"Defragment","floor":15,"key":"SMITH"}],"neow_cost":"NONE","seed_source_timestamp":1486136373243239,"circlet_count":0,"master_deck":["Strike_B","Strike_B","Strike_B","Strike_B","Defend_B","Defend_B","Defend_B+1","Zap","Dualcast","Sweeping Beam","White Noise+1","Heatsinks","Ball Lightning","Barrage","Self Repair","Defragment+1","Streamline","Barrage","Capacitor"],"relics":["Cracked Core","Art of War","Happy Flower","War Paint"],"potions_floor_usage":[5,11,16],"damage_taken":[{"damage":0,"enemies":"Small Slimes","floor":1,"turns":2},{"damage":1,"enemies":"Cultist","floor":3,"turns":3},{"damage":1,"enemies":"2 Louse","floor":4,"turns":2},{"damage":27,"enemies":"Gremlin Gang","floor":5,"turns":3},{"damage":29,"enemies":"Lagavulin","floor":6,"turns":7},{"damage":12,"enemies":"Looter","floor":10,"turns":3},{"damage":6,"enemies":"2 Fungi Beasts","floor":11,"turns":3},{"damage":35,"enemies":"Gremlin Nob","floor":14,"turns":4},{"damage":32,"enemies":"Slime Boss","floor":16,"turns":7}],"seed_played":"-9098614316895074498","potions_obtained":[{"floor":3,"key":"Ancient Potion"},{"floor":4,"key":"Fire Potion"},{"floor":6,"key":"FocusPotion"},{"floor":10,"key":"Dexterity Potion"}],"is_trial":false,"path_per_floor":["M","?","M","M","M","E","R","$","T","M","M","?","R","E","R","B"],"character_chosen":"DEFECT","items_purchased":["Self Repair"],"campfire_rested":2,"item_purchase_floors":[8],"current_hp_per_floor":[75,75,74,73,46,17,39,39,39,34,35,35,57,29,29,0],"gold":242,"neow_bonus":"RANDOM_COMMON_RELIC","is_prod":false,"is_daily":false,"chose_seed":false,"campfire_upgraded":1,"win_rate":0,"timestamp":1561893189,"path_taken":["M","?","M","M","M","E","R","?","T","M","M","?","R","E","R","BOSS"],"build_version":"2019-01-23","purchased_purges":0,"victory":false,"max_hp_per_floor":[75,75,75,75,75,75,75,75,75,75,75,75,75,75,75,75],"card_choices":[{"not_picked":["Redo","Streamline"],"picked":"Sweeping Beam","floor":1},{"not_picked":["Cold Snap","Leap"],"picked":"White Noise","floor":3},{"not_picked":["Double Energy","Hello World"],"picked":"Heatsinks","floor":4},{"not_picked":["Coolheaded","Undo"],"picked":"Ball Lightning","floor":5},{"not_picked":["Turbo","Steam Power"],"picked":"Barrage","floor":6},{"not_picked":["Rip and Tear","Scrape"],"picked":"Defragment","floor":10},{"not_picked":["Recycle","Turbo"],"picked":"Streamline","floor":11},{"not_picked":["Turbo","Blizzard"],"picked":"Capacitor","floor":14}],"player_experience":308094,"relics_obtained":[{"floor":6,"key":"Happy Flower"},{"floor":14,"key":"War Paint"}],"event_choices":[{"damage_healed":0,"gold_gain":0,"player_choice":"Bought 0 Potions","damage_taken":0,"max_hp_gain":0,"max_hp_loss":0,"event_name":"The Woman in Blue","floor":2,"gold_loss":0},{"damage_healed":0,"gold_gain":0,"cards_transformed":["Defend_B"],"player_choice":"Transformed","damage_taken":0,"max_hp_gain":0,"max_hp_loss":0,"event_name":"Transmorgrifier","floor":12,"gold_loss":0,"cards_obtained":["Barrage"]}],"is_beta":false,"boss_relics":[],"items_purged_floors":[],"is_endless":false,"potions_floor_spawned":[3,4,6,10],"killed_by":"Slime Boss","ascension_level":3}