{"gold_per_floor":[116,126,74,85,101,129,140,165,165,180,199,217,16,0,0,105,105,125,125,139,139,154,154,180,195,195,195,220,40,40,59,59,59],"floor_reached":33,"playtime":3474,"items_purged":["Strike_P"],"score":351,"play_id":"01dd5774-50b0-4da4-b924-85495adfa45d","local_time":"20190909173236","is_ascension_mode":false,"campfire_choices":[{"floor":15,"key":"REST"},{"floor":23,"key":"REST"},{"floor":32,"key":"REST"}],"neow_cost":"NONE","seed_source_timestamp":511892437759900,"circlet_count":0,"master_deck":["Strike_P","Strike_P","Strike_P","Defend_P","Defend_P","Defend_P","Defend_P","Eruption","Vigilance","Wallop","EmptyFist","CarveReality","FlyingSleeves","Consecrate","PathToVictory","Collect","EmptyBody","WreathOfFlame","Judgement","Fasting","Vault","RitualDagger","Protect","Protect","Decay","FearNoEvil+1"],"relics":["PureWater","Centennial Puzzle","Matryoshka","Lizard Tail","Bag of Preparation","Mercury Hourglass","VioletLotus","The Courier","Bronze Scales","Meat on the Bone","Incense Burner","Anchor"],"potions_floor_usage":[6,6,16,20,24,25,28,31],"damage_taken":[{"damage":0,"enemies":"Jaw Worm","floor":1,"turns":2},{"damage":1,"enemies":"Cultist","floor":2,"turns":4},{"damage":5,"enemies":"Small Slimes","floor":4,"turns":2},{"damage":0,"enemies":"3 Louse","floor":5,"turns":2},{"damage":31,"enemies":"3 Sentries","floor":6,"turns":5},{"damage":1,"enemies":"Red Slaver","floor":7,"turns":4},{"damage":18,"enemies":"Gremlin Nob","floor":8,"turns":4},{"damage":0,"enemies":"Large Slime","floor":10,"turns":4},{"damage":1,"enemies":"Exordium Wildlife","floor":11,"turns":3},{"damage":0,"enemies":"2 Fungi Beasts","floor":12,"turns":2},{"damage":0,"enemies":"Slime Boss","floor":16,"turns":3},{"damage":1,"enemies":"Spheric Guardian","floor":18,"turns":3},{"damage":33,"enemies":"Shell Parasite","floor":20,"turns":7},{"damage":0,"enemies":"Sentry and Sphere","floor":22,"turns":3},{"damage":73,"enemies":"Book of Stabbing","floor":24,"turns":9},{"damage":0,"enemies":"Snecko","floor":25,"turns":6},{"damage":14,"enemies":"Slavers","floor":28,"turns":7},{"damage":0,"enemies":"Cultist and Chosen","floor":31,"turns":5},{"damage":61,"enemies":"Champ","floor":33,"turns":11}],"seed_played":"3551371511970363729","potions_obtained":[{"floor":1,"key":"GamblersBrew"},{"floor":2,"key":"Regen Potion"},{"floor":10,"key":"Fire Potion"},{"floor":11,"key":"SteroidPotion"},{"floor":20,"key":"Regen Potion"},{"floor":24,"key":"AttackPotion"},{"floor":25,"key":"PowerPotion"},{"floor":28,"key":"Strength Potion"}],"is_trial":false,"path_per_floor":["M","M","?","M","M","E","M","E","T","M","M","M","$","?","R","B",null,"M","?","M","?","M","R","E","M","T","?","E","$","?","M","R","B"],"character_chosen":"WATCHER","items_purchased":["Judgement","Fasting","Anchor"],"campfire_rested":3,"item_purchase_floors":[13,13,29],"current_hp_per_floor":[65,64,64,59,59,42,41,23,23,23,22,22,22,22,41,41,65,64,58,25,25,25,44,18,18,18,18,16,16,16,28,47,0],"gold":59,"neow_bonus":"ONE_RANDOM_RARE_CARD","is_prod":false,"is_daily":false,"chose_seed":false,"campfire_upgraded":0,"win_rate":0.0,"timestamp":1568068356,"path_taken":["M","M","?","M","M","E","M","E","T","M","?","M","$","?","R","BOSS","M","?","M","?","?","R","E","M","T","?","E","?","?","M","R","BOSS"],"build_version":"2019-09-09","purchased_purges":1,"victory":false,"max_hp_per_floor":[65,65,65,65,65,65,65,65,65,65,65,65,65,65,65,65,65,65,65,65,65,65,65,65,65,65,65,65,65,65,65,65,65],"card_choices":[{"not_picked":["Vengeance","Protect"],"picked":"EmptyFist","floor":1},{"not_picked":["Weave","ThirdEye","ClearTheMind"],"picked":"SKIP","floor":2},{"not_picked":["EmptyBody","EmptyMind"],"picked":"CarveReality","floor":4},{"not_picked":["EmptyFist","Vengeance"],"picked":"FlyingSleeves","floor":5},{"not_picked":["Perseverance","BowlingBash"],"picked":"Consecrate","floor":6},{"not_picked":["EmptyFist","Meditate"],"picked":"PathToVictory","floor":7},{"not_picked":["EmptyFist","ThirdEye"],"picked":"Collect","floor":8},{"not_picked":["SignatureMove","JustLucky"],"picked":"EmptyBody","floor":10},{"not_picked":["JustLucky","ForeignInfluence"],"picked":"WreathOfFlame","floor":11},{"not_picked":["Weave","FlyingSleeves","FlurryOfBlows"],"picked":"SKIP","floor":12},{"not_picked":["Metaphysics","Judgement"],"picked":"Vault","floor":16},{"not_picked":["Protect","CutThroughFate","CrushJoints"],"picked":"SKIP","floor":18},{"not_picked":["Devotion","Worship+1"],"picked":"Protect","floor":20},{"not_picked":["FollowUp","Vengeance","SpiritShield"],"picked":"SKIP","floor":22},{"not_picked":["EmptyFist+1","Establishment+1"],"picked":"Protect","floor":24},{"not_picked":["EmptyFist","EmptyBody","BowlingBash"],"picked":"SKIP","floor":25},{"not_picked":["EmptyBody","Scrawl+1","Meditate"],"picked":"SKIP","floor":28},{"not_picked":["FollowUp","ThirdEye"],"picked":"FearNoEvil+1","floor":31}],"player_experience":235736,"relics_obtained":[{"floor":6,"key":"Matryoshka"},{"floor":8,"key":"Lizard Tail"},{"floor":9,"key":"Bag of Preparation"},{"floor":9,"key":"Mercury Hourglass"},{"floor":24,"key":"The Courier"},{"floor":26,"key":"Bronze Scales"},{"floor":26,"key":"Meat on the Bone"},{"floor":28,"key":"Incense Burner"}],"event_choices":[{"damage_healed":0,"gold_gain":0,"player_choice":"Paid Gold","damage_taken":0,"relics_obtained":["Centennial Puzzle"],"max_hp_gain":0,"max_hp_loss":0,"event_name":"WeMeetAgain","floor":3,"gold_loss":52},{"damage_healed":0,"gold_gain":0,"player_choice":"Left Gold","damage_taken":0,"max_hp_gain":0,"max_hp_loss":0,"event_name":"World of Goop","floor":14,"gold_loss":16},{"damage_healed":0,"gold_gain":0,"player_choice":"Joined the Cult","damage_taken":6,"max_hp_gain":0,"max_hp_loss":0,"event_name":"Nest","floor":19,"gold_loss":0,"cards_obtained":["RitualDagger"]},{"damage_healed":0,"gold_gain":0,"player_choice":"Ignored","damage_taken":0,"max_hp_gain":0,"max_hp_loss":0,"event_name":"NoteForYourself","floor":21,"gold_loss":0},{"damage_healed":0,"gold_gain":0,"player_choice":"Ignored","damage_taken":0,"max_hp_gain":0,"max_hp_loss":0,"event_name":"Cursed Tome","floor":27,"gold_loss":0},{"damage_healed":0,"gold_gain":0,"player_choice":"Smashed Altar","damage_taken":0,"max_hp_gain":0,"max_hp_loss":0,"event_name":"Forgotten Altar","floor":30,"gold_loss":0,"cards_obtained":["Decay"]}],"is_beta":true,"boss_relics":[{"not_picked":["Astrolabe","Black Star"],"picked":"VioletLotus"}],"items_purged_floors":[29],"is_endless":false,"potions_floor_spawned":[1,2,10,11,20,24,25,28],"killed_by":"Champ","ascension_level":0}