{"gold_per_floor":[111,111,61,136,116,146,146,171,171,182,210,225,242,260,260,358,358,378,309,328,346,546,546,577,593,593,612,612,131,131,162,162,162],"floor_reached":33,"playtime":3575,"items_purged":[],"score":355,"play_id":"f5a78b91-a4c3-4ef3-b1cc-af8a90ccfeda","local_time":"20190928140651","is_ascension_mode":false,"campfire_choices":[{"floor":7.0,"key":"REST"},{"floor":15.0,"key":"REST"},{"floor":23.0,"key":"REST"},{"floor":28.0,"key":"REST"},{"floor":30,"key":"REST"},{"floor":32,"key":"REST"}],"neow_cost":"NONE","seed_source_timestamp":0,"circlet_count":0,"master_deck":["Strike_P","Strike_P","Strike_P","Strike_P","Defend_P","Defend_P","Defend_P","Defend_P","Eruption","Vigilance","Consecrate","FollowUp","Sanctity","JustLucky","Worship","Judgement","Crescendo","Wallop","Vault","Pray","ThirdEye+1","Scrawl","EmptyBody+1","SandsOfTime+1","ClearTheMind","FlyingSleeves+1","BowlingBash+1","Adaptation+1","DeusExMachina","Halt"],"special_seed":0,"relics":["PureWater","NeowsBlessing","Bronze Scales","Letter Opener","MealTicket","PreservedInsect","Fusion Hammer","Shuriken","Calipers","Frozen Egg 2","Meat on the Bone"],"potions_floor_usage":[],"damage_taken":[{"damage":0.0,"enemies":"2 Louse","floor":1.0,"turns":1.0},{"damage":0.0,"enemies":"Gremlin Nob","floor":6.0,"turns":1.0},{"damage":0.0,"enemies":"3 Sentries","floor":8.0,"turns":2.0},{"damage":0.0,"enemies":"Jaw Worm","floor":10.0,"turns":5.0},{"damage":21.0,"enemies":"Lagavulin","floor":11.0,"turns":6.0},{"damage":0.0,"enemies":"Cultist","floor":12.0,"turns":3.0},{"damage":0.0,"enemies":"2 Fungi Beasts","floor":13.0,"turns":2.0},{"damage":12.0,"enemies":"Exordium Thugs","floor":14.0,"turns":3.0},{"damage":16.0,"enemies":"Hexaghost","floor":16.0,"turns":7.0},{"damage":13.0,"enemies":"3 Byrds","floor":18.0,"turns":3.0},{"damage":10.0,"enemies":"2 Thieves","floor":20.0,"turns":4.0},{"damage":17.0,"enemies":"Centurion and Healer","floor":21.0,"turns":9.0},{"damage":16.0,"enemies":"Slavers","floor":24.0,"turns":5.0},{"damage":11.0,"enemies":"Snake Plant","floor":25.0,"turns":3.0},{"damage":3.0,"enemies":"Chosen and Byrds","floor":27.0,"turns":6.0},{"damage":37,"enemies":"Book of Stabbing","floor":31,"turns":5},{"damage":65,"enemies":"Collector","floor":33,"turns":7}],"seed_played":"-7872163316410560518","potions_obtained":[{"floor":5.0,"key":"SkillPotion"},{"floor":10.0,"key":"DuplicationPotion"},{"floor":11.0,"key":"SpeedPotion"},{"floor":13.0,"key":"Ambrosia"},{"floor":16.0,"key":"Ancient Potion"},{"floor":25.0,"key":"Regen Potion"},{"floor":31,"key":"FearPotion"}],"is_trial":false,"path_per_floor":["M","?","$","?","?","E","R","E","T","M","E","M","M","M","R","B",null,"M","$","M","M","?","R","E","M","T","M","R","$","R","E","R","B"],"character_chosen":"WATCHER","items_purchased":["FollowUp","Scrawl","Frozen Egg 2","Adaptation+1","DeusExMachina"],"campfire_rested":6,"item_purchase_floors":[3,19,29,29,29],"current_hp_per_floor":[65,70,70,59,59,59,70,70,70,70,49,49,49,37,58,42,70,57,70,60,43,43,64,48,37,37,34,55,70,70,33,54,0],"gold":162,"neow_bonus":"THREE_ENEMY_KILL","is_prod":false,"is_daily":false,"chose_seed":false,"campfire_upgraded":0,"win_rate":0.0,"timestamp":1569704811,"path_taken":["M","?","$","?","?","E","R","E","T","M","E","M","M","M","R","BOSS","M","$","M","?","?","R","E","M","T","M","R","?","R","E","R","BOSS"],"build_version":"2019-09-27","purchased_purges":0,"victory":false,"max_hp_per_floor":[65,70,70,70,70,70,70,70,70,70,70,70,70,70,70,70,70,70,70,70,70,70,70,70,70,70,70,70,70,70,70,70,70],"card_choices":[{"not_picked":["Crescendo","SashWhip"],"picked":"Consecrate","floor":1.0},{"not_picked":["Protect","CleanseEvil"],"picked":"Sanctity","floor":6.0},{"not_picked":["Tantrum","FlyingSleeves"],"picked":"JustLucky","floor":8.0},{"not_picked":["Establishment","Swivel"],"picked":"Worship","floor":10.0},{"not_picked":["Scrawl","Unraveling"],"picked":"Judgement","floor":11.0},{"not_picked":["Consecrate","FollowUp"],"picked":"Crescendo","floor":12.0},{"not_picked":["EmptyBody","SandsOfTime"],"picked":"Wallop","floor":13.0},{"not_picked":["SashWhip","Consecrate"],"picked":"Vault","floor":14.0},{"not_picked":["DeusExMachina","ReachHeaven"],"picked":"Pray","floor":16.0},{"not_picked":["Halt","Crescendo"],"picked":"ThirdEye+1","floor":18.0},{"not_picked":["FlurryOfBlows","Crescendo+1"],"picked":"EmptyBody+1","floor":20.0},{"not_picked":["Conclude","Weave"],"picked":"SandsOfTime+1","floor":21.0},{"not_picked":["EmptyFist+1","Fasting"],"picked":"ClearTheMind","floor":24.0},{"not_picked":["EmptyBody+1","ThirdEye"],"picked":"FlyingSleeves+1","floor":25.0},{"not_picked":["CarveReality","MasterReality"],"picked":"BowlingBash+1","floor":27.0},{"not_picked":["FollowUp","Weave"],"picked":"Halt","floor":31}],"player_experience":21178,"relics_obtained":[{"floor":6.0,"key":"Bronze Scales"},{"floor":8.0,"key":"Letter Opener"},{"floor":9.0,"key":"MealTicket"},{"floor":11.0,"key":"PreservedInsect"},{"floor":24.0,"key":"Shuriken"},{"floor":26.0,"key":"Calipers"},{"floor":31,"key":"Meat on the Bone"}],"event_choices":[{"damage_healed":0.0,"max_hp_gain":5.0,"max_hp_loss":0.0,"gold_gain":0.0,"event_name":"Big Fish","player_choice":"Donut","floor":2.0,"gold_loss":0.0,"damage_taken":0.0},{"damage_healed":0.0,"max_hp_gain":0.0,"max_hp_loss":0.0,"gold_gain":75.0,"event_name":"World of Goop","player_choice":"Gather Gold","floor":4.0,"gold_loss":0.0,"damage_taken":11.0},{"damage_healed":0.0,"max_hp_gain":0.0,"max_hp_loss":0.0,"gold_gain":0.0,"event_name":"The Woman in Blue","player_choice":"Bought 1 Potion","floor":5.0,"gold_loss":0.0,"damage_taken":0.0},{"damage_healed":0.0,"max_hp_gain":0.0,"max_hp_loss":0.0,"gold_gain":200.0,"event_name":"Wheel of Change","player_choice":"Gold","floor":22.0,"gold_loss":0.0,"damage_taken":0.0}],"is_beta":true,"boss_relics":[{"not_picked":["Tiny House","Philosopher\u0027s Stone"],"picked":"Fusion Hammer"}],"items_purged_floors":[],"is_endless":false,"potions_floor_spawned":[10,11,13,14,16,21,25,31],"killed_by":"Collector","ascension_level":0}