{"gold_per_floor":[119,69,69,36,36,36,61,75,125,125,135,164,184,39,39,143,143,117,132,132,132,147,147,175,94,94,94,106,106,151,151],"floor_reached":31,"playtime":5452,"items_purged":[],"score":329,"play_id":"6ed3b250-8114-4f2b-b0f7-6a4d73182eaf","local_time":"20190803224107","is_ascension_mode":true,"campfire_choices":[{"data":"Calculated Gamble","floor":6.0,"key":"SMITH"},{"data":"Footwork","floor":10.0,"key":"SMITH"},{"floor":15.0,"key":"REST"},{"data":"Bullet Time","floor":23,"key":"SMITH"},{"data":"Footwork","floor":29,"key":"SMITH"}],"neow_cost":"NONE","seed_source_timestamp":0,"circlet_count":0,"master_deck":["Strike_G+1","Strike_G+1","Strike_G+1","Defend_G+1","Defend_G+1","Defend_G+1","Defend_G+1","Defend_G+1","Survivor+1","Neutralize","Flying Knee","Footwork+1","Calculated Gamble+1","Footwork+1","Poisoned Stab","Bouncing Flask","Corpse Explosion","Expertise","Bullet Time+1","Bouncing Flask","Outmaneuver","Deadly Poison","Escape Plan","Deadly Poison+1"],"special_seed":0,"relics":["Ring of the Snake","NeowsBlessing","Pen Nib","Oddly Smooth Stone","Bag of Marbles","PreservedInsect","Coffee Dripper","Pantograph","Ornamental Fan","Strawberry"],"potions_floor_usage":[24],"damage_taken":[{"damage":0.0,"enemies":"Cultist","floor":1.0,"turns":1.0},{"damage":0.0,"enemies":"Lagavulin","floor":7.0,"turns":1.0},{"damage":0.0,"enemies":"Small Slimes","floor":8.0,"turns":1.0},{"damage":0.0,"enemies":"2 Louse","floor":11.0,"turns":3.0},{"damage":18.0,"enemies":"Gremlin Nob","floor":12.0,"turns":4.0},{"damage":2.0,"enemies":"Exordium Thugs","floor":13.0,"turns":6.0},{"damage":26.0,"enemies":"Slime Boss","floor":16.0,"turns":12.0},{"damage":10,"enemies":"2 Thieves","floor":18,"turns":5},{"damage":0,"enemies":"Spheric Guardian","floor":19,"turns":4},{"damage":20,"enemies":"Snake Plant","floor":22,"turns":3},{"damage":34,"enemies":"Slavers","floor":24,"turns":3},{"damage":3,"enemies":"Chosen and Byrds","floor":28,"turns":5},{"damage":33,"enemies":"Snecko","floor":31,"turns":4}],"seed_played":"-2978947991739873335","potions_obtained":[{"floor":7.0,"key":"GhostInAJar"},{"floor":12.0,"key":"SteroidPotion"},{"floor":19,"key":"Dexterity Potion"},{"floor":22,"key":"SkillPotion"},{"floor":24,"key":"Energy Potion"}],"is_trial":false,"path_per_floor":["M","?","?","$","?","R","E","M","T","R","M","E","M","$","R","B",null,"M","M","?","?","M","R","E","$","T","?","M","R","T","M"],"character_chosen":"THE_SILENT","items_purchased":["Footwork","PreservedInsect","Escape Plan"],"campfire_rested":1,"item_purchase_floors":[4,14,25],"current_hp_per_floor":[70,70,56,56,56,56,56,56,56,56,56,38,36,36,57,31,70,60,60,60,60,40,40,6,6,6,29,26,26,33,0],"gold":151,"neow_bonus":"THREE_ENEMY_KILL","is_prod":false,"is_daily":false,"chose_seed":false,"campfire_upgraded":4,"win_rate":0,"timestamp":1564897267,"path_taken":["M","?","?","$","?","R","E","?","T","R","?","E","M","$","R","BOSS","M","M","?","?","M","R","E","$","T","?","M","R","?","M"],"build_version":"2019-07-17","purchased_purges":0,"victory":false,"max_hp_per_floor":[70,70,70,70,70,70,70,70,70,70,70,70,70,70,70,70,70,70,70,70,70,70,70,70,70,70,70,70,70,77,77],"card_choices":[{"not_picked":["Backstab","Dash"],"picked":"Flying Knee","floor":1.0},{"not_picked":["Deadly Poison","Sucker Punch"],"picked":"Footwork","floor":7.0},{"not_picked":["PiercingWail","Setup"],"picked":"Poisoned Stab","floor":8.0},{"not_picked":["Finisher","Catalyst"],"picked":"Bouncing Flask","floor":11.0},{"not_picked":["PiercingWail","Dagger Spray"],"picked":"Corpse Explosion","floor":12.0},{"not_picked":["Flying Knee","Accuracy"],"picked":"Expertise","floor":13.0},{"not_picked":["Storm of Steel","Phantasmal Killer"],"picked":"Bullet Time","floor":16.0},{"not_picked":["Eviscerate","Flying Knee+1"],"picked":"Bouncing Flask","floor":18},{"not_picked":["Deflect","Slice"],"picked":"Outmaneuver","floor":19},{"not_picked":["Dash+1","Outmaneuver"],"picked":"Deadly Poison","floor":22},{"not_picked":["Slice","Eviscerate+1","Poisoned Stab"],"picked":"SKIP","floor":24},{"not_picked":["Leg Sweep","Bane"],"picked":"Deadly Poison+1","floor":28}],"player_experience":2516064,"relics_obtained":[{"floor":7.0,"key":"Pen Nib"},{"floor":9.0,"key":"Oddly Smooth Stone"},{"floor":12.0,"key":"Bag of Marbles"},{"floor":24,"key":"Pantograph"},{"floor":26,"key":"Ornamental Fan"},{"floor":30,"key":"Strawberry"}],"event_choices":[{"cards_removed":["Strike_G"],"damage_healed":0.0,"max_hp_gain":0.0,"max_hp_loss":0.0,"gold_gain":0.0,"event_name":"The Cleric","player_choice":"Card Removal","floor":2.0,"gold_loss":50.0,"damage_taken":0.0},{"damage_healed":0.0,"max_hp_gain":0.0,"max_hp_loss":0.0,"gold_gain":0.0,"event_name":"Shining Light","player_choice":"Entered Light","floor":3.0,"gold_loss":0.0,"damage_taken":14.0,"cards_upgraded":["Defend_G","Survivor"]},{"damage_healed":0.0,"max_hp_gain":0.0,"max_hp_loss":0.0,"gold_gain":0.0,"cards_transformed":["Strike_G"],"event_name":"Transmorgrifier","player_choice":"Transformed","floor":5.0,"gold_loss":0.0,"damage_taken":0.0,"cards_obtained":["Calculated Gamble"]},{"damage_healed":0,"gold_gain":0,"player_choice":"Simplicity","damage_taken":0,"max_hp_gain":0,"max_hp_loss":0,"event_name":"Back to Basics","floor":20,"gold_loss":0,"cards_upgraded":["Strike_G","Strike_G","Strike_G","Defend_G","Defend_G","Defend_G","Defend_G"]},{"damage_healed":0,"gold_gain":0,"player_choice":"Ignored","damage_taken":0,"max_hp_gain":0,"max_hp_loss":0,"event_name":"Vampires","floor":21,"gold_loss":0},{"damage_healed":23,"gold_gain":0,"player_choice":"Heal","damage_taken":0,"max_hp_gain":0,"max_hp_loss":0,"event_name":"The Library","floor":27,"gold_loss":0}],"is_beta":false,"boss_relics":[{"not_picked":["Busted Crown","Calling Bell"],"picked":"Coffee Dripper"}],"items_purged_floors":[],"is_endless":false,"potions_floor_spawned":[7,12,19,22,24,28],"killed_by":"Snecko","ascension_level":3}