{"gold_per_floor":[114,64,80,80,98,132,132,195,218,232,264,264,264,284,284,388,388,405,423,39,53,73,106,106,135,135,146,146,165,11,11,11,115,115,134,134,150,50,66,98,98,98],"floor_reached":42,"playtime":3606,"items_purged":["Strike_G","Defend_G"],"score":550,"play_id":"49980818-6d60-4a32-a316-d2ac5312050f","local_time":"20190819202252","is_ascension_mode":true,"campfire_choices":[{"data":"After Image","floor":7.0,"key":"SMITH"},{"data":"Neutralize","floor":12.0,"key":"SMITH"},{"floor":15.0,"key":"REST"},{"data":"Strike_G","floor":24.0,"key":"PURGE"},{"data":"Die Die Die","floor":28.0,"key":"SMITH"},{"data":"Defend_G","floor":32.0,"key":"PURGE"},{"floor":41,"key":"REST"}],"neow_cost":"NONE","seed_source_timestamp":0,"circlet_count":0,"master_deck":["Strike_G","Defend_G","Defend_G","Survivor","Neutralize+1","Dagger Throw","Cloak And Dagger","Die Die Die+1","After Image+1","Escape Plan","Predator+1","Glass Knife+1","Skewer+1","Venomology","Dash+1"],"special_seed":0,"relics":["Ring of the Snake","Centennial Puzzle","Letter Opener","Lantern","Molten Egg 2","Busted Crown","Peace Pipe","Ninja Scroll","Du-Vu Doll","Paper Crane","Black Star","Gambling Chip","Sundial"],"potions_floor_usage":[39,39,39,40,40,42,42],"damage_taken":[{"damage":3.0,"enemies":"Jaw Worm","floor":1.0,"turns":8.0},{"damage":4.0,"enemies":"2 Louse","floor":3.0,"turns":2.0},{"damage":0.0,"enemies":"Cultist","floor":5.0,"turns":4.0},{"damage":1.0,"enemies":"3 Sentries","floor":6.0,"turns":4.0},{"damage":12.0,"enemies":"Gremlin Nob","floor":8.0,"turns":5.0},{"damage":0.0,"enemies":"Exordium Wildlife","floor":10.0,"turns":4.0},{"damage":20.0,"enemies":"Gremlin Nob","floor":11.0,"turns":5.0},{"damage":0.0,"enemies":"Exordium Thugs","floor":14.0,"turns":5.0},{"damage":31.0,"enemies":"Slime Boss","floor":16.0,"turns":13.0},{"damage":1.0,"enemies":"2 Thieves","floor":18.0,"turns":3.0},{"damage":0.0,"enemies":"Shell Parasite","floor":19.0,"turns":3.0},{"damage":8.0,"enemies":"Snecko","floor":21.0,"turns":4.0},{"damage":3.0,"enemies":"Snake Plant","floor":22.0,"turns":5.0},{"damage":11.0,"enemies":"Book of Stabbing","floor":23.0,"turns":6.0},{"damage":17.0,"enemies":"Gremlin Leader","floor":25.0,"turns":6.0},{"damage":0.0,"enemies":"Chosen and Byrds","floor":27.0,"turns":4.0},{"damage":0.0,"enemies":"Cultist and Chosen","floor":29.0,"turns":3.0},{"damage":15.0,"enemies":"Collector","floor":33.0,"turns":11.0},{"damage":0.0,"enemies":"Orb Walker","floor":35.0,"turns":2.0},{"damage":0.0,"enemies":"3 Darklings","floor":37.0,"turns":5.0},{"damage":51,"enemies":"Writhing Mass","floor":39,"turns":8},{"damage":14,"enemies":"Nemesis","floor":40,"turns":7},{"damage":59,"enemies":"Giant Head","floor":42,"turns":10}],"seed_played":"-3075446230256569328","potions_obtained":[{"floor":0.0,"key":"LiquidBronze"},{"floor":0.0,"key":"SteroidPotion"},{"floor":0.0,"key":"SkillPotion"},{"floor":3.0,"key":"Block Potion"},{"floor":11.0,"key":"Fire Potion"},{"floor":14.0,"key":"GhostInAJar"},{"floor":22.0,"key":"EssenceOfSteel"},{"floor":23.0,"key":"Ancient Potion"},{"floor":33.0,"key":"SneckoOil"},{"floor":35.0,"key":"SteroidPotion"},{"floor":37,"key":"Swift Potion"},{"floor":40,"key":"SpeedPotion"}],"is_trial":false,"path_per_floor":["M","?","M","?","M","E","R","?","T","M","E","R","?","M","R","B",null,"M","M","$","M","M","E","R","E","T","M","R","M","$","?","R","B",null,"M","?","M","$","M","E","R","E"],"character_chosen":"THE_SILENT","items_purchased":["Peace Pipe","Skewer+1","GhostInAJar"],"campfire_rested":2,"item_purchase_floors":[20,30,30],"current_hp_per_floor":[67,67,63,68,68,67,67,55,55,55,35,35,28,28,50,19,75,74,74,74,66,63,52,52,35,35,35,35,35,35,60,60,45,75,75,75,75,75,24,10,32,0],"gold":98,"neow_bonus":"THREE_SMALL_POTIONS","is_prod":false,"is_daily":false,"chose_seed":false,"campfire_upgraded":3,"win_rate":0,"timestamp":1566264172,"path_taken":["M","?","M","?","M","E","R","?","T","M","E","R","?","M","R","BOSS","M","M","$","M","M","E","R","E","T","M","R","M","$","?","R","BOSS","M","?","?","$","M","E","R","E"],"build_version":"2019-07-17","purchased_purges":2,"victory":false,"max_hp_per_floor":[70,70,70,75,75,75,75,75,75,75,75,75,75,75,75,75,75,75,75,75,75,75,75,75,75,75,75,75,75,75,75,75,75,75,75,75,75,75,75,75,75,75],"card_choices":[{"not_picked":["Slice","Outmaneuver"],"picked":"Dagger Throw","floor":1.0},{"not_picked":["Sucker Punch","Deflect"],"picked":"Cloak And Dagger","floor":3.0},{"not_picked":["Deflect","Poisoned Stab"],"picked":"Die Die Die","floor":5.0},{"not_picked":["Slice","Escape Plan"],"picked":"After Image","floor":6.0},{"not_picked":["Bane","Quick Slash"],"picked":"Escape Plan","floor":8.0},{"not_picked":["Slice","Acrobatics","Poisoned Stab"],"picked":"SKIP","floor":10.0},{"not_picked":["Deflect","Concentrate","Quick Slash"],"picked":"SKIP","floor":11.0},{"not_picked":["Eviscerate+1","Bane+1"],"picked":"Predator+1","floor":14.0},{"not_picked":["After Image","Storm of Steel"],"picked":"Glass Knife+1","floor":16.0},{"not_picked":["Setup"],"picked":"SKIP","floor":18.0},{"not_picked":["Bane+1"],"picked":"SKIP","floor":19.0},{"not_picked":["Choke+1"],"picked":"SKIP","floor":21.0},{"not_picked":["PiercingWail"],"picked":"SKIP","floor":22.0},{"not_picked":["Escape Plan"],"picked":"SKIP","floor":23.0},{"not_picked":["Dash+1"],"picked":"SKIP","floor":25.0},{"not_picked":["Outmaneuver+1"],"picked":"SKIP","floor":27.0},{"not_picked":["Noxious Fumes"],"picked":"SKIP","floor":29.0},{"not_picked":[],"picked":"Venomology","floor":33.0},{"not_picked":["Bouncing Flask+1"],"picked":"SKIP","floor":35.0},{"not_picked":[],"picked":"Dash+1","floor":37},{"not_picked":["Reflex"],"picked":"SKIP","floor":39},{"not_picked":["Reflex"],"picked":"SKIP","floor":40}],"player_experience":186929,"relics_obtained":[{"floor":6.0,"key":"Centennial Puzzle"},{"floor":8.0,"key":"Letter Opener"},{"floor":9.0,"key":"Lantern"},{"floor":11.0,"key":"Molten Egg 2"},{"floor":23.0,"key":"Ninja Scroll"},{"floor":25.0,"key":"Du-Vu Doll"},{"floor":26.0,"key":"Paper Crane"},{"floor":40,"key":"Gambling Chip"},{"floor":40,"key":"Sundial"}],"event_choices":[{"cards_removed":["Strike_G"],"damage_healed":0.0,"max_hp_gain":0.0,"max_hp_loss":0.0,"gold_gain":0.0,"event_name":"The Cleric","player_choice":"Card Removal","floor":2.0,"gold_loss":50.0,"damage_taken":0.0},{"damage_healed":0.0,"max_hp_gain":5.0,"max_hp_loss":0.0,"gold_gain":0.0,"event_name":"Big Fish","player_choice":"Donut","floor":4.0,"gold_loss":0.0,"damage_taken":0.0},{"damage_healed":0.0,"max_hp_gain":0.0,"max_hp_loss":0.0,"gold_gain":30.0,"event_name":"Dead Adventurer","player_choice":"Searched \u00272\u0027 times","floor":8.0,"gold_loss":0.0,"damage_taken":0.0},{"cards_removed":["Defend_G"],"damage_healed":0.0,"max_hp_gain":0.0,"max_hp_loss":0.0,"gold_gain":0.0,"event_name":"Golden Wing","player_choice":"Card Removal","floor":13.0,"gold_loss":0.0,"damage_taken":7.0},{"damage_healed":25.0,"max_hp_gain":0.0,"max_hp_loss":0.0,"gold_gain":0.0,"event_name":"The Library","player_choice":"Heal","floor":31.0,"gold_loss":0.0,"damage_taken":0.0},{"cards_removed":["Strike_G"],"damage_healed":0.0,"max_hp_gain":0.0,"max_hp_loss":0.0,"gold_gain":0.0,"event_name":"Bonfire Elementals","player_choice":"Offered Basic","floor":36.0,"gold_loss":0.0,"damage_taken":0.0}],"is_beta":false,"boss_relics":[{"not_picked":["WristBlade","Lizard Tail"],"picked":"Busted Crown"},{"not_picked":["Runic Pyramid","Pandora\u0027s Box"],"picked":"Black Star"}],"items_purged_floors":[20,38],"is_endless":false,"potions_floor_spawned":[3,11,14,22,23,33,35,37,40],"killed_by":"Giant Head","ascension_level":3}