{"gold_per_floor":[118,49,69,44,60,60,87,117,117,117,117,152,167,196,196,297,297,307,307,326,22,22,22,56,66,91,91,104,104,32,47,47,149,149,162,182,282,282,282,282,282,282,282,196,223,248,260,283,295,307],"floor_reached":50,"playtime":2064,"items_purged":[],"score":596,"play_id":"925bc32a-7993-4dd9-abb3-2a71399dd312","local_time":"20190825161018","is_ascension_mode":true,"campfire_choices":[{"data":"Noxious Fumes","floor":6.0,"key":"SMITH"},{"floor":10.0,"key":"REST"},{"floor":15.0,"key":"REST"},{"floor":23.0,"key":"REST"},{"floor":27.0,"key":"REST"},{"floor":29.0,"key":"REST"},{"floor":32.0,"key":"REST"},{"data":"A Thousand Cuts","floor":40.0,"key":"SMITH"},{"data":"Deep Breath","floor":41.0,"key":"SMITH"},{"data":"Cloak And Dagger","floor":42.0,"key":"SMITH"},{"floor":47,"key":"REST"},{"floor":49,"key":"REST"}],"neow_cost":"NONE","seed_source_timestamp":0,"circlet_count":0,"master_deck":["Strike_G","Strike_G","Strike_G","Strike_G","Defend_G","Defend_G","Defend_G","Defend_G","Defend_G","Survivor","Neutralize","Cloak And Dagger+1","Noxious Fumes+1","Dash","Acrobatics","Cloak And Dagger","Deadly Poison","Escape Plan","Slice","Crippling Poison","A Thousand Cuts+1","Blur","Deep Breath+1","Noxious Fumes","Leg Sweep","Bandage Up","Finisher","Blade Dance","Outmaneuver+1","Well Laid Plans","Underhanded Strike","Storm of Steel","Noxious Fumes","Slice","Blur+1","Flash of Steel","Heel Hook+1","Tactician"],"special_seed":0,"relics":["Ring of the Snake","NeowsBlessing","Shuriken","Paper Crane","Mercury Hourglass","Smiling Mask","Sozu","Blood Vial","Lantern","Happy Flower","Philosopher\u0027s Stone","WingedGreaves","Question Card","MawBank"],"potions_floor_usage":[46],"damage_taken":[{"damage":0.0,"enemies":"Cultist","floor":1.0,"turns":1.0},{"damage":0.0,"enemies":"Small Slimes","floor":3.0,"turns":1.0},{"damage":0.0,"enemies":"Jaw Worm","floor":5.0,"turns":1.0},{"damage":18.0,"enemies":"3 Sentries","floor":7.0,"turns":7.0},{"damage":15.0,"enemies":"Gremlin Nob","floor":12.0,"turns":5.0},{"damage":0.0,"enemies":"Red Slaver","floor":13.0,"turns":3.0},{"damage":8.0,"enemies":"Lagavulin","floor":14.0,"turns":7.0},{"damage":45.0,"enemies":"Hexaghost","floor":16.0,"turns":9.0},{"damage":14.0,"enemies":"Spheric Guardian","floor":18.0,"turns":5.0},{"damage":0.0,"enemies":"3 Byrds","floor":20.0,"turns":3.0},{"damage":45.0,"enemies":"Gremlin Leader","floor":24.0,"turns":7.0},{"damage":21.0,"enemies":"Cultist and Chosen","floor":25.0,"turns":6.0},{"damage":1.0,"enemies":"Centurion and Healer","floor":28.0,"turns":7.0},{"damage":11.0,"enemies":"Shelled Parasite and Fungi","floor":31.0,"turns":6.0},{"damage":33.0,"enemies":"Automaton","floor":33.0,"turns":10.0},{"damage":49.0,"enemies":"3 Darklings","floor":35.0,"turns":5.0},{"damage":0.0,"enemies":"3 Shapes","floor":36.0,"turns":5.0},{"damage":21.0,"enemies":"Mind Bloom Boss Battle","floor":37.0,"turns":7.0},{"damage":13,"enemies":"Writhing Mass","floor":46,"turns":7},{"damage":29,"enemies":"Maw","floor":48,"turns":6},{"damage":62,"enemies":"Awakened One","floor":50,"turns":3}],"seed_played":"4043297589906204308","potions_obtained":[{"floor":5.0,"key":"Dexterity Potion"},{"floor":12.0,"key":"Explosive Potion"},{"floor":14.0,"key":"FearPotion"}],"is_trial":false,"path_per_floor":["M","$","M","$","M","R","E","?","T","R","?","E","M","E","R","B",null,"M","?","M","$","?","R","E","M","T","R","M","R","$","M","R","B",null,"M","M","?","?","?","R","R","R","T","$","T","M","R","M","R","B"],"character_chosen":"THE_SILENT","items_purchased":["Noxious Fumes","Acrobatics","Blood Vial","Leg Sweep","Bandage Up","Well Laid Plans","Flash of Steel"],"campfire_rested":8,"item_purchase_floors":[2,4,21,21,21,30,44],"current_hp_per_floor":[70,70,70,70,70,70,52,52,52,70,63,48,48,40,61,16,70,56,42,42,42,42,63,24,9,9,30,35,56,56,51,70,41,70,25,27,12,12,61,61,61,61,61,61,61,52,61,36,54,0],"gold":307,"neow_bonus":"THREE_ENEMY_KILL","is_prod":false,"is_daily":false,"chose_seed":false,"campfire_upgraded":4,"win_rate":0,"timestamp":1566774618,"path_taken":["M","$","M","$","?","R","E","?","T","R","?","E","M","E","R","BOSS","M","?","?","$","?","R","E","M","T","R","M","R","$","M","R","BOSS","M","M","?","?","?","R","R","R","T","$","?","M","R","M","R","BOSS"],"build_version":"2019-07-17","purchased_purges":0,"victory":false,"max_hp_per_floor":[70,70,70,70,70,70,70,70,70,70,70,70,70,70,70,70,70,70,70,70,70,70,70,70,70,70,70,70,70,70,70,70,70,70,70,70,70,70,61,61,61,61,61,61,61,61,61,61,61,61],"card_choices":[{"not_picked":["Blade Dance","Slice"],"picked":"Cloak And Dagger","floor":1.0},{"not_picked":["Expertise","Sucker Punch"],"picked":"Dash","floor":3.0},{"not_picked":["Dodge and Roll","Slice"],"picked":"Cloak And Dagger","floor":5.0},{"not_picked":["Acrobatics","Dagger Spray"],"picked":"Deadly Poison","floor":7.0},{"not_picked":["Dodge and Roll","Deadly Poison"],"picked":"Escape Plan","floor":12.0},{"not_picked":["Backflip","All Out Attack"],"picked":"Slice","floor":13.0},{"not_picked":["Dodge and Roll","Eviscerate"],"picked":"Crippling Poison","floor":14.0},{"not_picked":["Night Terror","Malaise"],"picked":"A Thousand Cuts","floor":16.0},{"not_picked":["Concentrate","Reflex"],"picked":"Blur","floor":18.0},{"not_picked":["Acrobatics","Skewer"],"picked":"Noxious Fumes","floor":20.0},{"not_picked":["Skewer","Corpse Explosion"],"picked":"Finisher","floor":24.0},{"not_picked":["Tactician","Quick Slash"],"picked":"Blade Dance","floor":25.0},{"not_picked":["Poisoned Stab","Bouncing Flask+1"],"picked":"Outmaneuver+1","floor":28.0},{"not_picked":["Flying Knee","Sucker Punch"],"picked":"Underhanded Strike","floor":31.0},{"not_picked":["Tools of the Trade","Bullet Time"],"picked":"Storm of Steel","floor":33.0},{"not_picked":["Terror+1","Bane+1"],"picked":"Noxious Fumes","floor":35.0},{"not_picked":["Underhanded Strike","Predator"],"picked":"Slice","floor":36.0},{"not_picked":["Reflex","Well Laid Plans+1"],"picked":"Blur+1","floor":37.0},{"not_picked":["Outmaneuver","Dodge and Roll+1","Acrobatics+1"],"picked":"Heel Hook+1","floor":46},{"not_picked":["Flying Knee+1","Dagger Spray","Finisher"],"picked":"Tactician","floor":48}],"player_experience":3049848,"relics_obtained":[{"floor":7.0,"key":"Shuriken"},{"floor":9.0,"key":"Paper Crane"},{"floor":12.0,"key":"Mercury Hourglass"},{"floor":14.0,"key":"Smiling Mask"},{"floor":24.0,"key":"Lantern"},{"floor":26.0,"key":"Happy Flower"},{"floor":37.0,"key":"WingedGreaves"},{"floor":43.0,"key":"Question Card"},{"floor":45.0,"key":"MawBank"}],"event_choices":[{"damage_healed":0.0,"max_hp_gain":0.0,"max_hp_loss":0.0,"gold_gain":30.0,"event_name":"Dead Adventurer","player_choice":"Searched \u00271\u0027 times","floor":8.0,"gold_loss":0.0,"damage_taken":0.0},{"cards_removed":["Strike_G"],"damage_healed":0.0,"max_hp_gain":0.0,"max_hp_loss":0.0,"gold_gain":0.0,"event_name":"Golden Wing","player_choice":"Card Removal","floor":11.0,"gold_loss":0.0,"damage_taken":7.0},{"damage_healed":0.0,"max_hp_gain":0.0,"max_hp_loss":0.0,"gold_gain":0.0,"event_name":"Knowing Skull","player_choice":"CARD ","floor":19.0,"potions_obtained":[],"gold_loss":0.0,"damage_taken":14.0,"cards_obtained":["Deep Breath"]},{"damage_healed":0.0,"max_hp_gain":0.0,"max_hp_loss":0.0,"gold_gain":0.0,"event_name":"Ghosts","player_choice":"Ignored","floor":22.0,"gold_loss":0.0,"damage_taken":0.0},{"damage_healed":0.0,"max_hp_gain":0.0,"max_hp_loss":0.0,"gold_gain":0.0,"event_name":"MindBloom","player_choice":"Fight","floor":37.0,"gold_loss":0.0,"damage_taken":0.0},{"damage_healed":0.0,"max_hp_gain":0.0,"max_hp_loss":0.0,"gold_gain":0.0,"event_name":"Tomb of Lord Red Mask","player_choice":"Ignored","floor":38.0,"gold_loss":0.0,"damage_taken":0.0},{"damage_healed":61.0,"max_hp_gain":0.0,"max_hp_loss":9.0,"gold_gain":0.0,"event_name":"The Moai Head","player_choice":"Heal","floor":39.0,"gold_loss":0.0,"damage_taken":0.0}],"is_beta":false,"boss_relics":[{"not_picked":["Ectoplasm","Eternal Feather"],"picked":"Sozu"},{"not_picked":["Lizard Tail","Busted Crown"],"picked":"Philosopher\u0027s Stone"}],"items_purged_floors":[],"is_endless":false,"potions_floor_spawned":[5,12,14,24,33,37,48],"killed_by":"Awakened One","ascension_level":4}