{"gold_per_floor":[17,32,51,63,63,92,92,167,167,56,76,86,86,112,112,208,208,226,141,154,170,47,75,75,75,98,98,110,110],"floor_reached":29,"playtime":1846,"items_purged":["Strike_B"],"score":332,"play_id":"a55a0ff2-aad2-4b5d-a11d-eb0b5e681a85","local_time":"20190902145013","is_ascension_mode":true,"campfire_choices":[{"data":"Zap","floor":7,"key":"SMITH"},{"data":"Storm","floor":15,"key":"SMITH"},{"data":"White Noise","floor":24,"key":"SMITH"},{"floor":27,"key":"REST"}],"neow_cost":"NO_GOLD","seed_source_timestamp":846553860977100,"circlet_count":0,"master_deck":["Defend_B","Defend_B","Defend_B","Zap+1","Dualcast+1","Steam Power+1","Conserve Battery","Cold Snap+1","Melter+1","Defragment","Storm+1","Genetic Algorithm","Hello World+1","Tempest","Lockon","Creative AI+1","Sweeping Beam","White Noise+1","Echo Form+1","Force Field+1","Self Repair+1","Heatsinks+1","Capacitor+1"],"relics":["Cracked Core","Pantograph","Frozen Egg 2","Prayer Wheel","The Courier","Empty Cage","Ancient Tea Set","Whetstone","War Paint"],"potions_floor_usage":[6,14,16,18,20,29],"damage_taken":[{"damage":0,"enemies":"Small Slimes","floor":1,"turns":4},{"damage":2,"enemies":"Jaw Worm","floor":2,"turns":4},{"damage":0,"enemies":"2 Louse","floor":3,"turns":1},{"damage":7,"enemies":"Large Slime","floor":4,"turns":7},{"damage":6,"enemies":"3 Sentries","floor":6,"turns":6},{"damage":4,"enemies":"2 Fungi Beasts","floor":11,"turns":3},{"damage":8,"enemies":"Blue Slaver","floor":12,"turns":3},{"damage":9,"enemies":"Lagavulin","floor":14,"turns":6},{"damage":11,"enemies":"The Guardian","floor":16,"turns":10},{"damage":12,"enemies":"Chosen","floor":18,"turns":4},{"damage":2,"enemies":"Spheric Guardian","floor":20,"turns":4},{"damage":15,"enemies":"Cultist and Chosen","floor":21,"turns":5},{"damage":19,"enemies":"Slavers","floor":23,"turns":2},{"damage":8,"enemies":"Snake Plant","floor":28,"turns":3},{"damage":54,"enemies":"Gremlin Leader","floor":29,"turns":6}],"seed_played":"4156610810074879195","potions_obtained":[{"floor":2,"key":"FocusPotion"},{"floor":11,"key":"Dexterity Potion"},{"floor":14,"key":"Regen Potion"},{"floor":16,"key":"PowerPotion"},{"floor":18,"key":"Block Potion"},{"floor":23,"key":"Block Potion"}],"is_trial":false,"path_per_floor":["M","M","M","M","?","E","R","?","T","$","M","M","?","E","R","B",null,"M","?","M","M","$","E","R","?","T","R","M","E"],"character_chosen":"DEFECT","items_purchased":["Hello World+1","Self Repair+1","Heatsinks+1"],"campfire_rested":1,"item_purchase_floors":[10,22,22],"current_hp_per_floor":[68,66,66,59,64,58,58,47,47,47,43,35,23,14,14,43,71,59,59,57,42,42,23,23,23,23,47,49,0],"gold":110,"neow_bonus":"TRANSFORM_TWO_CARDS","is_prod":false,"is_daily":false,"chose_seed":false,"campfire_upgraded":3,"win_rate":0,"timestamp":1567453813,"path_taken":["M","M","M","M","?","E","R","?","T","$","M","M","?","E","R","BOSS","M","?","M","M","$","E","R","?","T","R","M","E"],"build_version":"2019-07-17","purchased_purges":1,"victory":false,"max_hp_per_floor":[75,75,75,75,80,80,80,80,80,80,80,80,80,80,80,80,80,80,80,80,80,80,80,80,80,80,80,80,80],"card_choices":[{"not_picked":["Leap","Stack"],"picked":"Cold Snap","floor":1},{"not_picked":["Auto Shields","Coolheaded"],"picked":"Melter","floor":2},{"not_picked":["Hologram","Gash"],"picked":"Defragment","floor":3},{"not_picked":["Turbo","FTL"],"picked":"Storm","floor":4},{"not_picked":["Darkness","Hologram"],"picked":"Genetic Algorithm","floor":6},{"not_picked":["Glacier","Scrape","Hologram"],"picked":"SKIP","floor":11},{"not_picked":["Glacier","Chaos"],"picked":"Tempest","floor":12},{"not_picked":["Turbo","BootSequence"],"picked":"Lockon","floor":14},{"not_picked":["Biased Cognition+1","Multi-Cast"],"picked":"Creative AI+1","floor":16},{"not_picked":["Auto Shields","Leap"],"picked":"Sweeping Beam","floor":18},{"not_picked":["Steam","Rip and Tear","Sweeping Beam"],"picked":"SKIP","floor":18},{"not_picked":["Darkness+1","Rebound"],"picked":"White Noise","floor":20},{"not_picked":["Undo","Gash"],"picked":"Echo Form+1","floor":20},{"not_picked":["Rebound+1","Steam"],"picked":"Force Field+1","floor":21},{"not_picked":["Doom and Gloom+1","Rebound","Leap"],"picked":"SKIP","floor":21},{"not_picked":["Cold Snap","Ball Lightning+1","Self Repair+1"],"picked":"SKIP","floor":23},{"not_picked":["Undo","Ball Lightning"],"picked":"Capacitor+1","floor":28},{"not_picked":["Storm+1","BootSequence","Stack"],"picked":"SKIP","floor":28}],"player_experience":208563,"relics_obtained":[{"floor":6,"key":"Pantograph"},{"floor":9,"key":"Frozen Egg 2"},{"floor":14,"key":"The Courier"},{"floor":23,"key":"Whetstone"},{"floor":26,"key":"War Paint"}],"event_choices":[{"damage_healed":0,"gold_gain":0,"player_choice":"Donut","damage_taken":0,"max_hp_gain":5,"max_hp_loss":0,"event_name":"Big Fish","floor":5,"gold_loss":0},{"damage_healed":0,"gold_gain":75,"player_choice":"Gather Gold","damage_taken":11,"max_hp_gain":0,"max_hp_loss":0,"event_name":"World of Goop","floor":8,"gold_loss":0},{"damage_healed":0,"gold_gain":0,"player_choice":"Success","damage_taken":12,"relics_obtained":["Prayer Wheel"],"max_hp_gain":0,"max_hp_loss":0,"event_name":"Scrap Ooze","floor":13,"gold_loss":0},{"damage_healed":0,"gold_gain":0,"player_choice":"Obtained Relic","damage_taken":0,"relics_obtained":["Ancient Tea Set"],"max_hp_gain":0,"max_hp_loss":0,"event_name":"Addict","floor":19,"gold_loss":85},{"damage_healed":0,"gold_gain":0,"player_choice":"Ignored","damage_taken":0,"max_hp_gain":0,"max_hp_loss":0,"event_name":"Cursed Tome","floor":25,"gold_loss":0}],"is_beta":false,"boss_relics":[{"not_picked":["Eternal Feather","Snecko Eye"],"picked":"Empty Cage"}],"items_purged_floors":[10],"is_endless":false,"potions_floor_spawned":[2,11,14,16,18,23],"killed_by":"Gremlin Leader","ascension_level":6}