{"gold_per_floor":[13,13,27,45,45,89,89,89],"floor_reached":8,"playtime":305,"items_purged":[],"score":67,"play_id":"c5bb4d43-0989-4cc1-9a68-45a208d11dec","local_time":"20190825161532","is_ascension_mode":true,"campfire_choices":[{"floor":7,"key":"REST"}],"neow_cost":"NO_GOLD","seed_source_timestamp":346219373752381,"circlet_count":0,"master_deck":["Strike_G","Strike_G","Strike_G","Strike_G","Strike_G","Defend_G","Defend_G","Defend_G","Defend_G","Defend_G","Survivor","Neutralize","Tools of the Trade","PiercingWail","Flying Knee","Backflip","Distraction"],"relics":["Ring of the Snake","Golden Idol","Mummified Hand"],"potions_floor_usage":[],"damage_taken":[{"damage":6,"enemies":"Jaw Worm","floor":1,"turns":6},{"damage":10,"enemies":"Small Slimes","floor":3,"turns":8},{"damage":0,"enemies":"2 Louse","floor":4,"turns":3},{"damage":56,"enemies":"Gremlin Nob","floor":6,"turns":6},{"damage":14,"enemies":"Lagavulin","floor":8,"turns":7}],"seed_played":"4123680200535796711","potions_obtained":[{"floor":4,"key":"SpeedPotion"}],"is_trial":false,"path_per_floor":["M","?","M","M","?","E","R","E"],"character_chosen":"THE_SILENT","items_purchased":[],"campfire_rested":1,"item_purchase_floors":[],"current_hp_per_floor":[64,47,37,37,60,4,25,11],"gold":89,"neow_bonus":"THREE_RARE_CARDS","is_prod":false,"is_daily":false,"chose_seed":false,"campfire_upgraded":0,"win_rate":0,"timestamp":1566774932,"path_taken":["M","?","M","M","?","E","R","E"],"build_version":"2019-07-17","purchased_purges":0,"victory":false,"max_hp_per_floor":[70,70,70,70,70,70,70,70],"card_choices":[{"not_picked":["After Image","Doppelganger"],"picked":"Tools of the Trade","floor":0},{"not_picked":["Dodge and Roll","Outmaneuver"],"picked":"PiercingWail","floor":1},{"not_picked":["Slice","Dagger Spray"],"picked":"Flying Knee","floor":3},{"not_picked":["Deadly Poison","Calculated Gamble"],"picked":"Backflip","floor":4},{"not_picked":["Riddle With Holes","Dagger Throw"],"picked":"Distraction","floor":6}],"player_experience":3051912,"relics_obtained":[{"floor":6,"key":"Mummified Hand"}],"event_choices":[{"damage_healed":0,"gold_gain":0,"player_choice":"Take Damage","damage_taken":17,"relics_obtained":["Golden Idol"],"max_hp_gain":0,"max_hp_loss":0,"event_name":"Golden Idol","floor":2,"gold_loss":0},{"damage_healed":23,"gold_gain":0,"player_choice":"Banana","damage_taken":0,"max_hp_gain":0,"max_hp_loss":0,"event_name":"Big Fish","floor":5,"gold_loss":0}],"is_beta":false,"boss_relics":[],"items_purged_floors":[],"is_endless":false,"potions_floor_spawned":[4],"killed_by":"Lagavulin","ascension_level":4}