{"path_per_floor":["M","?","?","?","M","R","M","M","T","$","M","R","?","M","R","B",null,"M","$","?","$","M","R","M","R","T","M","$","M","R","M","R","B",null,"M","?","?","M","?","R","M","M","T","$","R","M","R","M","R"],"character_chosen":"THE_SILENT","items_purchased":["Footwork","Noxious Fumes"],"gold_per_floor":[110,110,110,110,121,121,135,148,148,73,93,93,93,103,103,202,202,217,41,41,5,20,20,31,31,78,95,95,109,109,120,120,220,220,232,232,0,20,20,20,37,51,51,51,51,65,65,84,84,84],"floor_reached":50,"campfire_rested":4,"playtime":31131,"current_hp_per_floor":[70,56,56,49,49,49,49,48,48,48,48,48,48,48,69,35,70,70,70,70,70,68,68,60,60,60,33,33,30,30,27,48,23,70,70,61,61,61,61,61,58,25,25,25,46,34,34,23,44,0],"items_purged":["Strike_G","Strike_G"],"gold":84,"score":436,"play_id":"f8e029e2-1535-4ac9-b894-7cb4353d2bbe","local_time":"20180520121130","is_prod":false,"is_daily":false,"chose_seed":false,"is_ascension_mode":false,"campfire_upgraded":7,"timestamp":1526843490,"campfire_choices":[{"data":"Bane","floor":6,"key":"SMITH"},{"data":"Blur","floor":12,"key":"SMITH"},{"floor":15,"key":"REST"},{"data":"Noxious Fumes","floor":23,"key":"SMITH"},{"data":"Survivor","floor":25,"key":"SMITH"},{"data":"Footwork","floor":30,"key":"SMITH"},{"floor":32,"key":"REST"},{"data":"Well Laid Plans","floor":40,"key":"SMITH"},{"floor":45,"key":"REST"},{"data":"Backflip","floor":47,"key":"SMITH"},{"floor":49,"key":"REST"}],"path_taken":["M","?","?","?","?","R","?","M","T","$","M","R","?","M","R","BOSS","M","$","?","?","M","R","M","R","T","M","$","M","R","M","R","BOSS","M","?","?","M","?","R","M","M","T","?","R","M","R","M","R","BOSS"],"build_version":"2018-05-17","seed_source_timestamp":12887820891525,"purchased_purges":2,"victory":false,"master_deck":["Defend_G","Defend_G","Defend_G","Defend_G","Defend_G","Strike_G+1","Survivor+1","Neutralize","Deadly Poison+1","Bane+1","Blur+1","Adrenaline","Footwork+1","Noxious Fumes+1","Well Laid Plans+1","Heel Hook","Poisoned Stab","Madness","Madness","Bouncing Flask+1","Sucker Punch+1","Backflip+1"],"max_hp_per_floor":[70,70,70,70,70,70,70,70,70,70,70,70,70,70,70,70,70,70,70,70,70,70,70,70,70,70,70,70,70,70,70,70,70,70,70,70,70,70,70,70,70,70,70,70,70,70,70,70,70,70],"relics":["Ring of the Snake","Kunai","Ancient Tea Set","Sozu","Red Mask","Tingsha"],"card_choices":[{"not_picked":["Slice","Endless Agony"],"picked":"Deadly Poison","floor":0},{"not_picked":["Dodge and Roll","Crippling Poison"],"picked":"Bane","floor":1},{"not_picked":["Dagger Spray","Deadly Poison","Eviscerate"],"picked":"SKIP","floor":5},{"not_picked":["Flechettes","Prepared"],"picked":"Sucker Punch","floor":7},{"not_picked":["Deflect","Deadly Poison"],"picked":"Blur","floor":8},{"not_picked":["Infinite Blades","Outmaneuver"],"picked":"Adrenaline","floor":11},{"not_picked":["Riddle With Holes","Deadly Poison","Expertise"],"picked":"SKIP","floor":14},{"not_picked":["Dagger Throw","Underhanded Strike","Bane+1"],"picked":"SKIP","floor":18},{"not_picked":["Slice","Dagger Spray","Acrobatics"],"picked":"SKIP","floor":22},{"not_picked":["Quick Slash+1","Slice"],"picked":"Well Laid Plans","floor":24},{"not_picked":["Sucker Punch","Slice+1","Flying Knee"],"picked":"SKIP","floor":27},{"not_picked":["Dagger Spray","Well Laid Plans","PiercingWail"],"picked":"SKIP","floor":29},{"not_picked":["Deflect","Bullet Time"],"picked":"Heel Hook","floor":31},{"not_picked":["Accuracy","Endless Agony"],"picked":"Poisoned Stab","floor":35},{"not_picked":["PiercingWail+1","Dodge and Roll"],"picked":"Bouncing Flask+1","floor":38},{"not_picked":["Outmaneuver","Dodge and Roll+1","Prepared+1"],"picked":"SKIP","floor":41},{"not_picked":["Slice","Dash"],"picked":"Sucker Punch+1","floor":42},{"not_picked":["Choke+1","Acrobatics+1"],"picked":"Backflip","floor":46},{"not_picked":["Backflip","Dodge and Roll","Backstab"],"picked":"SKIP","floor":48}],"player_experience":216351,"potions_floor_usage":[24,27,35,42,42],"damage_taken":[{"damage":0,"enemies":"Jaw Worm","floor":1,"turns":4},{"damage":0,"enemies":"Small Slimes","floor":5,"turns":3},{"damage":0,"enemies":"2 Louse","floor":7,"turns":2},{"damage":1,"enemies":"2 Fungi Beasts","floor":8,"turns":4},{"damage":0,"enemies":"Large Slime","floor":11,"turns":3},{"damage":0,"enemies":"Red Slaver","floor":14,"turns":3},{"damage":34,"enemies":"Hexaghost","floor":16,"turns":10},{"damage":0,"enemies":"Shell Parasite","floor":18,"turns":8},{"damage":2,"enemies":"Spheric Guardian","floor":22,"turns":5},{"damage":8,"enemies":"Snake Plant","floor":24,"turns":4},{"damage":27,"enemies":"3 Cultists","floor":27,"turns":7},{"damage":3,"enemies":"Centurion and Healer","floor":29,"turns":8},{"damage":3,"enemies":"Sentry and Sphere","floor":31,"turns":7},{"damage":25,"enemies":"Champ","floor":33,"turns":14},{"damage":0,"enemies":"3 Darklings","floor":35,"turns":7},{"damage":0,"enemies":"3 Shapes","floor":38,"turns":5},{"damage":3,"enemies":"Sphere and 2 Shapes","floor":41,"turns":5},{"damage":47,"enemies":"3 Darklings","floor":42,"turns":6},{"damage":12,"enemies":"4 Shapes","floor":46,"turns":6},{"damage":11,"enemies":"Sphere and 2 Shapes","floor":48,"turns":4},{"damage":46,"enemies":"Time Eater","floor":50,"turns":6}],"relics_obtained":[{"floor":9,"key":"Kunai"},{"floor":26,"key":"Ancient Tea Set"},{"floor":43,"key":"Tingsha"}],"event_choices":[{"event_name":"Shining Light","player_choice":"Entered Light","floor":2,"damage_taken":0},{"event_name":"Living Wall","player_choice":"Forget","floor":3,"damage_taken":0},{"event_name":"Golden Wing","player_choice":"Card Removal","floor":4,"damage_taken":0},{"event_name":"The Lab","player_choice":"Got Potions","floor":13,"damage_taken":0},{"event_name":"Beggar","player_choice":"Ignored","floor":20,"damage_taken":0},{"event_name":"Winding Halls","player_choice":"Embrace Madness","floor":36,"damage_taken":0},{"event_name":"Tomb of Lord Red Mask","player_choice":"Paid","floor":37,"damage_taken":0}],"boss_relics":[{"not_picked":["Runic Pyramid","Snecko Eye","Ectoplasm"]},{"not_picked":["Calling Bell","Orrery"],"picked":"Sozu"}],"potions_floor_spawned":[5,7,14,18,31,33,41,46,48],"seed_played":"-8350117014283877695","killed_by":"Time Eater","ascension_level":0,"potions_obtained":[{"floor":5,"key":"Strength Potion"},{"floor":7,"key":"GhostInAJar"},{"floor":13,"key":"Regen Potion"},{"floor":18,"key":"Poison Potion"},{"floor":31,"key":"GamblersBrew"},{"floor":33,"key":"Swift Potion"}],"is_trial":false}