{"gold_per_floor":[112,130,143,143,143,174,174,174,174,204,204,267,284,296,296,391,391,409,192,192,204,218,218,234,267,267,267,279,292,309,321,321,424,424,441,451,280,299,299,299,315,315,315,315,332,125,145,0,0,0],"floor_reached":50,"playtime":4432,"items_purged":["Strike_G","Defend_G","Bane+1"],"score":561,"play_id":"88ca41be-0aa7-418c-a2ad-6b5efa27573b","local_time":"20190630104022","is_ascension_mode":true,"campfire_choices":[{"floor":7,"key":"REST"},{"floor":11,"key":"REST"},{"data":"Noxious Fumes","floor":15,"key":"SMITH"},{"data":"Strike_G","floor":23,"key":"PURGE"},{"data":"Strike_G+1","floor":27,"key":"PURGE"},{"data":"Bouncing Flask","floor":32,"key":"SMITH"},{"floor":40,"key":"REST"},{"data":"Neutralize","floor":42,"key":"PURGE"},{"data":"Defend_G+1","floor":49,"key":"PURGE"}],"neow_cost":"NONE","seed_source_timestamp":1494854031281552,"circlet_count":0,"master_deck":["Defend_G+1","Defend_G+1","Survivor+1","Well Laid Plans+1","Noxious Fumes+1","Escape Plan+1","Tools of the Trade+1","Crippling Poison+1","Bouncing Flask+1","Footwork+1","Catalyst+1","Calculated Gamble+1","Dash+1","Acrobatics+1","PiercingWail+1","Dodge and Roll+1","Flechettes+1","Noxious Fumes+1","Noxious Fumes+1"],"relics":["Ring of the Snake","Peace Pipe","Meat on the Bone","Pantograph","Frozen Egg 2","Tiny Chest","Philosopher\u0027s Stone","Whetstone","Runic Pyramid","Gambling Chip","Mark of the Bloom","Red Mask"],"potions_floor_usage":[10,12,16,22,25,25,33,33,50,50],"damage_taken":[{"damage":0,"enemies":"Cultist","floor":1,"turns":5},{"damage":0,"enemies":"2 Louse","floor":2,"turns":3},{"damage":0,"enemies":"Small Slimes","floor":3,"turns":4},{"damage":35,"enemies":"Lagavulin","floor":6,"turns":9},{"damage":41,"enemies":"Gremlin Nob","floor":10,"turns":6},{"damage":19,"enemies":"Lagavulin","floor":12,"turns":8},{"damage":26,"enemies":"Gremlin Gang","floor":13,"turns":5},{"damage":2,"enemies":"Exordium Wildlife","floor":14,"turns":4},{"damage":20,"enemies":"The Guardian","floor":16,"turns":11},{"damage":23,"enemies":"3 Byrds","floor":18,"turns":5},{"damage":9,"enemies":"Spheric Guardian","floor":21,"turns":4},{"damage":3,"enemies":"Shelled Parasite and Fungi","floor":22,"turns":6},{"damage":6,"enemies":"Chosen and Byrds","floor":24,"turns":6},{"damage":15,"enemies":"Book of Stabbing","floor":25,"turns":5},{"damage":0,"enemies":"Snecko","floor":28,"turns":6},{"damage":8,"enemies":"Centurion and Healer","floor":29,"turns":6},{"damage":18,"enemies":"Snake Plant","floor":30,"turns":4},{"damage":10,"enemies":"Sentry and Sphere","floor":31,"turns":4},{"damage":24,"enemies":"Automaton","floor":33,"turns":7},{"damage":14,"enemies":"3 Shapes","floor":35,"turns":4},{"damage":42,"enemies":"3 Darklings","floor":36,"turns":9},{"damage":18,"enemies":"Transient","floor":38,"turns":5},{"damage":0,"enemies":"Maw","floor":41,"turns":6},{"damage":3,"enemies":"4 Shapes","floor":45,"turns":4},{"damage":21,"enemies":"Jaw Worm Horde","floor":47,"turns":4},{"damage":28,"enemies":"Donu and Deca","floor":50,"turns":2}],"seed_played":"-4978574299997097852","potions_obtained":[{"floor":2,"key":"Energy Potion"},{"floor":10,"key":"SteroidPotion"},{"floor":13,"key":"Swift Potion"},{"floor":16,"key":"Poison Potion"},{"floor":21,"key":"EssenceOfSteel"},{"floor":22,"key":"SteroidPotion"},{"floor":24,"key":"EssenceOfSteel"},{"floor":28,"key":"Swift Potion"},{"floor":30,"key":"LiquidBronze"},{"floor":31,"key":"Explosive Potion"},{"floor":38,"key":"Strength Potion"},{"floor":41,"key":"SpeedPotion"},{"floor":45,"key":"PowerPotion"}],"is_trial":false,"path_per_floor":["M","M","M","$","?","E","R","?","T","E","R","E","M","M","R","B",null,"M","$","?","M","M","R","M","E","T","R","M","M","M","M","R","B",null,"M","M","$","M","?","R","M","R","T","?","M","$","M","?","R","B"],"character_chosen":"THE_SILENT","items_purchased":["Footwork+1","Catalyst","Flechettes","Noxious Fumes+1"],"campfire_rested":3,"item_purchase_floors":[19,19,37,46],"current_hp_per_floor":[70,70,70,70,58,23,44,44,44,15,36,29,15,25,25,42,70,47,47,47,38,47,47,41,38,38,38,38,42,36,38,38,39,70,56,26,26,20,20,41,41,41,41,41,38,38,17,17,17,0],"gold":0,"neow_bonus":"REMOVE_CARD","is_prod":false,"is_daily":false,"chose_seed":false,"campfire_upgraded":2,"win_rate":0,"timestamp":1561905622,"path_taken":["M","M","M","?","?","E","R","?","T","E","R","E","M","M","R","BOSS","M","$","?","M","M","R","?","E","T","R","?","M","M","M","R","BOSS","M","M","$","M","?","R","M","R","T","?","M","$","?","?","R","BOSS"],"build_version":"2019-01-23","purchased_purges":3,"victory":false,"max_hp_per_floor":[70,70,70,70,70,70,70,70,70,70,70,70,70,70,70,70,70,70,70,70,70,70,70,70,70,70,70,70,70,70,70,70,70,70,70,70,70,70,70,70,70,70,70,70,70,70,70,70,70,70],"card_choices":[{"not_picked":["Outmaneuver","Accuracy","Flying Knee"],"picked":"SKIP","floor":1},{"not_picked":["Setup","Deadly Poison"],"picked":"Well Laid Plans","floor":2},{"not_picked":["Deadly Poison","Endless Agony"],"picked":"Noxious Fumes","floor":3},{"not_picked":["Blade Dance","Sucker Punch"],"picked":"Bane","floor":6},{"not_picked":["Concentrate","Blade Dance"],"picked":"Escape Plan","floor":10},{"not_picked":["Blade Dance","Well Laid Plans+1"],"picked":"Tools of the Trade+1","floor":12},{"not_picked":["Infinite Blades+1","Finisher"],"picked":"Crippling Poison","floor":13},{"not_picked":["Blade Dance","Concentrate","Slice"],"picked":"SKIP","floor":14},{"not_picked":["Dagger Spray","Distraction+1"],"picked":"Bouncing Flask","floor":18},{"not_picked":["Bane","Bouncing Flask","Cloak And Dagger+1"],"picked":"SKIP","floor":21},{"not_picked":["Masterful Stab+1","Well Laid Plans+1"],"picked":"Dash+1","floor":22},{"not_picked":["Setup","Deflect","Infinite Blades+1"],"picked":"SKIP","floor":24},{"not_picked":["Outmaneuver","Bouncing Flask+1","Flechettes"],"picked":"SKIP","floor":25},{"not_picked":["Sucker Punch+1","Leg Sweep+1"],"picked":"Acrobatics","floor":28},{"not_picked":["Sucker Punch","Deadly Poison","Predator+1"],"picked":"SKIP","floor":29},{"not_picked":["Deadly Poison+1","Dagger Throw+1","Unload"],"picked":"SKIP","floor":30},{"not_picked":["Masterful Stab","Cloak And Dagger","Dagger Spray"],"picked":"SKIP","floor":31},{"not_picked":["Dagger Throw","Deadly Poison+1"],"picked":"PiercingWail","floor":35},{"not_picked":["Dagger Spray","Prepared"],"picked":"Dodge and Roll","floor":36},{"not_picked":["Dagger Spray","Backflip","Prepared+1"],"picked":"SKIP","floor":38},{"not_picked":["Bouncing Flask","Dodge and Roll+1","Deflect"],"picked":"SKIP","floor":41},{"not_picked":["Bouncing Flask","Dodge and Roll+1","Deflect"],"picked":"SKIP","floor":41},{"not_picked":["Escape Plan","PiercingWail","Sucker Punch"],"picked":"SKIP","floor":45},{"not_picked":["Escape Plan+1","Bane"],"picked":"Noxious Fumes+1","floor":47}],"player_experience":312224,"relics_obtained":[{"floor":6,"key":"Meat on the Bone"},{"floor":9,"key":"Pantograph"},{"floor":10,"key":"Frozen Egg 2"},{"floor":12,"key":"Tiny Chest"},{"floor":25,"key":"Whetstone"},{"floor":43,"key":"Gambling Chip"}],"event_choices":[{"damage_healed":0,"gold_gain":0,"player_choice":"Success","damage_taken":12,"relics_obtained":["Peace Pipe"],"max_hp_gain":0,"max_hp_loss":0,"event_name":"Scrap Ooze","floor":5,"gold_loss":0},{"damage_healed":0,"gold_gain":0,"player_choice":"Ignored","damage_taken":0,"max_hp_gain":0,"max_hp_loss":0,"event_name":"Shining Light","floor":8,"gold_loss":0},{"damage_healed":0,"gold_gain":0,"cards_transformed":["Strike_G"],"player_choice":"Transformed","damage_taken":0,"max_hp_gain":0,"max_hp_loss":0,"event_name":"Transmorgrifier","floor":20,"gold_loss":0,"cards_obtained":["Calculated Gamble"]},{"cards_removed":["Defend_G"],"damage_healed":0,"gold_gain":0,"player_choice":"Removed Skill","damage_taken":0,"max_hp_gain":0,"max_hp_loss":0,"event_name":"Falling","floor":39,"gold_loss":0},{"damage_healed":0,"gold_gain":0,"player_choice":"Upgrade","damage_taken":0,"relics_obtained":["Mark of the Bloom"],"max_hp_gain":0,"max_hp_loss":0,"event_name":"MindBloom","floor":44,"gold_loss":0,"cards_upgraded":["Defend_G","Defend_G","Defend_G","Survivor","Well Laid Plans","Escape Plan","Crippling Poison","Catalyst","Calculated Gamble","Acrobatics","PiercingWail","Dodge and Roll","Flechettes"]},{"damage_healed":0,"gold_gain":0,"player_choice":"Paid","damage_taken":0,"relics_obtained":["Red Mask"],"max_hp_gain":0,"max_hp_loss":0,"event_name":"Tomb of Lord Red Mask","floor":48,"gold_loss":145}],"is_beta":false,"boss_relics":[{"not_picked":["Fusion Hammer","WristBlade"],"picked":"Philosopher\u0027s Stone"},{"not_picked":["Velvet Choker","HoveringKite"],"picked":"Runic Pyramid"}],"items_purged_floors":[19,37,46],"is_endless":false,"potions_floor_spawned":[2,10,13,16,21,22,24,28,30,31,38,41,45],"killed_by":"Donu and Deca","ascension_level":3}