{"path_per_floor":["M","M","M","$","M","R","M","R","T","$","M","$","M","?","R","B",null,"M","M"],"character_chosen":"THE_SILENT","items_purchased":["Deadly Poison","Footwork"],"gold_per_floor":[119,131,144,20,30,30,40,40,40,0,18,18,36,36,36,140,140,154,172,172],"floor_reached":20,"campfire_rested":0,"playtime":1528,"item_purchase_floors":[4,10],"current_hp_per_floor":[69,69,69,69,66,66,66,66,66,66,66,66,66,66,66,64,69,68,50,36],"items_purged":["Strike_G"],"gold":172,"score":210,"play_id":"9011cb09-c66e-438e-8f1b-ae39cfe40c3c","local_time":"20180526174808","is_prod":false,"is_daily":false,"chose_seed":false,"is_ascension_mode":true,"campfire_upgraded":3,"win_rate":0,"timestamp":1527382088,"campfire_choices":[{"data":"Neutralize","floor":6,"key":"SMITH"},{"data":"Deadly Poison","floor":8,"key":"SMITH"},{"data":"Footwork","floor":15,"key":"SMITH"}],"path_taken":["M","M","M","$","M","R","M","R","T","$","M","$","M","?","R","BOSS","M","M","M"],"build_version":"2018-05-24","seed_source_timestamp":23427489151515,"purchased_purges":1,"victory":false,"master_deck":["Defend_G","Defend_G","Defend_G","Defend_G","Defend_G","Strike_G","Strike_G","Strike_G","Survivor","Neutralize+1","Infinite Blades","Deadly Poison+1","Blur","Flying Knee","Footwork+1","Outmaneuver","Backflip","Tactician","Deflect"],"max_hp_per_floor":[70,70,70,70,70,70,70,70,70,70,70,70,70,70,70,70,70,70,70,70],"relics":["Ring of the Snake","Bottled Lightning","Black Star"],"card_choices":[{"not_picked":["Flechettes","Slice","Poisoned Stab"],"picked":"SKIP","floor":1},{"not_picked":["Calculated Gamble","Dash"],"picked":"Infinite Blades","floor":2},{"not_picked":["Endless Agony","Bane","PiercingWail"],"picked":"SKIP","floor":3},{"not_picked":["Poisoned Stab","Quick Slash"],"picked":"Blur","floor":5},{"not_picked":["All Out Attack","Quick Slash"],"picked":"Flying Knee","floor":7},{"not_picked":["Dodge and Roll","Bane"],"picked":"Outmaneuver","floor":11},{"not_picked":["Dodge and Roll","Quick Slash"],"picked":"Backflip","floor":13},{"not_picked":["Die Die Die","Glass Knife"],"picked":"Tactician","floor":16},{"not_picked":["Outmaneuver","Bane"],"picked":"Deflect","floor":18},{"not_picked":["PiercingWail","Dagger Spray","Reflex"],"picked":"SKIP","floor":19}],"player_experience":390583,"potions_floor_usage":[13,18,19],"damage_taken":[{"damage":1,"enemies":"Small Slimes","floor":1,"turns":4},{"damage":0,"enemies":"Jaw Worm","floor":2,"turns":7},{"damage":0,"enemies":"Cultist","floor":3,"turns":5},{"damage":3,"enemies":"3 Louse","floor":5,"turns":4},{"damage":0,"enemies":"2 Fungi Beasts","floor":7,"turns":4},{"damage":0,"enemies":"Exordium Wildlife","floor":11,"turns":5},{"damage":0,"enemies":"Lots of Slimes","floor":13,"turns":6},{"damage":2,"enemies":"Slime Boss","floor":16,"turns":16},{"damage":1,"enemies":"Chosen","floor":18,"turns":7},{"damage":18,"enemies":"3 Byrds","floor":19,"turns":7},{"damage":14,"enemies":"Slaver and Parasite","floor":20,"turns":4}],"relics_obtained":[{"floor":9,"key":"Bottled Lightning"}],"event_choices":[{"event_name":"Golden Idol","player_choice":"Ignored","floor":14,"damage_taken":0}],"boss_relics":[{"not_picked":["Philosopher\u0027s Stone","Calling Bell"],"picked":"Black Star"}],"items_purged_floors":[4],"potions_floor_spawned":[1,5,11,16,18],"seed_played":"8638377915246353923","killed_by":"Slaver and Parasite","ascension_level":5,"potions_obtained":[{"floor":1,"key":"GhostInAJar"},{"floor":5,"key":"Fire Potion"},{"floor":11,"key":"SpeedPotion"},{"floor":16,"key":"SkillPotion"},{"floor":18,"key":"GamblersBrew"}],"is_trial":false}