{"path_per_floor":["M","?","M","M","M","R","M","R","T","R","M","R","$","?","R","B",null,"M","M","$","M","?","R"],"character_chosen":"THE_SILENT","items_purchased":["Outmaneuver","Dagger Throw","Noxious Fumes"],"gold_per_floor":[119,119,135,155,175,175,185,185,185,185,200,200,23,23,23,125,125,140,159,77,87,87,87,87],"floor_reached":24,"campfire_rested":1,"playtime":1581,"current_hp_per_floor":[70,56,56,56,54,54,38,38,38,38,38,38,38,38,59,42,70,67,46,46,39,39,39,0],"items_purged":["Strike_G"],"gold":87,"score":207,"play_id":"e5ca2ed9-40ea-4fd7-a166-d6051514cf24","local_time":"20180523214916","is_prod":false,"is_daily":false,"chose_seed":false,"is_ascension_mode":true,"campfire_upgraded":5,"timestamp":1527137356,"campfire_choices":[{"data":"Neutralize","floor":6,"key":"SMITH"},{"data":"Cloak And Dagger","floor":8,"key":"SMITH"},{"data":"Deflect","floor":10,"key":"SMITH"},{"data":"Deadly Poison","floor":12,"key":"SMITH"},{"floor":15,"key":"REST"},{"data":"Noxious Fumes","floor":23,"key":"SMITH"}],"path_taken":["M","?","M","M","M","R","M","R","T","R","M","R","$","?","R","BOSS","M","M","$","M","?","R","M"],"build_version":"2018-05-17","seed_source_timestamp":14630610412079,"purchased_purges":1,"victory":false,"master_deck":["Defend_G","Defend_G","Defend_G","Defend_G+1","Defend_G","Strike_G+1","Strike_G","Strike_G","Survivor","Neutralize+1","Cloak And Dagger+1","Quick Slash","Deflect+1","Deadly Poison+1","Outmaneuver","Dagger Throw","Envenom","Flying Knee","Noxious Fumes+1"],"max_hp_per_floor":[70,70,70,70,70,70,70,70,70,70,70,70,70,70,70,70,70,70,70,70,70,70,70,70],"relics":["Ring of the Snake","Toolbox"],"card_choices":[{"not_picked":["Underhanded Strike","Accuracy"],"picked":"Cloak And Dagger","floor":1},{"not_picked":["Slice","Underhanded Strike"],"picked":"Quick Slash","floor":3},{"not_picked":["Cloak And Dagger","Quick Slash","Blade Dance"],"picked":"SKIP","floor":4},{"not_picked":["PiercingWail","Crippling Poison"],"picked":"Deflect","floor":5},{"not_picked":["Expertise","Flechettes","Crippling Poison"],"picked":"SKIP","floor":7},{"not_picked":["Flying Knee","Riddle With Holes"],"picked":"Deadly Poison","floor":11},{"not_picked":["Phantasmal Killer","Unload"],"picked":"Envenom","floor":16},{"not_picked":["Deadly Poison","Dagger Spray","Bane+1"],"picked":"SKIP","floor":18},{"not_picked":["Sucker Punch+1","Acrobatics"],"picked":"Flying Knee","floor":19},{"not_picked":["Reflex","Concentrate+1","Bane"],"picked":"SKIP","floor":21}],"player_experience":325641,"potions_floor_usage":[5,18,18,19,24],"damage_taken":[{"damage":0,"enemies":"2 Louse","floor":1,"turns":2},{"damage":0,"enemies":"Small Slimes","floor":3,"turns":4},{"damage":0,"enemies":"Jaw Worm","floor":4,"turns":3},{"damage":2,"enemies":"3 Louse","floor":5,"turns":4},{"damage":16,"enemies":"Exordium Thugs","floor":7,"turns":7},{"damage":0,"enemies":"Large Slime","floor":11,"turns":8},{"damage":17,"enemies":"Hexaghost","floor":16,"turns":13},{"damage":3,"enemies":"2 Thieves","floor":18,"turns":3},{"damage":21,"enemies":"Spheric Guardian","floor":19,"turns":7},{"damage":7,"enemies":"Centurion and Healer","floor":21,"turns":6},{"damage":43,"enemies":"Snecko","floor":24,"turns":5}],"relics_obtained":[{"floor":9,"key":"Toolbox"}],"event_choices":[{"event_name":"Shining Light","player_choice":"Entered Light","floor":2,"damage_taken":0},{"event_name":"The Cleric","player_choice":"Leave","floor":14,"damage_taken":0},{"event_name":"The Mausoleum","player_choice":"No","floor":22,"damage_taken":0}],"boss_relics":[{"not_picked":["Runic Dome","Cursed Key","Pandora\u0027s Box"]}],"potions_floor_spawned":[4,5,16,18,19],"seed_played":"-3151492037250062542","killed_by":"Snecko","ascension_level":2,"potions_obtained":[{"floor":4,"key":"SkillPotion"},{"floor":5,"key":"Fire Potion"},{"floor":16,"key":"Fire Potion"},{"floor":18,"key":"Block Potion"},{"floor":19,"key":"GamblersBrew"}],"is_trial":false}