{"gold_per_floor":[117,117,137,147,23,23,56,56,81,81,110,127,152,152,152,257,257,268,278,278,278],"floor_reached":21,"playtime":1563,"items_purged":["Strike_P"],"score":297,"play_id":"e94d9750-05ef-42b2-9079-909de62e8234","local_time":"20190910091117","is_ascension_mode":false,"campfire_choices":[{"data":"Eruption","floor":6,"key":"SMITH"},{"data":"WaveOfTheHand","floor":8,"key":"SMITH"},{"data":"EmptyFist","floor":15,"key":"SMITH"}],"neow_cost":"NONE","seed_source_timestamp":570129687366800,"circlet_count":0,"master_deck":["Strike_P","Strike_P","Defend_P","Defend_P","Defend_P","Defend_P","Eruption+1","Vigilance","EmptyMind","BowlingBash+1","WaveOfTheHand+1","CarveReality","EmptyFist+1","Nirvana","EmptyBody","FollowUp"],"relics":["PureWater","Strawberry","PreservedInsect","Dream Catcher","MealTicket","Empty Cage","MutagenicStrength"],"potions_floor_usage":[7,11,11,19,21,21],"damage_taken":[{"damage":2,"enemies":"Cultist","floor":1,"turns":3},{"damage":0,"enemies":"2 Louse","floor":3,"turns":4},{"damage":8,"enemies":"Jaw Worm","floor":4,"turns":4},{"damage":8,"enemies":"3 Sentries","floor":7,"turns":7},{"damage":6,"enemies":"Gremlin Nob","floor":11,"turns":3},{"damage":15,"enemies":"3 Louse","floor":12,"turns":3},{"damage":0,"enemies":"Lagavulin","floor":13,"turns":3},{"damage":0,"enemies":"Slime Boss","floor":16,"turns":6},{"damage":5,"enemies":"Chosen","floor":18,"turns":4},{"damage":30,"enemies":"3 Byrds","floor":19,"turns":6},{"damage":58,"enemies":"Sentry and Sphere","floor":21,"turns":6}],"seed_played":"8423423583014291319","potions_obtained":[{"floor":4,"key":"PowerPotion"},{"floor":7,"key":"SpeedPotion"},{"floor":12,"key":"SkillPotion"},{"floor":18,"key":"Poison Potion"},{"floor":19,"key":"StancePotion"}],"is_trial":false,"path_per_floor":["M","?","M","M","$","R","E","R","T","?","E","M","E","?","R","B",null,"M","M","?","M"],"character_chosen":"WATCHER","items_purchased":["Explosive Potion"],"campfire_rested":0,"item_purchase_floors":[5],"current_hp_per_floor":[69,74,74,66,66,66,65,65,65,65,59,44,44,64,64,64,80,75,45,45,0],"gold":278,"neow_bonus":"TEN_PERCENT_HP_BONUS","is_prod":false,"is_daily":false,"chose_seed":false,"campfire_upgraded":3,"win_rate":0.0,"timestamp":1568124677,"path_taken":["M","?","M","M","$","R","E","R","T","?","E","?","E","?","R","BOSS","M","M","?","M"],"build_version":"2019-09-09v2","purchased_purges":1,"victory":false,"max_hp_per_floor":[71,76,76,76,76,76,83,83,83,83,83,83,83,83,83,83,80,80,80,80,80],"card_choices":[{"not_picked":["FlyingSleeves","CleanseEvil"],"picked":"EmptyMind","floor":1},{"not_picked":["Crescendo","Fasting"],"picked":"BowlingBash","floor":3},{"not_picked":["FollowUp","Adaptation"],"picked":"WaveOfTheHand","floor":4},{"not_picked":["JustLucky","EmptyMind"],"picked":"CarveReality","floor":7},{"not_picked":["LessonLearned","EmptyMind","Collect"],"picked":"SKIP","floor":11},{"not_picked":["Consecrate","CutThroughFate"],"picked":"EmptyFist","floor":12},{"not_picked":["SpiritShield","JustLucky","Weave"],"picked":"SKIP","floor":13},{"not_picked":["MasterReality","BattleHymn"],"picked":"Nirvana","floor":16},{"not_picked":["ThirdEye","Sanctity+1"],"picked":"EmptyBody","floor":18},{"not_picked":["Collect","EmptyFist"],"picked":"FollowUp","floor":19}],"player_experience":239747,"relics_obtained":[{"floor":7,"key":"Strawberry"},{"floor":9,"key":"PreservedInsect"},{"floor":11,"key":"Dream Catcher"},{"floor":13,"key":"MealTicket"}],"event_choices":[{"damage_healed":0,"gold_gain":0,"player_choice":"Donut","damage_taken":0,"max_hp_gain":5,"max_hp_loss":0,"event_name":"Big Fish","floor":2,"gold_loss":0},{"damage_healed":0,"gold_gain":0,"player_choice":"Upgraded","damage_taken":0,"max_hp_gain":0,"max_hp_loss":0,"event_name":"Upgrade Shrine","floor":10,"gold_loss":0,"cards_upgraded":["BowlingBash"]},{"damage_healed":20,"gold_gain":0,"player_choice":"Healed and dodged fight","damage_taken":0,"max_hp_gain":0,"max_hp_loss":0,"event_name":"Mushrooms","floor":14,"gold_loss":0,"cards_obtained":["Parasite"]},{"damage_healed":0,"gold_gain":0,"player_choice":"Inject Mutagens","damage_taken":0,"relics_obtained":["MutagenicStrength"],"max_hp_gain":0,"max_hp_loss":0,"event_name":"Drug Dealer","floor":20,"gold_loss":0}],"is_beta":true,"boss_relics":[{"not_picked":["Black Star","Philosopher\u0027s Stone"],"picked":"Empty Cage"}],"items_purged_floors":[5],"is_endless":false,"potions_floor_spawned":[4,7,12,18,19],"killed_by":"Sentry and Sphere","ascension_level":0}