{"path_per_floor":["M","M","M","$","?","R","E","R","T","?","M","R","M","M","R"],"character_chosen":"THE_SILENT","items_purchased":[],"gold_per_floor":[112,131,141,66,16,16,43,43,66,66,21,21,36,56,56,56],"floor_reached":16,"campfire_rested":0,"playtime":1425,"item_purchase_floors":[],"current_hp_per_floor":[70,70,69,69,69,69,56,56,56,44,42,42,41,41,41,0],"items_purged":["Strike_G"],"gold":56,"score":120,"play_id":"6b187205-47ad-4dcc-a680-fcb5afb32133","local_time":"20180526005345","is_prod":false,"is_daily":false,"chose_seed":false,"is_ascension_mode":true,"campfire_upgraded":4,"win_rate":0,"timestamp":1527321225,"campfire_choices":[{"data":"Footwork","floor":6,"key":"SMITH"},{"data":"Venomology","floor":8,"key":"SMITH"},{"data":"Tools of the Trade","floor":12,"key":"SMITH"},{"data":"Neutralize","floor":15,"key":"SMITH"}],"path_taken":["M","M","M","$","?","R","E","R","T","?","?","R","M","M","R","BOSS"],"build_version":"2018-05-24","seed_source_timestamp":29074290354347,"purchased_purges":1,"victory":false,"master_deck":["Defend_G","Defend_G","Defend_G","Defend_G","Defend_G","Strike_G","Strike_G","Strike_G","Survivor","Neutralize+1","Footwork+1","Acrobatics","Venomology+1","Tools of the Trade+1","Prepared"],"max_hp_per_floor":[70,70,70,70,70,70,70,70,70,70,70,70,72,72,72,72],"relics":["Ring of the Snake","Singing Bowl","Dream Catcher","Orichalcum"],"card_choices":[{"not_picked":["Dagger Throw","Prepared"],"picked":"Footwork","floor":0},{"not_picked":["Dodge and Roll","Calculated Gamble","Malaise"],"picked":"SKIP","floor":1},{"not_picked":["Prepared","Concentrate"],"picked":"Acrobatics","floor":2},{"not_picked":["Dagger Spray","Cloak And Dagger","Quick Slash"],"picked":"SKIP","floor":3},{"not_picked":["Acrobatics","Concentrate"],"picked":"Venomology","floor":7},{"not_picked":["Prepared","PiercingWail"],"picked":"Tools of the Trade","floor":11},{"not_picked":["Slice","Prepared","Acrobatics"],"picked":"Singing Bowl","floor":13},{"not_picked":["Crippling Poison","Bane"],"picked":"Prepared","floor":14}],"player_experience":361652,"potions_floor_usage":[7,11,13,16,16],"damage_taken":[{"damage":0,"enemies":"Small Slimes","floor":1,"turns":5},{"damage":0,"enemies":"2 Louse","floor":2,"turns":6},{"damage":1,"enemies":"Jaw Worm","floor":3,"turns":8},{"damage":13,"enemies":"3 Sentries","floor":7,"turns":16},{"damage":2,"enemies":"Looter","floor":11,"turns":5},{"damage":3,"enemies":"Lots of Slimes","floor":13,"turns":8},{"damage":0,"enemies":"Blue Slaver","floor":14,"turns":6},{"damage":42,"enemies":"Slime Boss","floor":16,"turns":16}],"relics_obtained":[{"floor":7,"key":"Singing Bowl"},{"floor":9,"key":"Dream Catcher"}],"event_choices":[{"event_name":"The Cleric","player_choice":"Card Removal","floor":5,"damage_taken":0},{"event_name":"Scrap Ooze","player_choice":"success","floor":10,"damage_taken":12}],"boss_relics":[],"items_purged_floors":[4],"potions_floor_spawned":[3,13,14],"seed_played":"-8511422013919865428","killed_by":"Slime Boss","ascension_level":4,"potions_obtained":[{"floor":3,"key":"GamblersBrew"},{"floor":13,"key":"Dexterity Potion"},{"floor":14,"key":"LiquidBronze"}],"is_trial":false}