{"gold_per_floor":[118,9,9,26,45,45,145,171,171,171,189,189,222,239,239,337,337,350,350,449,374,394,394],"floor_reached":23,"playtime":3040,"items_purged":[],"score":249,"play_id":"0046c3d0-c6f7-4d90-9919-25db19fc9425","local_time":"20190906221323","is_ascension_mode":true,"campfire_choices":[{"data":"Tactician","floor":6.0,"key":"SMITH"},{"floor":10.0,"key":"REST"},{"floor":15.0,"key":"REST"}],"neow_cost":"NONE","seed_source_timestamp":376534890249987,"circlet_count":0,"master_deck":["Strike_G","Strike_G","Strike_G","Strike_G","Defend_G","Defend_G","Defend_G","Defend_G","Defend_G","Survivor","Neutralize","Dagger Throw","Tactician+1","Caltrops","Caltrops","Flying Knee","Unload","Backstab","Jack Of All Trades","Deflect","Night Terror","Tools of the Trade","Crippling Poison+1","Finisher"],"special_seed":0,"relics":["Ring of the Snake","NeowsBlessing","Dodecahedron","Snake Skull","Unceasing Top","WristBlade"],"potions_floor_usage":[],"damage_taken":[{"damage":0.0,"enemies":"2 Louse","floor":1.0,"turns":1.0},{"damage":0.0,"enemies":"Small Slimes","floor":4.0,"turns":1.0},{"damage":0.0,"enemies":"Cultist","floor":5.0,"turns":1.0},{"damage":37.0,"enemies":"3 Sentries","floor":8.0,"turns":8.0},{"damage":0.0,"enemies":"Looter","floor":11.0,"turns":3.0},{"damage":20.0,"enemies":"Lagavulin","floor":13.0,"turns":5.0},{"damage":10.0,"enemies":"Lots of Slimes","floor":14.0,"turns":3.0},{"damage":37.0,"enemies":"Hexaghost","floor":16.0,"turns":11.0},{"damage":35.0,"enemies":"Spheric Guardian","floor":18.0,"turns":6.0},{"damage":11,"enemies":"Shell Parasite","floor":22,"turns":5},{"damage":12,"enemies":"Slavers","floor":23,"turns":1}],"seed_played":"-4524784850451101326","potions_obtained":[{"floor":1.0,"key":"PowerPotion"},{"floor":8.0,"key":"AttackPotion"},{"floor":13.0,"key":"Fire Potion"},{"floor":22,"key":"Strength Potion"}],"is_trial":false,"path_per_floor":["M","$","?","M","M","R","?","E","T","R","M","?","E","M","R","B",null,"M","?","?","?","M","E"],"character_chosen":"THE_SILENT","items_purchased":["Tactician","Caltrops"],"campfire_rested":2,"item_purchase_floors":[2,2],"current_hp_per_floor":[70,70,70,70,70,70,70,33,33,54,54,54,34,24,45,8,55,20,20,20,20,9,0],"gold":394,"neow_bonus":"THREE_ENEMY_KILL","is_prod":false,"is_daily":false,"chose_seed":false,"campfire_upgraded":1,"win_rate":0,"timestamp":1567833203,"path_taken":["M","$","?","M","M","R","?","E","T","R","?","?","E","?","R","BOSS","M","?","?","?","M","E"],"build_version":"2019-07-17","purchased_purges":0,"victory":false,"max_hp_per_floor":[70,70,70,70,70,70,70,70,70,70,70,70,70,70,70,70,70,70,70,70,70,70,70],"card_choices":[{"not_picked":["Blur","Skewer"],"picked":"Dagger Throw","floor":1.0},{"not_picked":["Cloak And Dagger","Deadly Poison"],"picked":"Caltrops","floor":4.0},{"not_picked":["Deadly Poison","Finisher"],"picked":"Flying Knee","floor":5.0},{"not_picked":["Outmaneuver","Flying Knee"],"picked":"Unload","floor":8.0},{"not_picked":["Prepared","Deadly Poison"],"picked":"Backstab","floor":11.0},{"not_picked":["Underhanded Strike","Dodge and Roll"],"picked":"Deflect","floor":13.0},{"not_picked":["Endless Agony","Deflect"],"picked":"Night Terror","floor":14.0},{"not_picked":["Wraith Form v2","Night Terror"],"picked":"Tools of the Trade","floor":16.0},{"not_picked":["Bane","Quick Slash+1"],"picked":"Crippling Poison+1","floor":18.0},{"not_picked":["Deflect","Bane+1"],"picked":"Finisher","floor":22}],"player_experience":3131642,"relics_obtained":[{"floor":8.0,"key":"Dodecahedron"},{"floor":9.0,"key":"Snake Skull"},{"floor":13.0,"key":"Unceasing Top"}],"event_choices":[{"damage_healed":0.0,"max_hp_gain":0.0,"max_hp_loss":0.0,"gold_gain":0.0,"event_name":"Shining Light","player_choice":"Ignored","floor":3.0,"gold_loss":0.0,"damage_taken":0.0},{"damage_healed":0.0,"max_hp_gain":0.0,"max_hp_loss":0.0,"gold_gain":100.0,"event_name":"Golden Shrine","player_choice":"Pray","floor":7.0,"gold_loss":0.0,"damage_taken":0.0},{"damage_healed":0.0,"max_hp_gain":0.0,"max_hp_loss":0.0,"gold_gain":0.0,"event_name":"Match and Keep!","player_choice":"1 cards matched","floor":12.0,"gold_loss":0.0,"damage_taken":0.0,"cards_obtained":["Jack Of All Trades"]},{"damage_healed":0.0,"max_hp_gain":0.0,"max_hp_loss":0.0,"gold_gain":0.0,"event_name":"Ghosts","player_choice":"Ignored","floor":19.0,"gold_loss":0.0,"damage_taken":0.0},{"damage_healed":0.0,"max_hp_gain":0.0,"max_hp_loss":0.0,"gold_gain":99.0,"event_name":"Nest","player_choice":"Stole From Cult","floor":20.0,"gold_loss":0.0,"damage_taken":0.0},{"cards_removed":["Strike_G"],"damage_healed":0.0,"max_hp_gain":0.0,"max_hp_loss":0.0,"gold_gain":0.0,"event_name":"Beggar","player_choice":"Gave Gold","floor":21.0,"gold_loss":75.0,"damage_taken":0.0}],"is_beta":false,"boss_relics":[{"not_picked":["Runic Dome","Coffee Dripper"],"picked":"WristBlade"}],"items_purged_floors":[],"is_endless":false,"potions_floor_spawned":[1,8,13,22],"killed_by":"Slavers","ascension_level":5}