{"path_per_floor":["M","M","?","?","$","M","R","M","T","$","M","$","M","M","R","B",null,"M","M","$","?","M","?","R","M","T","R"],"character_chosen":"THE_SILENT","items_purchased":["Deadly Poison","Poisoned Stab","Well Laid Plans"],"gold_per_floor":[20,37,37,37,37,50,50,61,61,61,79,52,63,82,82,187,187,202,222,98,13,25,25,25,37,37,37],"floor_reached":28,"campfire_rested":3,"playtime":1881,"current_hp_per_floor":[70,70,70,67,67,67,67,61,61,61,61,61,54,47,68,54,70,49,47,47,47,18,2,23,26,26,47],"items_purged":[],"gold":37,"score":212,"play_id":"43a853ae-e476-4862-a33b-69e0a90bf51b","local_time":"20180303200529","is_prod":false,"is_daily":false,"is_ascension_mode":false,"campfire_upgraded":1,"timestamp":1520125529,"path_taken":["M","M","?","?","$","M","R","M","T","?","M","$","M","M","R","BOSS","M","M","$","?","M","?","R","M","T","R","E"],"build_version":"2018-03-01-PROD1","purchased_purges":0,"victory":false,"master_deck":["Defend_G","Defend_G","Defend_G","Defend_G","Defend_G","Strike_G","Strike_G","Strike_G","Strike_G","Strike_G","Survivor","Neutralize","Dagger Throw","Prepared","Poisoned Stab+1","Bouncing Flask","Crippling Poison","Deadly Poison","Unload","Prepared","Tools of the Trade","Noxious Fumes","Bane+1","Poisoned Stab","Well Laid Plans","Underhanded Strike","Necronomicurse"],"max_hp_per_floor":[70,70,70,70,70,70,70,70,70,70,70,70,70,70,70,70,70,70,70,70,70,70,70,70,70,70,70],"relics":["Ring of the Snake","Thread and Needle","Dodecahedron","Frozen Eye","The Specimen","Meat on the Bone","Necronomicon","Bag of Marbles"],"card_choices":[{"not_picked":["Slice","Blur"],"picked":"Dagger Throw"},{"not_picked":["Outmaneuver","Infinite Blades"],"picked":"Prepared"},{"not_picked":["PiercingWail","Dagger Throw"],"picked":"Poisoned Stab"},{"not_picked":["Riddle With Holes","Backflip"],"picked":"Bouncing Flask"},{"not_picked":["Prepared","Footwork"],"picked":"Crippling Poison"},{"not_picked":["Dagger Spray","Deflect"],"picked":"Unload"},{"not_picked":["Blur","Riddle With Holes"],"picked":"Prepared"},{"not_picked":["Adrenaline","Glass Knife"],"picked":"Tools of the Trade"},{"not_picked":["Outmaneuver","Dagger Spray"],"picked":"Noxious Fumes"},{"not_picked":["Backflip","Sucker Punch"],"picked":"Bane"},{"not_picked":["Dagger Spray","Blade Dance"],"picked":"Underhanded Strike"}],"player_experience":25884,"potions_floor_usage":[22,22,25],"damage_taken":[{"damage":0,"enemies":"2 Louse","floor":1,"turns":2},{"damage":0,"enemies":"Jaw Worm","floor":2,"turns":4},{"damage":0,"enemies":"Small Slimes","floor":6,"turns":3},{"damage":6,"enemies":"3 Louse","floor":8,"turns":3},{"damage":0,"enemies":"2 Fungi Beasts","floor":11,"turns":3},{"damage":7,"enemies":"Blue Slaver","floor":13,"turns":3},{"damage":7,"enemies":"3 Louse","floor":14,"turns":2},{"damage":14,"enemies":"Hexaghost","floor":16,"turns":9},{"damage":21,"enemies":"2 Thieves","floor":18,"turns":5},{"damage":2,"enemies":"Chosen","floor":19,"turns":5},{"damage":53,"enemies":"Slaver and Parasite","floor":22,"turns":7},{"damage":9,"enemies":"Sentry and Sphere","floor":25,"turns":5},{"damage":50,"enemies":"Slavers","floor":28,"turns":4}],"event_choices":[{"event_name":"The Cleric","player_choice":"Leave","floor":3,"damage_taken":0},{"event_name":"Scrap Ooze","player_choice":"success","floor":4,"damage_taken":3},{"event_name":"Addict","player_choice":"Obtained Relic","floor":21,"damage_taken":0},{"event_name":"Cursed Tome","player_choice":"Obtained Book","floor":23,"damage_taken":0}],"boss_relics":[{"not_picked":["Eternal Feather","Calling Bell"],"picked":"The Specimen"}],"potions_floor_spawned":[6,11,16,18,19],"seed_played":"-3078786025543899211","killed_by":"Slavers","ascension_level":0,"is_trial":false}