{"path_per_floor":["M","$","M","?","?","R","M","R","T","R","M","M","?","M","R","B",null,"M","?","M","M","M","R","M","R","T","M","R","?","M","$","R","B",null,"M","?","M","$","?","R","M","M","T","M","R","M","T","?","R","B"],"character_chosen":"THE_SILENT","items_purchased":["Noxious Fumes","Backflip","Sundial"],"gold_per_floor":[114,35,55,55,55,55,67,67,67,67,78,93,93,104,104,208,208,224,224,235,250,267,267,278,278,278,296,296,296,308,181,181,285,285,298,298,318,20,20,20,31,48,96,108,108,119,193,0,0,0],"floor_reached":51,"campfire_rested":1,"playtime":5863,"current_hp_per_floor":[70,70,70,75,75,75,75,75,75,75,75,75,68,65,65,22,75,75,75,72,69,33,33,27,27,27,27,27,27,26,26,48,73,75,68,68,68,68,68,68,68,59,66,55,55,53,53,53,53,78],"items_purged":["Strike_G"],"gold":0,"score":693,"play_id":"9fa09df4-f14b-4c75-a3c0-2f14987fc504","local_time":"20180521192928","is_prod":false,"is_daily":false,"chose_seed":false,"is_ascension_mode":false,"campfire_upgraded":10,"timestamp":1526956168,"campfire_choices":[{"data":"Neutralize","floor":6,"key":"SMITH"},{"data":"Noxious Fumes","floor":8,"key":"SMITH"},{"data":"Sucker Punch","floor":10,"key":"SMITH"},{"data":"Outmaneuver","floor":15,"key":"SMITH"},{"data":"Adrenaline","floor":23,"key":"SMITH"},{"data":"Survivor","floor":25,"key":"SMITH"},{"data":"Blur","floor":28,"key":"SMITH"},{"floor":32,"key":"REST"},{"data":"Blur","floor":40,"key":"SMITH"},{"data":"Noxious Fumes","floor":45,"key":"SMITH"},{"data":"Backflip","floor":49,"key":"SMITH"}],"path_taken":["M","$","M","?","?","R","M","R","T","R","M","M","?","?","R","BOSS","M","?","M","M","?","R","M","R","T","M","R","?","M","?","R","BOSS","M","?","M","$","?","R","M","M","T","M","R","M","?","?","R","BOSS"],"build_version":"2018-05-17","seed_source_timestamp":814241352679,"purchased_purges":1,"victory":true,"master_deck":["Defend_G","Defend_G","Defend_G","Defend_G","Defend_G","Strike_G","Survivor+1","Neutralize+1","Deflect","Noxious Fumes+1","Blur+1","Sucker Punch+1","Blur+1","Outmaneuver+1","Adrenaline+1","Backflip+1","Noxious Fumes+1","Well Laid Plans+1","Acrobatics+1","Deadly Poison","Backflip+1","Adrenaline","Malaise+1","Adrenaline+1","Dodge and Roll+1"],"max_hp_per_floor":[70,70,70,75,75,75,75,75,75,75,75,75,75,75,75,75,75,75,75,75,75,75,75,75,75,75,75,75,75,75,75,75,75,75,75,75,75,75,75,75,75,75,82,82,82,82,82,82,82,82],"relics":["Ring of the Snake","Dream Catcher","Toolbox","Lizard Tail","Pantograph","Sundial","Strawberry","Bottled Lightning","Red Mask"],"card_choices":[{"not_picked":["Catalyst","Dagger Spray"],"picked":"Deflect","floor":1},{"not_picked":["Dagger Throw","Dagger Spray"],"picked":"Blur","floor":3},{"not_picked":["Deflect","Bane"],"picked":"Sucker Punch","floor":7},{"not_picked":["Dagger Throw","Sucker Punch"],"picked":"Blur","floor":11},{"not_picked":["Flying Knee","Dagger Throw"],"picked":"Outmaneuver","floor":12},{"not_picked":["Endless Agony","Flying Knee","Doppelganger"],"picked":"SKIP","floor":14},{"not_picked":["Venomology","Doppelganger"],"picked":"Adrenaline","floor":16},{"not_picked":["Dagger Spray","Bane","Flying Knee+1"],"picked":"SKIP","floor":18},{"not_picked":["Cloak And Dagger","Poisoned Stab"],"picked":"Backflip+1","floor":20},{"not_picked":["Poisoned Stab","Sucker Punch+1","Riddle With Holes"],"picked":"SKIP","floor":21},{"not_picked":["Deflect","Malaise+1"],"picked":"Noxious Fumes","floor":22},{"not_picked":["Caltrops","Quick Slash"],"picked":"Well Laid Plans+1","floor":24},{"not_picked":["Eviscerate","Well Laid Plans"],"picked":"Acrobatics+1","floor":27},{"not_picked":["Well Laid Plans","Night Terror"],"picked":"Deadly Poison","floor":30},{"not_picked":["Doppelganger","Unload"],"picked":"Adrenaline","floor":33},{"not_picked":["Poisoned Stab","Flying Knee+1"],"picked":"Malaise+1","floor":35},{"not_picked":["Well Laid Plans","Backflip+1","Riddle With Holes+1"],"picked":"SKIP","floor":37},{"not_picked":["Finisher+1","Envenom","Slice+1"],"picked":"SKIP","floor":41},{"not_picked":["Acrobatics","Backflip+1","Poisoned Stab"],"picked":"SKIP","floor":42},{"not_picked":["Underhanded Strike","PiercingWail"],"picked":"Dodge and Roll+1","floor":44},{"not_picked":["Dagger Throw+1","Backflip+1","Slice"],"picked":"SKIP","floor":46}],"player_experience":272968,"potions_floor_usage":[35,50],"damage_taken":[{"damage":0,"enemies":"Jaw Worm","floor":1,"turns":5},{"damage":0,"enemies":"2 Louse","floor":3,"turns":3},{"damage":0,"enemies":"Small Slimes","floor":7,"turns":4},{"damage":0,"enemies":"Exordium Wildlife","floor":11,"turns":6},{"damage":0,"enemies":"2 Fungi Beasts","floor":12,"turns":3},{"damage":3,"enemies":"Lots of Slimes","floor":14,"turns":5},{"damage":43,"enemies":"Slime Boss","floor":16,"turns":13},{"damage":0,"enemies":"Shell Parasite","floor":18,"turns":9},{"damage":3,"enemies":"3 Byrds","floor":20,"turns":5},{"damage":3,"enemies":"Centurion and Healer","floor":21,"turns":9},{"damage":36,"enemies":"Cultist and Chosen","floor":22,"turns":10},{"damage":6,"enemies":"Snecko","floor":24,"turns":7},{"damage":4,"enemies":"Centurion and Healer","floor":27,"turns":8},{"damage":1,"enemies":"Snake Plant","floor":30,"turns":6},{"damage":0,"enemies":"Automaton","floor":33,"turns":13},{"damage":22,"enemies":"3 Darklings","floor":35,"turns":6},{"damage":0,"enemies":"Orb Walker","floor":37,"turns":5},{"damage":0,"enemies":"Maw","floor":41,"turns":9},{"damage":9,"enemies":"4 Shapes","floor":42,"turns":7},{"damage":11,"enemies":"Sphere and 2 Shapes","floor":44,"turns":8},{"damage":2,"enemies":"Maw","floor":46,"turns":10},{"damage":0,"enemies":"Awakened One","floor":50,"turns":20}],"relics_obtained":[{"floor":9,"key":"Toolbox"},{"floor":26,"key":"Pantograph"},{"floor":43,"key":"Strawberry"},{"floor":47,"key":"Bottled Lightning"}],"event_choices":[{"event_name":"Big Fish","player_choice":"Donut","floor":4,"damage_taken":0},{"event_name":"Golden Idol","player_choice":"Ignored","floor":5,"damage_taken":0},{"event_name":"Golden Wing","player_choice":"Card Removal","floor":13,"damage_taken":0},{"event_name":"Bonfire Elementals","player_choice":"BASIC","floor":19,"damage_taken":0},{"event_name":"Drug Dealer","player_choice":"Ignored","floor":29,"damage_taken":0},{"event_name":"Duplicator","player_choice":"One dupe","floor":39,"damage_taken":0},{"event_name":"Tomb of Lord Red Mask","player_choice":"Paid","floor":48,"damage_taken":0}],"boss_relics":[{"not_picked":["Astrolabe","Runic Pyramid"],"picked":"Lizard Tail"},{"not_picked":["Runic Dome","Calling Bell","Snecko Eye"]}],"potions_floor_spawned":[1,11,16,18,21,27,30,33,37,42,44,46],"seed_played":"7290063635236137179","ascension_level":0,"potions_obtained":[{"floor":1,"key":"Regen Potion"},{"floor":11,"key":"Regen Potion"},{"floor":16,"key":"Dexterity Potion"},{"floor":42,"key":"SkillPotion"}],"is_trial":false}