{"gold_per_floor":[110,110,126,137,61,61,94,108,108,108,118,147,147,164,164,266,266,278,278,377,389,329,41,69,80,157,177,177,177],"floor_reached":29,"playtime":1675,"items_purged":[],"score":268,"play_id":"1d121915-16a6-44ef-b9a5-18dd8ad51f08","local_time":"20190914115407","is_ascension_mode":true,"campfire_choices":[{"data":"Doom and Gloom","floor":6,"key":"SMITH"},{"data":"Fusion","floor":10,"key":"SMITH"},{"floor":13,"key":"REST"},{"data":"Creative AI","floor":15,"key":"SMITH"},{"floor":28,"key":"REST"}],"neow_cost":"NONE","seed_source_timestamp":925391837902900,"circlet_count":0,"master_deck":["Strike_B","Strike_B","Strike_B","Defend_B","Defend_B","Defend_B","Defend_B","Zap","Dualcast","Ball Lightning","Fusion+1","Consume","Doom and Gloom+1","Steam","Creative AI+1","Leap","Defragment","Biased Cognition","Capacitor","Machine Learning","Reinforced Body","Heatsinks"],"relics":["Cracked Core","NeowsBlessing","Art of War","White Beast Statue","PreservedInsect","Bag of Marbles","Black Star","Happy Flower","Pantograph","Omamori"],"potions_floor_usage":[8,12,18,21,24,24,24,25,27,29],"damage_taken":[{"damage":0,"enemies":"2 Louse","floor":1,"turns":1},{"damage":0,"enemies":"Cultist","floor":3,"turns":1},{"damage":0,"enemies":"Jaw Worm","floor":4,"turns":1},{"damage":22,"enemies":"3 Sentries","floor":7,"turns":5},{"damage":6,"enemies":"Large Slime","floor":8,"turns":4},{"damage":6,"enemies":"2 Fungi Beasts","floor":11,"turns":2},{"damage":25,"enemies":"Gremlin Nob","floor":12,"turns":4},{"damage":3,"enemies":"Red Slaver","floor":14,"turns":3},{"damage":26,"enemies":"Hexaghost","floor":16,"turns":8},{"damage":1,"enemies":"3 Byrds","floor":18,"turns":3},{"damage":14,"enemies":"Chosen","floor":21,"turns":5},{"damage":35,"enemies":"Book of Stabbing","floor":24,"turns":5},{"damage":13,"enemies":"Snecko","floor":25,"turns":7},{"damage":8,"enemies":"Cultist and Chosen","floor":27,"turns":6},{"damage":28,"enemies":"Gremlin Leader","floor":29,"turns":2}],"seed_played":"5143180952694793207","potions_obtained":[{"floor":4,"key":"Regen Potion"},{"floor":7,"key":"GamblersBrew"},{"floor":8,"key":"Poison Potion"},{"floor":11,"key":"SkillPotion"},{"floor":12,"key":"Explosive Potion"},{"floor":16,"key":"Block Potion"},{"floor":18,"key":"FearPotion"},{"floor":21,"key":"Strength Potion"},{"floor":24,"key":"Swift Potion"},{"floor":25,"key":"Ancient Potion"},{"floor":27,"key":"DuplicationPotion"}],"is_trial":false,"path_per_floor":["M","?","M","M","$","R","E","M","T","R","M","E","R","M","R","B",null,"M","?","?","M","?","$","E","M","T","M","R","E"],"character_chosen":"DEFECT","items_purchased":["Doom and Gloom","Machine Learning","Happy Flower"],"campfire_rested":2,"item_purchase_floors":[5,23,23],"current_hp_per_floor":[75,75,75,75,75,75,53,59,59,59,53,28,50,47,47,21,75,74,74,74,60,60,60,25,12,12,4,26,0],"gold":177,"neow_bonus":"THREE_ENEMY_KILL","is_prod":false,"is_daily":false,"chose_seed":false,"campfire_upgraded":3,"win_rate":0,"timestamp":1568480047,"path_taken":["M","?","?","M","$","R","E","?","T","R","M","E","R","M","R","BOSS","M","?","?","M","?","$","E","?","T","M","R","E"],"build_version":"2019-09-12","purchased_purges":0,"victory":false,"max_hp_per_floor":[75,75,75,75,75,75,75,75,75,75,75,75,75,75,75,75,75,75,75,75,75,75,75,75,75,75,75,75,75],"card_choices":[{"not_picked":["Melter","Barrage"],"picked":"Ball Lightning","floor":1},{"not_picked":["Compile Driver","Scrape"],"picked":"Fusion","floor":3},{"not_picked":["Coolheaded","Beam Cell"],"picked":"Consume","floor":4},{"not_picked":["Streamline","Heatsinks"],"picked":"Steam","floor":7},{"not_picked":["Gash","Defragment"],"picked":"Creative AI","floor":8},{"not_picked":["Auto Shields","Sweeping Beam"],"picked":"Leap","floor":11},{"not_picked":["Barrage","Stack"],"picked":"Defragment","floor":12},{"not_picked":["Scrape","Sweeping Beam","Barrage"],"picked":"SKIP","floor":14},{"not_picked":["Scrape","Sweeping Beam","Barrage"],"picked":"SKIP","floor":14},{"not_picked":["Meteor Strike","All For One"],"picked":"Biased Cognition","floor":16},{"not_picked":["Loop","Coolheaded"],"picked":"Capacitor","floor":18},{"not_picked":["Turbo+1","Genetic Algorithm","Darkness"],"picked":"SKIP","floor":21},{"not_picked":["Leap","Turbo"],"picked":"Reinforced Body","floor":24},{"not_picked":["Multi-Cast","Tempest","Barrage"],"picked":"SKIP","floor":25},{"not_picked":["Skim","Fusion+1"],"picked":"Heatsinks","floor":27}],"player_experience":275297,"relics_obtained":[{"floor":2,"key":"Art of War"},{"floor":7,"key":"White Beast Statue"},{"floor":9,"key":"PreservedInsect"},{"floor":12,"key":"Bag of Marbles"},{"floor":24,"key":"Pantograph"},{"floor":24,"key":"Omamori"}],"event_choices":[{"damage_healed":0,"gold_gain":0,"player_choice":"Relic","damage_taken":0,"max_hp_gain":0,"max_hp_loss":0,"event_name":"Wheel of Change","floor":2,"gold_loss":0},{"damage_healed":0,"gold_gain":0,"player_choice":"Ignored","damage_taken":0,"max_hp_gain":0,"max_hp_loss":0,"event_name":"Vampires","floor":19,"gold_loss":0},{"damage_healed":0,"gold_gain":99,"player_choice":"Stole From Cult","damage_taken":0,"max_hp_gain":0,"max_hp_loss":0,"event_name":"Nest","floor":20,"gold_loss":0},{"cards_removed":["Strike_B"],"damage_healed":0,"gold_gain":0,"player_choice":"Single Remove","damage_taken":0,"max_hp_gain":0,"max_hp_loss":0,"event_name":"Designer","floor":22,"gold_loss":60}],"is_beta":true,"boss_relics":[{"not_picked":["Philosopher\u0027s Stone","FrozenCore"],"picked":"Black Star"}],"items_purged_floors":[],"is_endless":false,"potions_floor_spawned":[4,7,8,11,12,14,16,18,21,24,25,27],"killed_by":"Gremlin Leader","ascension_level":1}