{"path_per_floor":["M","M","$","?","M","R","E","M","T","R","?","R","M","M","R"],"character_chosen":"THE_SILENT","items_purchased":["Deflect"],"gold_per_floor":[114,134,11,11,27,27,60,76,76,76,76,76,89,106,106,106],"floor_reached":16,"campfire_rested":1,"playtime":949,"current_hp_per_floor":[70,70,70,70,70,70,36,36,36,36,36,36,26,20,41,0],"items_purged":["Strike_G"],"gold":106,"score":107,"play_id":"e572c955-d099-40d3-b5f2-6d18e09062e6","local_time":"20180521233124","is_prod":false,"is_daily":false,"chose_seed":false,"is_ascension_mode":true,"campfire_upgraded":3,"timestamp":1526970684,"campfire_choices":[{"data":"Neutralize","floor":6,"key":"SMITH"},{"data":"Catalyst","floor":10,"key":"SMITH"},{"data":"Survivor","floor":12,"key":"SMITH"},{"floor":15,"key":"REST"}],"path_taken":["M","M","?","?","M","R","E","?","T","R","?","R","M","M","R","BOSS"],"build_version":"2018-05-17","seed_source_timestamp":20372500854394,"purchased_purges":1,"victory":false,"master_deck":["Defend_G","Defend_G","Defend_G","Defend_G","Defend_G","Strike_G","Strike_G","Strike_G","Survivor+1","Neutralize+1","Deadly Poison","Deflect","Prepared","Catalyst+1","Sucker Punch","Poisoned Stab"],"max_hp_per_floor":[70,70,70,70,70,70,70,70,70,70,70,70,70,70,70,70],"relics":["Ring of the Snake","Omamori","Dodecahedron"],"card_choices":[{"not_picked":["Bane","Slice","Acrobatics"],"picked":"SKIP","floor":1},{"not_picked":["Crippling Poison","Slice"],"picked":"Deadly Poison","floor":2},{"not_picked":["Underhanded Strike","Deflect"],"picked":"Prepared","floor":5},{"not_picked":["Deadly Poison","Heel Hook"],"picked":"Catalyst","floor":7},{"not_picked":["Doppelganger","Infinite Blades","Deadly Poison"],"picked":"SKIP","floor":8},{"not_picked":["Escape Plan","Riddle With Holes"],"picked":"Sucker Punch","floor":13},{"not_picked":["Acrobatics","Dagger Spray"],"picked":"Poisoned Stab","floor":14}],"player_experience":289844,"potions_floor_usage":[13,16],"damage_taken":[{"damage":0,"enemies":"Cultist","floor":1,"turns":5},{"damage":0,"enemies":"2 Louse","floor":2,"turns":3},{"damage":0,"enemies":"Jaw Worm","floor":5,"turns":4},{"damage":34,"enemies":"Gremlin Nob","floor":7,"turns":6},{"damage":0,"enemies":"Blue Slaver","floor":8,"turns":5},{"damage":10,"enemies":"Exordium Wildlife","floor":13,"turns":5},{"damage":6,"enemies":"Large Slime","floor":14,"turns":7},{"damage":49,"enemies":"Slime Boss","floor":16,"turns":12}],"relics_obtained":[{"floor":7,"key":"Omamori"},{"floor":9,"key":"Dodecahedron"}],"event_choices":[{"event_name":"The Cleric","player_choice":"Leave","floor":4,"damage_taken":0},{"event_name":"Dead Adventurer","player_choice":"Searched \u00270\u0027 times","floor":11,"damage_taken":0}],"boss_relics":[],"potions_floor_spawned":[5,13],"seed_played":"-3136659085286070547","killed_by":"Slime Boss","ascension_level":1,"potions_obtained":[{"floor":5,"key":"GamblersBrew"},{"floor":13,"key":"Energy Potion"}],"is_trial":false}