{"gold_per_floor":[112,62,62,14,28,28,61,80,106,35,35,49,49,66,66,169,169,187,187,112,12,25,54,54,54,78,111,130,142,142,158,158,262,262,275,294,294,305,318,318,37,0,0,0,0,0,0,28,28,28],"floor_reached":51,"playtime":4114,"items_purged":["Strike_B","Defend_B","Core Surge+1"],"score":763,"play_id":"0b82600a-c3ab-41a1-911f-27e78aac7d06","local_time":"20190112001145","is_ascension_mode":false,"campfire_choices":[{"data":"Zap","floor":6,"key":"SMITH"},{"floor":11,"key":"REST"},{"data":"Capacitor","floor":13,"key":"SMITH"},{"data":"Dualcast","floor":15,"key":"SMITH"},{"data":"Cold Snap","floor":25,"key":"SMITH"},{"data":"FTL","floor":32,"key":"SMITH"},{"data":"Machine Learning","floor":40,"key":"SMITH"},{"data":"Storm","floor":49,"key":"SMITH"}],"neow_cost":"NONE","seed_source_timestamp":224657640200417,"circlet_count":0,"master_deck":["Zap+1","Dualcast+1","Cold Snap+1","Ball Lightning+1","Coolheaded+1","Capacitor+1","FTL+1","Machine Learning+1","Genetic Algorithm+1","Creative AI+1","Force Field","Self Repair+1","Storm+1"],"relics":["Cracked Core","Whetstone","Regal Pillow","Coffee Dripper","Potion Belt","Lantern","Centennial Puzzle","Astrolabe","Anchor","Red Mask","Mango","Bag of Marbles"],"potions_floor_usage":[16,16,23,27,27,28,29,33,33,33,33,38,39,50],"damage_taken":[{"damage":1,"enemies":"Jaw Worm","floor":1,"turns":3},{"damage":7,"enemies":"Small Slimes","floor":5,"turns":2},{"damage":29,"enemies":"3 Sentries","floor":7,"turns":7},{"damage":0,"enemies":"Cultist","floor":8,"turns":2},{"damage":20,"enemies":"Lots of Slimes","floor":12,"turns":4},{"damage":8,"enemies":"Looter","floor":14,"turns":3},{"damage":20,"enemies":"Slime Boss","floor":16,"turns":10},{"damage":0,"enemies":"Chosen","floor":18,"turns":4},{"damage":0,"enemies":"Spheric Guardian","floor":22,"turns":3},{"damage":14,"enemies":"Gremlin Leader","floor":23,"turns":5},{"damage":9,"enemies":"Book of Stabbing","floor":27,"turns":5},{"damage":10,"enemies":"Chosen and Byrds","floor":28,"turns":3},{"damage":12,"enemies":"3 Cultists","floor":29,"turns":4},{"damage":13,"enemies":"Centurion and Healer","floor":31,"turns":3},{"damage":25,"enemies":"Collector","floor":33,"turns":6},{"damage":15,"enemies":"3 Shapes","floor":35,"turns":4},{"damage":2,"enemies":"3 Darklings","floor":36,"turns":4},{"damage":27,"enemies":"Maw","floor":38,"turns":6},{"damage":30,"enemies":"Jaw Worm Horde","floor":39,"turns":4},{"damage":2,"enemies":"Giant Head","floor":48,"turns":8},{"damage":67,"enemies":"Time Eater","floor":50,"turns":9}],"seed_played":"-4453584545204629916","potions_obtained":[{"floor":7,"key":"SkillPotion"},{"floor":8,"key":"EntropicBrew"},{"floor":14,"key":"FearPotion"},{"floor":22,"key":"Explosive Potion"},{"floor":27,"key":"Swift Potion"},{"floor":29,"key":"Block Potion"},{"floor":33,"key":"PowerPotion"},{"floor":36,"key":"GamblersBrew"},{"floor":48,"key":"PowerPotion"}],"is_trial":false,"path_per_floor":["M","?","?","$","M","R","E","M","T","$","R","M","R","M","R","B",null,"M","?","$","$","M","E","$","R","T","E","M","M","?","M","R","B",null,"M","M","?","M","M","R","$","?","T","?","?","?","?","E","R","B",null],"character_chosen":"DEFECT","items_purchased":["Ball Lightning","Capacitor","Anchor"],"campfire_rested":1,"item_purchase_floors":[4,10,41],"current_hp_per_floor":[74,74,74,74,67,67,38,38,38,38,75,55,55,47,47,27,75,75,75,75,75,75,61,61,61,61,52,51,48,48,35,35,10,75,60,58,58,31,11,11,11,11,25,89,85,85,85,85,85,28],"gold":28,"neow_bonus":"REMOVE_CARD","is_prod":false,"is_daily":false,"chose_seed":false,"campfire_upgraded":7,"win_rate":0,"timestamp":1547269905,"path_taken":["M","?","?","$","M","R","E","M","T","$","R","M","R","M","R","BOSS","M","?","?","$","M","E","$","R","T","E","M","?","?","M","R","BOSS","M","M","?","M","M","R","$","?","T","?","?","?","?","E","R","BOSS"],"build_version":"2019-01-10","purchased_purges":3,"victory":true,"max_hp_per_floor":[75,75,75,75,75,75,75,75,75,75,75,75,75,75,75,75,75,75,75,75,75,75,75,75,75,75,75,75,75,75,75,75,75,75,75,75,75,75,75,75,75,75,89,89,85,85,85,85,85,85],"card_choices":[{"not_picked":["Hologram","Redo"],"picked":"Cold Snap","floor":1},{"not_picked":["Rebound","Leap","Conserve Battery"],"picked":"SKIP","floor":5},{"not_picked":["Stack","Steam"],"picked":"Coolheaded","floor":7},{"not_picked":["Streamline","Coolheaded","Hologram"],"picked":"SKIP","floor":8},{"not_picked":["Coolheaded","Buffer","Double Energy"],"picked":"SKIP","floor":12},{"not_picked":["Stack","Gash","Doom and Gloom"],"picked":"SKIP","floor":14},{"not_picked":["Coolheaded","Barrage+1","Beam Cell"],"picked":"SKIP","floor":18},{"not_picked":["Rip and Tear","Hologram+1","Steam Power"],"picked":"SKIP","floor":22},{"not_picked":["Rebound","Stack+1","Go for the Eyes"],"picked":"SKIP","floor":23},{"not_picked":["Heatsinks","Recycle","Leap"],"picked":"SKIP","floor":27},{"not_picked":["Double Energy+1","Hologram","Sweeping Beam"],"picked":"SKIP","floor":28},{"not_picked":["Steam Power","Cold Snap","Echo Form"],"picked":"SKIP","floor":29},{"not_picked":["Leap","Go for the Eyes+1"],"picked":"FTL","floor":31},{"not_picked":["Buffer","Reboot"],"picked":"Machine Learning","floor":33},{"not_picked":["Sweeping Beam","Rebound+1"],"picked":"Force Field","floor":35},{"not_picked":["Hologram+1","Barrage+1","Reinforced Body+1"],"picked":"SKIP","floor":36},{"not_picked":["Bandage Up","Madness"],"picked":"Discovery","floor":37},{"not_picked":["Beam Cell","Barrage+1"],"picked":"Self Repair+1","floor":38},{"not_picked":["Steam+1","Skim+1","FTL+1"],"picked":"SKIP","floor":39},{"not_picked":["Aggregate","Hello World+1"],"picked":"Storm","floor":48}],"player_experience":146704,"relics_obtained":[{"floor":7,"key":"Whetstone"},{"floor":9,"key":"Regal Pillow"},{"floor":23,"key":"Potion Belt"},{"floor":26,"key":"Lantern"},{"floor":27,"key":"Centennial Puzzle"},{"floor":43,"key":"Mango"},{"floor":48,"key":"Bag of Marbles"}],"event_choices":[{"cards_removed":["Defend_B"],"damage_healed":0,"gold_gain":0,"player_choice":"Card Removal","damage_taken":0,"max_hp_gain":0,"max_hp_loss":0,"event_name":"The Cleric","floor":2,"gold_loss":50},{"cards_removed":["Strike_B"],"damage_healed":0,"gold_gain":0,"player_choice":"Forget","damage_taken":0,"max_hp_gain":0,"max_hp_loss":0,"event_name":"Living Wall","floor":3,"gold_loss":0},{"damage_healed":0,"gold_gain":0,"player_choice":"Upgraded","damage_taken":0,"max_hp_gain":0,"max_hp_loss":0,"event_name":"Upgrade Shrine","floor":19,"gold_loss":0,"cards_upgraded":["Coolheaded"]},{"damage_healed":0,"gold_gain":0,"player_choice":"Ignored","damage_taken":0,"max_hp_gain":0,"max_hp_loss":0,"event_name":"Vampires","floor":30,"gold_loss":0},{"damage_healed":0,"gold_gain":0,"player_choice":"Memory 1","damage_taken":0,"max_hp_gain":0,"max_hp_loss":0,"event_name":"SensoryStone","floor":37,"gold_loss":0},{"damage_healed":0,"gold_gain":0,"player_choice":"Paid","damage_taken":0,"relics_obtained":["Red Mask"],"max_hp_gain":0,"max_hp_loss":0,"event_name":"Tomb of Lord Red Mask","floor":42,"gold_loss":37},{"damage_healed":64,"gold_gain":0,"player_choice":"Heal","damage_taken":0,"max_hp_gain":0,"max_hp_loss":0,"event_name":"MindBloom","floor":44,"gold_loss":0,"cards_obtained":["Doubt"]},{"damage_healed":0,"gold_gain":0,"player_choice":"Max HP","damage_taken":0,"max_hp_gain":0,"max_hp_loss":4,"event_name":"Winding Halls","floor":45,"gold_loss":0},{"cards_removed":["Discovery"],"damage_healed":0,"gold_gain":0,"player_choice":"Removed Skill","damage_taken":0,"max_hp_gain":0,"max_hp_loss":0,"event_name":"Falling","floor":46,"gold_loss":0},{"cards_removed":["Doubt"],"damage_healed":0,"gold_gain":0,"player_choice":"Removed Curses","damage_taken":0,"max_hp_gain":0,"max_hp_loss":0,"event_name":"Fountain of Cleansing","floor":47,"gold_loss":0}],"is_beta":false,"boss_relics":[{"not_picked":["Cursed Key","Eternal Feather"],"picked":"Coffee Dripper"},{"not_picked":["Philosopher\u0027s Stone","Nuclear Battery"],"picked":"Astrolabe"}],"items_purged_floors":[20,21,41],"is_endless":false,"potions_floor_spawned":[7,8,14,22,27,29,33,36,48],"ascension_level":0}