{"path_per_floor":["M","$","?","M","M","R","E","M","T","R","$","M","E","?","R","B",null,"M","?","M","$","?","M","M","M","T"],"character_chosen":"THE_SILENT","items_purchased":["Noxious Fumes","Leg Sweep","Deflect","Catalyst"],"gold_per_floor":[216,62,62,86,99,99,139,152,234,234,45,65,106,106,106,225,263,237,237,261,61,61,84,102,117,198,198],"floor_reached":27,"campfire_rested":1,"playtime":2745,"current_hp_per_floor":[70,70,53,53,53,53,45,45,45,45,45,45,45,33,54,54,75,74,74,73,73,73,62,19,5,5,0],"items_purged":["Strike_G","Strike_G","Strike_G"],"gold":198,"score":300,"play_id":"dd0656b0-0857-4405-b819-ab6f3f2e6605","local_time":"20180515192013","is_prod":false,"is_daily":false,"chose_seed":false,"is_ascension_mode":false,"campfire_upgraded":2,"timestamp":1526437213,"path_taken":["M","$","?","M","M","R","E","?","T","R","$","M","E","?","R","BOSS","M","?","M","?","?","M","M","M","T","M"],"build_version":"2018-05-10","seed_source_timestamp":3646363541810,"purchased_purges":3,"victory":false,"master_deck":["Defend_G+1","Defend_G","Defend_G","Defend_G","Defend_G","Strike_G","Strike_G","Survivor","Neutralize","Crippling Poison","Noxious Fumes+1","Backflip+1","Flying Knee+1","Poisoned Stab","Well Laid Plans","Leg Sweep","Deflect+1","Outmaneuver","Cloak And Dagger","After Image","Blur+1","Dodge and Roll","Catalyst","Dash"],"max_hp_per_floor":[70,70,70,70,70,70,70,70,70,70,70,70,70,70,70,70,75,75,75,75,75,75,75,75,75,75,75],"relics":["Ring of the Snake","Golden Idol","Torii","Kunai","War Paint","Orichalcum","Tiny House","Shuriken"],"card_choices":[{"not_picked":["Slice","Prepared"],"picked":"Crippling Poison","floor":1},{"not_picked":["Bane","Well Laid Plans"],"picked":"Backflip","floor":4},{"not_picked":["Caltrops","Dagger Throw"],"picked":"Flying Knee","floor":5},{"not_picked":["Flying Knee","Backstab"],"picked":"Poisoned Stab","floor":7},{"not_picked":["Outmaneuver","Riddle With Holes"],"picked":"Well Laid Plans","floor":8},{"not_picked":["Blade Dance","Acrobatics"],"picked":"Outmaneuver","floor":12},{"not_picked":["Sucker Punch","Flying Knee"],"picked":"Cloak And Dagger","floor":13},{"not_picked":["Corpse Explosion","Doppelganger"],"picked":"After Image","floor":16},{"not_picked":["Bane","Accuracy"],"picked":"Blur","floor":18},{"not_picked":["Outmaneuver","Finisher"],"picked":"Dodge and Roll","floor":20},{"not_picked":["Bane","Crippling Poison"],"picked":"Dash","floor":23}],"player_experience":166129,"potions_floor_usage":[18,20,23,25],"damage_taken":[{"damage":0,"enemies":"Small Slimes","floor":1,"turns":6},{"damage":0,"enemies":"Cultist","floor":4,"turns":4},{"damage":0,"enemies":"2 Louse","floor":5,"turns":4},{"damage":8,"enemies":"3 Sentries","floor":7,"turns":7},{"damage":0,"enemies":"2 Fungi Beasts","floor":8,"turns":4},{"damage":0,"enemies":"Lots of Slimes","floor":12,"turns":6},{"damage":0,"enemies":"Lagavulin","floor":13,"turns":7},{"damage":0,"enemies":"Slime Boss","floor":16,"turns":12},{"damage":1,"enemies":"2 Thieves","floor":18,"turns":5},{"damage":1,"enemies":"Spheric Guardian","floor":20,"turns":7},{"damage":11,"enemies":"Slaver and Parasite","floor":23,"turns":6},{"damage":43,"enemies":"Chosen and Byrds","floor":24,"turns":9},{"damage":29,"enemies":"Cultist and Chosen","floor":25,"turns":12},{"damage":8,"enemies":"Snake Plant","floor":27,"turns":2}],"event_choices":[{"event_name":"Golden Idol","player_choice":"Take Damage","floor":3,"damage_taken":0},{"event_name":"Scrap Ooze","player_choice":"success","floor":14,"damage_taken":12},{"event_name":"The Woman in Blue","player_choice":"Bought 0 Potions","floor":19,"damage_taken":0},{"event_name":"The Lab","player_choice":"Got Potions","floor":22,"damage_taken":0}],"boss_relics":[{"not_picked":["Philosopher\u0027s Stone","Orrery"],"picked":"Tiny House"}],"potions_floor_spawned":[4,5,8,12,23,24,25],"seed_played":"-1574633689736681855","killed_by":"Snake Plant","ascension_level":0,"is_trial":false}