{"path_per_floor":["M","M","?","M","M","R","E","M","T","?","$","M","E","M","R","B",null,"M","$","M","?","M","R","E","R","T","R","M","R","M","M","R"],"character_chosen":"IRONCLAD","items_purchased":[],"gold_per_floor":[117,132,132,146,165,165,199,210,210,210,135,149,184,198,198,300,300,319,219,194,194,205,205,233,233,233,233,246,246,259,276,276],"floor_reached":33,"campfire_rested":3,"playtime":2515,"current_hp_per_floor":[80,80,73,79,56,80,62,66,66,66,66,72,60,61,61,39,80,80,80,69,69,71,71,39,63,63,63,62,62,50,56,80],"items_purged":["Strike_R","Strike_R"],"gold":276,"score":281,"play_id":"4f58a73e-7c83-4a0d-b17a-8f8efca2b462","local_time":"20180314084659","is_prod":false,"is_daily":false,"is_ascension_mode":false,"campfire_upgraded":2,"timestamp":1521031619,"path_taken":["M","M","?","?","M","R","E","M","T","?","$","M","E","?","R","BOSS","M","$","?","?","M","R","E","R","T","R","M","R","M","?","R","BOSS"],"build_version":"2018-03-09","purchased_purges":2,"victory":false,"master_deck":["Strike_R","Defend_R","Defend_R+1","Defend_R","Defend_R","Bash","Impervious+1","Body Slam+1","Metallicize","Impervious","Entrench+1","Shrug It Off","Battle Trance+1","Body Slam+1"],"max_hp_per_floor":[80,80,80,80,80,80,80,80,80,80,80,80,80,80,80,80,80,80,80,80,80,80,80,80,80,80,80,80,80,80,80,80],"relics":["Burning Blood","NeowsBlessing","Prayer Wheel","Lantern","Ginger","War Paint","Orrery","Gremlin Horn","Peace Pipe"],"card_choices":[{"not_picked":["Twin Strike","Body Slam"],"picked":"Impervious"},{"not_picked":["Havoc","Reaper"],"picked":"Body Slam"},{"not_picked":["Warcry","Rage"],"picked":"Metallicize"},{"not_picked":["Fiend Fire","Exhume"],"picked":"Impervious"},{"not_picked":["Iron Wave","Flex"],"picked":"Entrench"},{"not_picked":["Offering","Sentinel"],"picked":"Shrug It Off"},{"not_picked":["Iron Wave","Hemokinesis"],"picked":"Battle Trance"}],"player_experience":82034,"potions_floor_usage":[33,33,33],"damage_taken":[{"damage":0.0,"enemies":"Jaw Worm","floor":1.0,"turns":1.0},{"damage":0.0,"enemies":"2 Louse","floor":2.0,"turns":1.0},{"damage":0.0,"enemies":"Small Slimes","floor":4.0,"turns":1.0},{"damage":29.0,"enemies":"Gremlin Gang","floor":5.0,"turns":7.0},{"damage":24.0,"enemies":"Gremlin Nob","floor":7.0,"turns":5.0},{"damage":2.0,"enemies":"3 Louse","floor":8.0,"turns":4.0},{"damage":0.0,"enemies":"Red Slaver","floor":12.0,"turns":2.0},{"damage":18.0,"enemies":"3 Sentries","floor":13.0,"turns":12.0},{"damage":5.0,"enemies":"Lots of Slimes","floor":14.0,"turns":5.0},{"damage":28.0,"enemies":"The Guardian","floor":16.0,"turns":7.0},{"damage":0.0,"enemies":"Chosen","floor":18.0,"turns":4.0},{"damage":17.0,"enemies":"2 Thieves","floor":20.0,"turns":5.0},{"damage":4.0,"enemies":"Centurion and Healer","floor":22.0,"turns":6.0},{"damage":38.0,"enemies":"Gremlin Leader","floor":24.0,"turns":4.0},{"damage":7.0,"enemies":"Slaver and Parasite","floor":28.0,"turns":6.0},{"damage":18.0,"enemies":"Cultist and Chosen","floor":30.0,"turns":6.0},{"damage":0.0,"enemies":"Snecko","floor":31.0,"turns":3.0},{"damage":83,"enemies":"Champ","floor":33,"turns":17}],"event_choices":[{"event_name":"Scrap Ooze","player_choice":"success","floor":3.0,"damage_taken":7.0},{"event_name":"Transmorgrifier","player_choice":"Transform","floor":10.0,"damage_taken":0.0},{"event_name":"Duplicator","player_choice":"One dupe","floor":21.0,"damage_taken":0.0}],"boss_relics":[],"potions_floor_spawned":[4,5,7,12,13,24,28,30,31],"seed_played":"-5335435501053275059","killed_by":"Champ","ascension_level":0,"is_trial":false}