{"path_per_floor":["M","?","?","M","$","R","M","$","T","M","M","R","M","M","R","B",null,"M","?","?","$","M","R","?","R","T","T","M","?","R","M","R","B",null,"M","?","M","?","M","R","M","M","T","R","T","M","R","M","R"],"character_chosen":"THE_SILENT","items_purchased":["Deadly Poison","Dodge and Roll","Poisoned Stab","Pen Nib"],"gold_per_floor":[111,186,136,150,26,26,36,36,62,77,47,47,65,78,78,173,203,219,219,219,64,83,83,83,83,158,158,171,96,96,110,110,214,214,228,228,241,241,251,251,265,275,275,275,298,311,311,329,329,329],"floor_reached":50,"campfire_rested":3,"playtime":4072,"current_hp_per_floor":[70,59,59,59,59,59,59,59,59,57,59,59,53,53,72,48,79,77,77,77,77,76,76,60,60,60,60,58,58,58,59,84,49,85,79,79,78,78,72,72,74,56,56,56,56,57,57,59,88,0],"items_purged":[],"gold":329,"score":459,"play_id":"d489747d-ac60-4967-a9af-fb3eb06b9a4d","local_time":"20180514001613","is_prod":false,"is_daily":false,"chose_seed":false,"is_ascension_mode":false,"campfire_upgraded":8,"timestamp":1526282173,"path_taken":["M","?","?","M","?","R","?","$","T","M","M","R","M","M","R","BOSS","M","?","?","$","?","R","?","R","T","?","M","?","R","?","R","BOSS","M","?","M","?","M","R","M","M","T","R","?","M","R","M","R","BOSS"],"build_version":"2018-05-10","seed_source_timestamp":71444097259880,"purchased_purges":0,"victory":false,"master_deck":["Defend_G","Defend_G+1","Defend_G","Defend_G","Defend_G","Strike_G","Strike_G","Survivor","Neutralize","Riddle With Holes","Noxious Fumes+1","Deadly Poison","Dodge and Roll+1","Poisoned Stab","Blur+1","Footwork+1","Backflip+1","Backflip","Envenom+1","Flying Knee","Catalyst+1","Adrenaline+1"],"max_hp_per_floor":[70,70,70,70,70,70,70,70,70,70,72,72,72,72,72,72,79,81,81,81,81,81,81,81,81,81,81,83,83,83,85,85,85,85,87,87,89,89,91,91,93,95,95,95,95,97,97,99,99,99],"relics":["Ring of the Snake","Singing Bowl","Tiny House","Pen Nib","Nilry\u0027s Codex","Question Card","Bag of Preparation","Sozu","Calipers","Anchor"],"card_choices":[{"not_picked":["Dagger Spray","Underhanded Strike"],"picked":"Riddle With Holes","floor":1},{"not_picked":["Dagger Throw","Dodge and Roll"],"picked":"Noxious Fumes","floor":4},{"not_picked":["Endless Agony","Terror"],"picked":"Blur","floor":7},{"not_picked":["Heel Hook","PiercingWail"],"picked":"Footwork","floor":10},{"not_picked":["Bouncing Flask","Quick Slash"],"picked":"Backflip","floor":13},{"not_picked":["Dodge and Roll","Malaise"],"picked":"Backflip","floor":14},{"not_picked":["Burst","A Thousand Cuts"],"picked":"Envenom","floor":16},{"not_picked":["Finisher","Skewer"],"picked":"Catalyst","floor":22},{"not_picked":["Corpse Explosion","Unload","Tactician"],"picked":"Adrenaline","floor":33}],"player_experience":159055,"potions_floor_usage":[33,33,37],"damage_taken":[{"damage":0,"enemies":"Small Slimes","floor":1,"turns":5},{"damage":0,"enemies":"2 Louse","floor":4,"turns":3},{"damage":0,"enemies":"Cultist","floor":7,"turns":3},{"damage":2,"enemies":"Large Slime","floor":10,"turns":5},{"damage":0,"enemies":"Looter","floor":11,"turns":4},{"damage":6,"enemies":"3 Louse","floor":13,"turns":5},{"damage":0,"enemies":"Exordium Wildlife","floor":14,"turns":4},{"damage":24,"enemies":"Hexaghost","floor":16,"turns":9},{"damage":4,"enemies":"Spheric Guardian","floor":18,"turns":4},{"damage":1,"enemies":"Shell Parasite","floor":22,"turns":7},{"damage":4,"enemies":"Snake Plant","floor":28,"turns":6},{"damage":1,"enemies":"Centurion and Healer","floor":31,"turns":9},{"damage":35,"enemies":"Collector","floor":33,"turns":9},{"damage":8,"enemies":"3 Darklings","floor":35,"turns":5},{"damage":3,"enemies":"3 Shapes","floor":37,"turns":4},{"damage":8,"enemies":"3 Darklings","floor":39,"turns":6},{"damage":0,"enemies":"Maw","floor":41,"turns":8},{"damage":20,"enemies":"4 Shapes","floor":42,"turns":9},{"damage":1,"enemies":"3 Darklings","floor":46,"turns":5},{"damage":0,"enemies":"Sphere and 2 Shapes","floor":48,"turns":6},{"damage":95,"enemies":"Awakened One","floor":50,"turns":6}],"event_choices":[{"event_name":"World of Goop","player_choice":"Gather Gold","floor":2,"damage_taken":0},{"event_name":"The Cleric","player_choice":"Card Removal","floor":3,"damage_taken":0},{"event_name":"The Library","player_choice":"Read","floor":19,"damage_taken":0},{"event_name":"The Mausoleum","player_choice":"No","floor":20,"damage_taken":0},{"event_name":"Cursed Tome","player_choice":"Obtained Book","floor":24,"damage_taken":0},{"event_name":"Beggar","player_choice":"Gave Gold","floor":29,"damage_taken":0},{"event_name":"Mysterious Sphere","player_choice":"Ignore","floor":36,"damage_taken":0},{"event_name":"The Lab","player_choice":"Got Potions","floor":38,"damage_taken":0}],"boss_relics":[{"not_picked":["Cursed Key","Snecko Eye"],"picked":"Tiny House"},{"not_picked":["Astrolabe","Runic Pyramid"],"picked":"Sozu"}],"potions_floor_spawned":[1,14,16,18,22,28,35,41,46],"seed_played":"8465549959503149706","killed_by":"Awakened One","ascension_level":0,"is_trial":false}