{"gold_per_floor":[109,121,46,46,59,59,89,89,89,117,17,17,17,37,37,139,139,158,140,15,35,35,35,54,54,54,54,69,94,94],"floor_reached":30,"playtime":2348,"items_purged":["Defend_B","Zap","Defend_B"],"score":271,"play_id":"7f590a97-1f26-41b2-b182-1972d83b14f3","local_time":"20180923005818","is_ascension_mode":true,"campfire_choices":[{"data":"Redo","floor":6,"key":"SMITH"},{"floor":8,"key":"REST"},{"data":"Capacitor","floor":15,"key":"SMITH"},{"floor":23,"key":"REST"},{"floor":27,"key":"REST"}],"neow_cost":"PERCENT_DAMAGE","seed_source_timestamp":638669204515021,"circlet_count":0,"master_deck":["Defend_B","Defend_B","Dualcast","Cold Snap","Redo+1","Blizzard","Capacitor+1","Go for the Eyes+1","Capacitor+1"],"relics":["Cracked Core","Shuriken","Dodecahedron","Bottled Lightning","Empty Cage","MutagenicStrength","Letter Opener","Happy Flower"],"potions_floor_usage":[10,24,24,29,29],"damage_taken":[{"damage":1,"enemies":"Cultist","floor":1,"turns":4},{"damage":1,"enemies":"Jaw Worm","floor":2,"turns":4},{"damage":0,"enemies":"2 Louse","floor":5,"turns":1},{"damage":17,"enemies":"Gremlin Nob","floor":7,"turns":3},{"damage":22,"enemies":"Lagavulin","floor":10,"turns":7},{"damage":13,"enemies":"Red Slaver","floor":14,"turns":2},{"damage":52,"enemies":"Slime Boss","floor":16,"turns":11},{"damage":3,"enemies":"Chosen","floor":18,"turns":9},{"damage":18,"enemies":"2 Thieves","floor":19,"turns":4},{"damage":43,"enemies":"Sentry and Sphere","floor":21,"turns":11},{"damage":8,"enemies":"Snecko","floor":24,"turns":7},{"damage":13,"enemies":"Snake Plant","floor":28,"turns":6},{"damage":27,"enemies":"Book of Stabbing","floor":29,"turns":9},{"damage":0,"enemies":"Cultist and Chosen","floor":30,"turns":1}],"seed_played":"1054728922140130681","potions_obtained":[{"floor":5,"key":"Swift Potion"},{"floor":7,"key":"Regen Potion"},{"floor":10,"key":"FearPotion"},{"floor":16,"key":"FocusPotion"},{"floor":28,"key":"Swift Potion"}],"is_trial":false,"path_per_floor":["M","M","$","?","M","R","E","R","T","E","$","?","$","M","R","B",null,"M","M","$","M","?","R","M","?","T","R","M","E"],"character_chosen":"DEFECT","items_purchased":[],"campfire_rested":3,"item_purchase_floors":[],"current_hp_per_floor":[53,52,52,45,45,45,28,50,50,43,43,68,68,55,55,3,75,72,54,54,11,11,33,25,25,25,47,34,7,7],"gold":94,"neow_bonus":"REMOVE_TWO","is_prod":false,"is_daily":false,"chose_seed":false,"campfire_upgraded":2,"win_rate":0,"timestamp":1537678698,"path_taken":["M","?","$","?","M","R","E","R","T","E","$","?","?","M","R","BOSS","M","M","$","M","?","R","M","?","T","R","M","E","M"],"build_version":"2018-09-20","purchased_purges":3,"victory":false,"max_hp_per_floor":[75,75,75,75,75,75,75,75,75,75,75,75,75,75,75,75,75,75,75,75,75,75,75,75,75,75,75,75,75,75],"card_choices":[{"not_picked":["Steam","Conserve Battery"],"picked":"Cold Snap","floor":1},{"not_picked":["Scrape","Steam"],"picked":"Redo","floor":2},{"not_picked":["Cold Snap","Rebound"],"picked":"Tempest","floor":5},{"not_picked":["Leap","Steam","Turbo"],"picked":"SKIP","floor":7},{"not_picked":["Defragment","Doom and Gloom"],"picked":"Blizzard","floor":10},{"not_picked":["Go for the Eyes","Double Energy"],"picked":"Capacitor","floor":14},{"not_picked":["Steam","Turbo+1"],"picked":"Go for the Eyes+1","floor":18},{"not_picked":["Ball Lightning","Fusion","Stack"],"picked":"SKIP","floor":19},{"not_picked":["Barrage","Fusion+1"],"picked":"Capacitor+1","floor":21},{"not_picked":["Leap","Stack","Barrage+1"],"picked":"SKIP","floor":24},{"not_picked":["Rebound+1","Genetic Algorithm","Steam"],"picked":"SKIP","floor":28},{"not_picked":["Streamline","Turbo","Darkness"],"picked":"SKIP","floor":29}],"player_experience":135569,"relics_obtained":[{"floor":7,"key":"Shuriken"},{"floor":9,"key":"Dodecahedron"},{"floor":10,"key":"Bottled Lightning"},{"floor":26,"key":"Letter Opener"},{"floor":29,"key":"Happy Flower"}],"event_choices":[{"event_name":"Golden Wing","player_choice":"Card Removal","floor":4,"damage_taken":0},{"event_name":"Big Fish","player_choice":"Banana","floor":12,"damage_taken":0},{"event_name":"Drug Dealer","player_choice":"Inject Mutagens","floor":22,"damage_taken":0},{"event_name":"Vampires","player_choice":"Ignored","floor":25,"damage_taken":0}],"is_beta":false,"boss_relics":[{"not_picked":["Runic Pyramid","Pandora\u0027s Box"],"picked":"Empty Cage"}],"items_purged_floors":[3,11,20],"is_endless":false,"potions_floor_spawned":[5,7,10,16,18,28],"killed_by":"Cultist and Chosen","ascension_level":1}