{"path_per_floor":["M","?","M","?","?","E","R","M","T","M","R","M","$","M","R","B",null,"M","M","$","M","?","R","E","R","T","M","?","R","$","?","R","B",null,"M","?","M","M","$","R","M","$","T","R","M","R","M","M","R","B"],"character_chosen":"THE_SILENT","items_purchased":["Lantern","Footwork","Noxious Fumes","Oddly Smooth Stone","Acrobatics"],"gold_per_floor":[216,216,233,233,233,258,258,268,295,310,310,323,96,110,110,215,215,232,252,82,96,96,96,128,128,174,190,190,190,11,11,11,115,145,158,158,178,193,20,20,31,31,31,31,46,46,65,76,76,76],"floor_reached":51,"campfire_rested":4,"playtime":5067,"current_hp_per_floor":[63,63,59,41,41,27,27,27,27,27,48,47,47,47,47,39,70,62,62,62,61,48,70,53,53,53,38,38,38,38,38,60,52,80,82,72,73,66,66,66,58,58,58,58,59,59,51,34,61,2],"items_purged":["Strike_G","Strike_G","Masterful Stab"],"gold":76,"score":675,"play_id":"44079a60-81ad-415d-a579-c51a6a7a2a74","local_time":"20180522231946","is_prod":false,"is_daily":false,"chose_seed":false,"is_ascension_mode":true,"campfire_upgraded":7,"timestamp":1527056386,"campfire_choices":[{"data":"Survivor","floor":7,"key":"SMITH"},{"floor":11,"key":"REST"},{"data":"Cloak And Dagger","floor":15,"key":"SMITH"},{"floor":23,"key":"REST"},{"data":"Noxious Fumes","floor":25,"key":"SMITH"},{"data":"Footwork","floor":29,"key":"SMITH"},{"floor":32,"key":"REST"},{"data":"Well Laid Plans","floor":40,"key":"SMITH"},{"data":"Tools of the Trade","floor":44,"key":"SMITH"},{"data":"Acrobatics","floor":46,"key":"SMITH"},{"floor":49,"key":"REST"}],"path_taken":["M","?","M","?","?","E","R","M","T","M","R","M","$","M","R","BOSS","M","M","$","M","?","R","E","R","T","M","?","R","$","?","R","BOSS","M","?","M","?","?","R","M","$","T","R","M","R","M","M","R","BOSS"],"build_version":"2018-05-17","seed_source_timestamp":16799856345374,"purchased_purges":3,"victory":true,"master_deck":["Defend_G","Defend_G","Defend_G","Defend_G","Defend_G","Strike_G","Strike_G","Survivor+1","Neutralize+1","Backflip","Prepared","Flying Knee","Cloak And Dagger+1","Tools of the Trade+1","Backflip","After Image+1","Sucker Punch","Deadly Poison","Footwork+1","Outmaneuver+1","Noxious Fumes+1","Escape Plan","Well Laid Plans+1","Noxious Fumes+1","After Image","Escape Plan","Madness","Madness","Acrobatics+1","Noxious Fumes"],"max_hp_per_floor":[70,70,70,70,70,70,70,70,70,70,70,70,70,70,70,70,70,70,70,70,70,75,75,75,75,75,75,75,75,75,75,75,75,80,82,82,84,86,86,86,88,88,88,88,90,90,92,92,92,92],"relics":["Ring of the Snake","Bronze Scales","Question Card","Bag of Preparation","Lantern","Orrery","Darkstone Periapt","Singing Bowl","Oddly Smooth Stone","Tiny House","Mummified Hand"],"card_choices":[{"not_picked":["Outmaneuver","Cloak And Dagger"],"picked":"Backflip","floor":1},{"not_picked":["Skewer","Quick Slash"],"picked":"Prepared","floor":3},{"not_picked":["Finisher","Prepared"],"picked":"Flying Knee","floor":6},{"not_picked":["Expertise","Slice","Deflect"],"picked":"Cloak And Dagger","floor":8},{"not_picked":["Outmaneuver","Acrobatics","Underhanded Strike"],"picked":"Tools of the Trade","floor":10},{"not_picked":["Quick Slash","Expertise","Dodge and Roll","Endless Agony"],"picked":"SKIP","floor":12},{"not_picked":["Acrobatics","Night Terror","All Out Attack"],"picked":"Backflip","floor":14},{"not_picked":["Corpse Explosion","Doppelganger","Wraith Form v2"],"picked":"After Image","floor":16},{"not_picked":["Eviscerate","Dodge and Roll","Choke"],"picked":"Sucker Punch","floor":17},{"not_picked":["Flying Knee","Dagger Spray","Phantasmal Killer"],"picked":"Deadly Poison","floor":17},{"not_picked":["Cloak And Dagger","Grand Finale","Deadly Poison","Dodge and Roll"],"picked":"SKIP","floor":18},{"not_picked":["Backflip","Deadly Poison","Slice+1","Terror+1"],"picked":"SKIP","floor":19},{"not_picked":["Concentrate","Calculated Gamble","Sucker Punch"],"picked":"Outmaneuver+1","floor":21},{"not_picked":["Leg Sweep+1","Dagger Spray","Unload"],"picked":"Noxious Fumes","floor":24},{"not_picked":["PiercingWail","Backflip+1","Dagger Throw+1"],"picked":"Escape Plan","floor":27},{"not_picked":["Wraith Form v2","Grand Finale","Envenom"],"picked":"After Image","floor":33},{"not_picked":["Infinite Blades","Prepared","Deflect"],"picked":"Escape Plan","floor":34},{"not_picked":["Well Laid Plans","Setup+1","Distraction","Riddle With Holes"],"picked":"Singing Bowl","floor":35},{"not_picked":["Deflect","Finisher+1","Dodge and Roll","Eviscerate+1"],"picked":"Singing Bowl","floor":37},{"not_picked":["Skewer","Backstab","Flying Knee+1","Setup+1"],"picked":"Singing Bowl","floor":38},{"not_picked":["Skewer","Deadly Poison","Underhanded Strike","Cloak And Dagger+1"],"picked":"Singing Bowl","floor":41},{"not_picked":["Predator+1","Dodge and Roll","Blade Dance+1","Riddle With Holes+1"],"picked":"Singing Bowl","floor":45},{"not_picked":["Underhanded Strike","Eviscerate","All Out Attack+1","Bane"],"picked":"Singing Bowl","floor":47},{"not_picked":["Acrobatics","Concentrate+1","Eviscerate+1"],"picked":"Noxious Fumes","floor":48}],"player_experience":306492,"potions_floor_usage":[24,24,37,38,50,50],"damage_taken":[{"damage":7,"enemies":"Jaw Worm","floor":1,"turns":8},{"damage":4,"enemies":"Cultist","floor":3,"turns":5},{"damage":14,"enemies":"Gremlin Nob","floor":6,"turns":5},{"damage":0,"enemies":"2 Louse","floor":8,"turns":4},{"damage":0,"enemies":"2 Fungi Beasts","floor":10,"turns":3},{"damage":1,"enemies":"Exordium Thugs","floor":12,"turns":6},{"damage":0,"enemies":"Red Slaver","floor":14,"turns":3},{"damage":8,"enemies":"Hexaghost","floor":16,"turns":13},{"damage":8,"enemies":"Spheric Guardian","floor":18,"turns":9},{"damage":0,"enemies":"3 Byrds","floor":19,"turns":3},{"damage":1,"enemies":"Snake Plant","floor":21,"turns":6},{"damage":17,"enemies":"Slavers","floor":24,"turns":9},{"damage":15,"enemies":"Sentry and Sphere","floor":27,"turns":10},{"damage":8,"enemies":"Champ","floor":33,"turns":12},{"damage":0,"enemies":"Orb Walker","floor":35,"turns":5},{"damage":1,"enemies":"3 Shapes","floor":37,"turns":5},{"damage":9,"enemies":"3 Darklings","floor":38,"turns":7},{"damage":10,"enemies":"Maw","floor":41,"turns":9},{"damage":1,"enemies":"Sphere and 2 Shapes","floor":45,"turns":6},{"damage":10,"enemies":"3 Darklings","floor":47,"turns":7},{"damage":17,"enemies":"4 Shapes","floor":48,"turns":5},{"damage":59,"enemies":"Awakened One","floor":50,"turns":15}],"relics_obtained":[{"floor":6,"key":"Question Card"},{"floor":9,"key":"Bag of Preparation"},{"floor":24,"key":"Darkstone Periapt"},{"floor":26,"key":"Singing Bowl"},{"floor":43,"key":"Mummified Hand"}],"event_choices":[{"event_name":"Living Wall","player_choice":"Grow","floor":2,"damage_taken":0},{"event_name":"Scrap Ooze","player_choice":"success","floor":4,"damage_taken":18},{"event_name":"Transmorgrifier","player_choice":"Transform","floor":5,"damage_taken":0},{"event_name":"Forgotten Altar","player_choice":"Shed Blood","floor":22,"damage_taken":0},{"event_name":"The Library","player_choice":"Read","floor":28,"damage_taken":0},{"event_name":"Upgrade Shrine","player_choice":"Upgraded","floor":31,"damage_taken":0},{"event_name":"Winding Halls","player_choice":"Embrace Madness","floor":36,"damage_taken":0}],"boss_relics":[{"not_picked":["Runic Pyramid","Astrolabe"],"picked":"Orrery"},{"not_picked":["Black Star","White Beast Statue"],"picked":"Tiny House"}],"potions_floor_spawned":[6,16,21,24,35,38,48],"seed_played":"-5113937708810004015","ascension_level":1,"potions_obtained":[{"floor":6,"key":"Explosive Potion"},{"floor":16,"key":"GhostInAJar"},{"floor":21,"key":"Ancient Potion"},{"floor":24,"key":"Dexterity Potion"},{"floor":34,"key":"Fire Potion"},{"floor":38,"key":"Strength Potion"},{"floor":48,"key":"PowerPotion"}],"is_trial":false}