{"gold_per_floor":[115,115,115,115,135,135,164,184,211,211,211,224,6,35,35,131,131,148,178,178,78,78],"floor_reached":22,"playtime":1128,"items_purged":["Strike_G","Strike_G"],"score":247,"play_id":"1ca148a7-b161-4c29-8e3f-f50d07f56f1d","local_time":"20190820220847","is_ascension_mode":true,"campfire_choices":[{"data":"Neutralize","floor":6,"key":"SMITH"},{"floor":11,"key":"REST"},{"data":"Skewer","floor":15,"key":"SMITH"}],"neow_cost":"NONE","seed_source_timestamp":421155865644100,"circlet_count":0,"master_deck":["Strike_G","Strike_G","Defend_G","Defend_G","Defend_G","Defend_G","Survivor","Neutralize+1","Prepared","Backflip","Skewer+1","A Thousand Cuts","Die Die Die","Underhanded Strike","Poisoned Stab"],"relics":["Ring of the Snake","NeowsBlessing","Omamori","Art of War","Pen Nib","Orichalcum","Bag of Preparation","Sozu","Red Mask"],"potions_floor_usage":[],"damage_taken":[{"damage":0,"enemies":"Small Slimes","floor":1,"turns":1},{"damage":0,"enemies":"Cultist","floor":5,"turns":1},{"damage":0,"enemies":"3 Sentries","floor":7,"turns":1},{"damage":0,"enemies":"Jaw Worm","floor":8,"turns":4},{"damage":5,"enemies":"2 Fungi Beasts","floor":12,"turns":6},{"damage":15,"enemies":"Lagavulin","floor":14,"turns":7},{"damage":27,"enemies":"Hexaghost","floor":16,"turns":11},{"damage":7,"enemies":"3 Byrds","floor":18,"turns":5},{"damage":18,"enemies":"Masked Bandits","floor":19,"turns":4},{"damage":47,"enemies":"Chosen","floor":22,"turns":8}],"seed_played":"-6590640545368440197","potions_obtained":[{"floor":12,"key":"PowerPotion"},{"floor":14,"key":"Weak Potion"}],"is_trial":false,"path_per_floor":["M","?","?","?","M","R","E","M","T","?","R","M","$","E","R","B",null,"M","?","?","$","M"],"character_chosen":"THE_SILENT","items_purchased":["Orichalcum"],"campfire_rested":1,"item_purchase_floors":[13],"current_hp_per_floor":[70,70,52,52,52,52,52,52,52,45,66,61,61,46,46,19,70,63,45,45,45,0],"gold":78,"neow_bonus":"THREE_ENEMY_KILL","is_prod":false,"is_daily":false,"chose_seed":false,"campfire_upgraded":2,"win_rate":0,"timestamp":1566356927,"path_taken":["M","?","?","?","M","R","E","?","T","?","R","M","?","E","R","BOSS","M","?","?","$","?"],"build_version":"2019-07-17","purchased_purges":2,"victory":false,"max_hp_per_floor":[70,70,70,70,70,70,70,70,70,70,70,70,70,70,70,70,70,70,70,70,70,70],"card_choices":[{"not_picked":["Quick Slash","PiercingWail"],"picked":"Prepared","floor":1},{"not_picked":["Adrenaline","Sucker Punch"],"picked":"Backflip","floor":5},{"not_picked":["Bane","PiercingWail"],"picked":"Skewer","floor":7},{"not_picked":["Endless Agony","PiercingWail","Bane"],"picked":"SKIP","floor":8},{"not_picked":["Acrobatics","All Out Attack"],"picked":"A Thousand Cuts","floor":12},{"not_picked":["Acrobatics","Malaise","Backflip"],"picked":"SKIP","floor":14},{"not_picked":["Envenom","Wraith Form v2"],"picked":"Die Die Die","floor":16},{"not_picked":["Poisoned Stab+1","Bane"],"picked":"Underhanded Strike","floor":18},{"not_picked":["Deflect","Acrobatics"],"picked":"Poisoned Stab","floor":19}],"player_experience":200488,"relics_obtained":[{"floor":7,"key":"Art of War"},{"floor":9,"key":"Pen Nib"},{"floor":14,"key":"Bag of Preparation"},{"floor":19,"key":"Red Mask"}],"event_choices":[{"damage_healed":0,"gold_gain":0,"player_choice":"Ignored","damage_taken":0,"max_hp_gain":0,"max_hp_loss":0,"event_name":"Liars Game","floor":2,"gold_loss":0},{"damage_healed":0,"gold_gain":0,"player_choice":"Success","damage_taken":18,"relics_obtained":["Omamori"],"max_hp_gain":0,"max_hp_loss":0,"event_name":"Scrap Ooze","floor":3,"gold_loss":0},{"cards_removed":["Strike_G"],"damage_healed":0,"gold_gain":0,"player_choice":"Purged","damage_taken":0,"max_hp_gain":0,"max_hp_loss":0,"event_name":"Purifier","floor":4,"gold_loss":0},{"cards_removed":["Defend_G"],"damage_healed":0,"gold_gain":0,"player_choice":"Card Removal","damage_taken":7,"max_hp_gain":0,"max_hp_loss":0,"event_name":"Golden Wing","floor":10,"gold_loss":0},{"damage_healed":0,"gold_gain":0,"player_choice":"Fought Bandits","damage_taken":0,"max_hp_gain":0,"max_hp_loss":0,"event_name":"Masked Bandits","floor":19,"gold_loss":0},{"damage_healed":0,"gold_gain":0,"player_choice":"Got Potions","damage_taken":0,"max_hp_gain":0,"max_hp_loss":0,"event_name":"Lab","floor":20,"gold_loss":0}],"is_beta":false,"boss_relics":[{"not_picked":["Tiny House","Black Star"],"picked":"Sozu"}],"items_purged_floors":[13,21],"is_endless":false,"potions_floor_spawned":[12,14],"killed_by":"Chosen","ascension_level":3}