{"gold_per_floor":[114,134,62,78,91,120,120,148,148,178,353,353,370,370],"floor_reached":14,"playtime":702,"items_purged":[],"score":127,"play_id":"90ae968e-dc2a-4315-b062-21d986e067b0","local_time":"20190702184804","is_ascension_mode":true,"campfire_choices":[{"floor":7,"key":"REST"}],"neow_cost":"NONE","seed_source_timestamp":1700643144624911,"circlet_count":0,"master_deck":["Strike_B","Strike_B","Strike_B","Strike_B","Defend_B","Defend_B","Defend_B","Defend_B","Zap","Dualcast","FTL","Cold Snap","Defragment","White Noise","Ball Lightning","Hyperbeam","Undo","Biased Cognition","Doubt"],"relics":["Cracked Core","Ornamental Fan","Potion Belt","Oddly Smooth Stone","Meat on the Bone","Vajra"],"potions_floor_usage":[],"damage_taken":[{"damage":0,"enemies":"Cultist","floor":1,"turns":4},{"damage":0,"enemies":"2 Louse","floor":2,"turns":2},{"damage":5,"enemies":"Small Slimes","floor":4,"turns":3},{"damage":14,"enemies":"Exordium Wildlife","floor":5,"turns":4},{"damage":24,"enemies":"Lagavulin","floor":6,"turns":5},{"damage":17,"enemies":"Gremlin Nob","floor":8,"turns":4},{"damage":18,"enemies":"3 Sentries","floor":10,"turns":4},{"damage":11,"enemies":"Red Slaver","floor":13,"turns":3},{"damage":22,"enemies":"Gremlin Gang","floor":14,"turns":2}],"seed_played":"5030844537664734270","potions_obtained":[{"floor":1,"key":"SpeedPotion"},{"floor":8,"key":"FocusPotion"},{"floor":10,"key":"SteroidPotion"}],"is_trial":false,"path_per_floor":["M","M","$","M","M","E","R","E","T","E","?","?","M","M"],"character_chosen":"DEFECT","items_purchased":["Defragment"],"campfire_rested":1,"item_purchase_floors":[3],"current_hp_per_floor":[82,82,82,77,63,39,63,46,46,28,28,21,22,0],"gold":370,"neow_bonus":"TEN_PERCENT_HP_BONUS","is_prod":false,"is_daily":false,"chose_seed":false,"campfire_upgraded":0,"win_rate":0,"timestamp":1562107684,"path_taken":["M","M","$","M","M","E","R","E","T","E","?","?","M","M"],"build_version":"2019-07-01","purchased_purges":0,"victory":false,"max_hp_per_floor":[82,82,82,82,82,82,82,82,82,82,82,82,82,82],"card_choices":[{"not_picked":["Doom and Gloom","Chaos"],"picked":"FTL","floor":1},{"not_picked":["Hologram","Steam Power"],"picked":"Cold Snap","floor":2},{"not_picked":["Steam","Sweeping Beam"],"picked":"White Noise","floor":4},{"not_picked":["Coolheaded","Tempest"],"picked":"Ball Lightning","floor":5},{"not_picked":["Sweeping Beam","Darkness"],"picked":"Hyperbeam","floor":6},{"not_picked":["Beam Cell","Steam"],"picked":"Undo","floor":8},{"not_picked":["Compile Driver","Self Repair"],"picked":"Biased Cognition","floor":10},{"not_picked":["Redo","Barrage","Undo"],"picked":"SKIP","floor":13}],"player_experience":328597,"relics_obtained":[{"floor":6,"key":"Ornamental Fan"},{"floor":8,"key":"Potion Belt"},{"floor":9,"key":"Oddly Smooth Stone"},{"floor":10,"key":"Meat on the Bone"}],"event_choices":[{"damage_healed":0,"gold_gain":175,"player_choice":"AGREE","damage_taken":0,"max_hp_gain":0,"max_hp_loss":0,"event_name":"Liars Game","floor":11,"gold_loss":0,"cards_obtained":["Doubt"]},{"damage_healed":0,"gold_gain":0,"player_choice":"Success","damage_taken":7,"relics_obtained":["Vajra"],"max_hp_gain":0,"max_hp_loss":0,"event_name":"Scrap Ooze","floor":12,"gold_loss":0}],"is_beta":false,"boss_relics":[],"items_purged_floors":[],"is_endless":false,"potions_floor_spawned":[1,8,10],"killed_by":"Gremlin Gang","ascension_level":3}