{"gold_per_floor":[117,117,127,47,61,96,96,122,122,41,66,66,31,42,42,42],"floor_reached":16,"playtime":2114,"items_purged":[],"score":142,"play_id":"cd5a1b70-bcfc-4b46-a70a-092f385c5d4e","local_time":"20190810184654","is_ascension_mode":true,"campfire_choices":[{"floor":7.0,"key":"REST"},{"floor":12.0,"key":"REST"},{"data":"Armaments","floor":15.0,"key":"SMITH"}],"neow_cost":"NONE","seed_source_timestamp":0,"circlet_count":0,"master_deck":["Strike_R","Strike_R","Strike_R","Strike_R","Strike_R","Defend_R+1","Defend_R","Defend_R","Defend_R","Bash","Cleave","Armaments+1","Corruption","Feel No Pain","Sentinel","Seeing Red+1","Shrug It Off","Pommel Strike","Feed","Heavy Blade"],"special_seed":0,"relics":["Burning Blood","Potion Belt","Bottled Flame","War Paint","The Courier","Anchor"],"potions_floor_usage":[],"damage_taken":[{"damage":4.0,"enemies":"Small Slimes","floor":1.0,"turns":3.0},{"damage":6.0,"enemies":"Cultist","floor":3.0,"turns":3.0},{"damage":11.0,"enemies":"Jaw Worm","floor":5.0,"turns":4.0},{"damage":23.0,"enemies":"3 Sentries","floor":6.0,"turns":9.0},{"damage":46.0,"enemies":"Lagavulin","floor":8.0,"turns":7.0},{"damage":29.0,"enemies":"3 Sentries","floor":11.0,"turns":9.0},{"damage":4.0,"enemies":"2 Fungi Beasts","floor":14.0,"turns":4.0},{"damage":70,"enemies":"Hexaghost","floor":16,"turns":9}],"seed_played":"8856627313421016374","potions_obtained":[{"floor":3.0,"key":"Ancient Potion"},{"floor":5.0,"key":"PowerPotion"},{"floor":14.0,"key":"Weak Potion"}],"is_trial":false,"path_per_floor":["M","?","M","$","M","E","R","E","T","$","E","R","?","M","R","B"],"character_chosen":"IRONCLAD","items_purchased":["Feel No Pain","Shrug It Off","Pommel Strike"],"campfire_rested":2,"item_purchase_floors":[4,10,10],"current_hp_per_floor":[80,80,80,80,75,58,80,40,40,40,17,41,61,66,66,0],"gold":42,"neow_bonus":"RANDOM_COMMON_RELIC","is_prod":false,"is_daily":false,"chose_seed":false,"campfire_upgraded":1,"win_rate":0,"timestamp":1565488014,"path_taken":["M","?","?","$","M","E","R","E","T","$","E","R","?","M","R","BOSS"],"build_version":"2019-07-17","purchased_purges":0,"victory":false,"max_hp_per_floor":[80,80,80,80,80,80,80,80,80,80,80,80,80,83,83,83],"card_choices":[{"not_picked":["Flex","Heavy Blade"],"picked":"Cleave","floor":1.0},{"not_picked":["True Grit","Warcry"],"picked":"Corruption","floor":3.0},{"not_picked":["Entrench","Burning Pact"],"picked":"Sentinel","floor":5.0},{"not_picked":["True Grit","Clash"],"picked":"Seeing Red","floor":6.0},{"not_picked":["Thunderclap","Wild Strike","Disarm"],"picked":"SKIP","floor":8.0},{"not_picked":["Blood for Blood","Armaments"],"picked":"Feed","floor":11.0},{"not_picked":["Armaments","Clothesline"],"picked":"Heavy Blade","floor":14.0}],"player_experience":2825163,"relics_obtained":[{"floor":6.0,"key":"Bottled Flame"},{"floor":8.0,"key":"War Paint"},{"floor":9.0,"key":"The Courier"},{"floor":11.0,"key":"Anchor"}],"event_choices":[{"damage_healed":0.0,"max_hp_gain":0.0,"max_hp_loss":0.0,"gold_gain":0.0,"event_name":"Match and Keep!","player_choice":"1 cards matched","floor":2.0,"gold_loss":0.0,"damage_taken":0.0,"cards_obtained":["Armaments"]},{"damage_healed":20.0,"max_hp_gain":0.0,"max_hp_loss":0.0,"gold_gain":0.0,"event_name":"The Cleric","player_choice":"Healed","floor":13.0,"gold_loss":35.0,"damage_taken":0.0}],"is_beta":false,"boss_relics":[],"items_purged_floors":[],"is_endless":false,"potions_floor_spawned":[3,5,14],"killed_by":"Hexaghost","ascension_level":4}