{"gold_per_floor":[368,378,378,396,26,70,90,90,117,156,156,60,60,78,78,204,204,224,224,260,33,57,96,96,96,96,96,116,136,180,194,194,194],"floor_reached":33,"playtime":1933,"items_purged":["Injury","Strike_R","Bash"],"score":379,"play_id":"28210762-9fa9-4b5b-8efc-f2546860a3b1","local_time":"20190903100912","is_ascension_mode":true,"campfire_choices":[{"floor":8,"key":"REST"},{"data":"Pommel Strike","floor":13,"key":"SMITH"},{"data":"Flex","floor":15,"key":"SMITH"},{"data":"Inflame","floor":24,"key":"SMITH"},{"data":"Seeing Red","floor":27,"key":"SMITH"},{"data":"Heavy Blade","floor":32,"key":"SMITH"}],"neow_cost":"TEN_PERCENT_HP_LOSS","seed_source_timestamp":916007895746600,"circlet_count":0,"master_deck":["Strike_R+1","Strike_R+1","Strike_R+1","Strike_R+1","Defend_R+1","Defend_R+1","Defend_R+1","Defend_R+1","Pommel Strike+1","Twin Strike","Iron Wave","Flex+1","Uppercut+1","Immolate","Anger","Inflame+1","Heavy Blade+1","Seeing Red+1","Ghostly","Ghostly","Ghostly","Ghostly","Ghostly","Spot Weakness"],"relics":["Burning Blood","Golden Idol","Singing Bowl","Smiling Mask","Bronze Scales","Orichalcum","Eternal Feather","Red Mask","Oddly Smooth Stone","The Courier","Gambling Chip","Letter Opener"],"potions_floor_usage":[6,16,16,20,23,28,33],"damage_taken":[{"damage":9,"enemies":"2 Louse","floor":1,"turns":4},{"damage":11,"enemies":"Jaw Worm","floor":2,"turns":4},{"damage":0,"enemies":"Small Slimes","floor":4,"turns":2},{"damage":40,"enemies":"Lagavulin","floor":6,"turns":7},{"damage":19,"enemies":"Exordium Thugs","floor":7,"turns":4},{"damage":18,"enemies":"Gremlin Nob","floor":10,"turns":4},{"damage":9,"enemies":"Red Slaver","floor":14,"turns":2},{"damage":27,"enemies":"The Guardian","floor":16,"turns":9},{"damage":15,"enemies":"Shell Parasite","floor":18,"turns":2},{"damage":0,"enemies":"Masked Bandits","floor":20,"turns":2},{"damage":20,"enemies":"2 Thieves","floor":22,"turns":4},{"damage":27,"enemies":"Book of Stabbing","floor":23,"turns":5},{"damage":1,"enemies":"Snecko","floor":28,"turns":4},{"damage":0,"enemies":"Snake Plant","floor":29,"turns":4},{"damage":10,"enemies":"Gremlin Leader","floor":30,"turns":8},{"damage":0,"enemies":"Shelled Parasite and Fungi","floor":31,"turns":4},{"damage":68,"enemies":"Champ","floor":33,"turns":10}],"seed_played":"-3546191129479592015","potions_obtained":[{"floor":1,"key":"Dexterity Potion"},{"floor":2,"key":"GamblersBrew"},{"floor":10,"key":"Energy Potion"},{"floor":16,"key":"Block Potion"},{"floor":22,"key":"LiquidBronze"},{"floor":23,"key":"Ancient Potion"},{"floor":31,"key":"Poison Potion"}],"is_trial":false,"path_per_floor":["M","M","?","M","$","E","M","R","T","E","?","$","R","M","R","B",null,"M","?","?","$","M","E","R","?","T","R","M","M","E","M","R","B"],"character_chosen":"IRONCLAD","items_purchased":["Singing Bowl","Flex","Anger","Heavy Blade","Oddly Smooth Stone"],"campfire_rested":1,"item_purchase_floors":[5,5,12,21,21],"current_hp_per_floor":[69,64,64,70,70,38,25,47,47,35,35,35,35,34,34,15,78,69,69,77,77,63,44,53,41,41,41,41,43,41,47,47,0],"gold":194,"neow_bonus":"TWO_FIFTY_GOLD","is_prod":false,"is_daily":false,"chose_seed":false,"campfire_upgraded":5,"win_rate":0,"timestamp":1567523352,"path_taken":["M","M","?","M","$","E","M","R","T","E","?","$","R","M","R","BOSS","M","?","?","$","M","E","R","?","T","R","?","M","E","M","R","BOSS"],"build_version":"2019-07-17","purchased_purges":3,"victory":false,"max_hp_per_floor":[72,72,72,72,72,74,74,74,74,74,74,74,74,76,76,78,78,78,78,80,80,80,82,82,41,41,41,41,43,45,47,47,47],"card_choices":[{"not_picked":["Wild Strike","Clash"],"picked":"Pommel Strike","floor":1},{"not_picked":["Thunderclap","Heavy Blade"],"picked":"Twin Strike","floor":2},{"not_picked":["Fire Breathing","Wild Strike"],"picked":"Iron Wave","floor":4},{"not_picked":["Intimidate","Twin Strike","Sword Boomerang"],"picked":"Singing Bowl","floor":6},{"not_picked":["Warcry","Perfected Strike"],"picked":"Uppercut","floor":7},{"not_picked":["Warcry","Body Slam"],"picked":"Immolate","floor":10},{"not_picked":["Ghostly Armor","Clash","Iron Wave"],"picked":"Singing Bowl","floor":14},{"not_picked":["Bludgeon","Barricade","Juggernaut"],"picked":"Singing Bowl","floor":16},{"not_picked":["Sword Boomerang+1","Shrug It Off"],"picked":"Inflame","floor":18},{"not_picked":["Evolve","Havoc","Clothesline+1"],"picked":"Singing Bowl","floor":20},{"not_picked":["True Grit","Feel No Pain"],"picked":"Seeing Red","floor":22},{"not_picked":["Anger","Fire Breathing","Sentinel"],"picked":"Singing Bowl","floor":23},{"not_picked":["Sword Boomerang+1","Bludgeon"],"picked":"Spot Weakness","floor":28},{"not_picked":["Evolve+1","Sword Boomerang","Spot Weakness"],"picked":"Singing Bowl","floor":29},{"not_picked":["Anger+1","Cleave","Sentinel"],"picked":"Singing Bowl","floor":30},{"not_picked":["Warcry","Iron Wave","Twin Strike"],"picked":"Singing Bowl","floor":31}],"player_experience":216449,"relics_obtained":[{"floor":6,"key":"Smiling Mask"},{"floor":9,"key":"Bronze Scales"},{"floor":10,"key":"Orichalcum"},{"floor":20,"key":"Red Mask"},{"floor":23,"key":"The Courier"},{"floor":26,"key":"Gambling Chip"},{"floor":30,"key":"Letter Opener"}],"event_choices":[{"damage_healed":0,"gold_gain":0,"player_choice":"Take Wound","damage_taken":0,"relics_obtained":["Golden Idol"],"max_hp_gain":0,"max_hp_loss":0,"event_name":"Golden Idol","floor":3,"gold_loss":0,"cards_obtained":["Injury"]},{"damage_healed":0,"gold_gain":0,"player_choice":"Grow","damage_taken":0,"max_hp_gain":0,"max_hp_loss":0,"event_name":"Living Wall","floor":11,"gold_loss":0,"cards_upgraded":["Uppercut"]},{"damage_healed":0,"gold_gain":0,"player_choice":"Simplicity","damage_taken":0,"max_hp_gain":0,"max_hp_loss":0,"event_name":"Back to Basics","floor":19,"gold_loss":0,"cards_upgraded":["Strike_R","Strike_R","Strike_R","Strike_R","Defend_R","Defend_R","Defend_R","Defend_R"]},{"damage_healed":0,"gold_gain":0,"player_choice":"Fought Bandits","damage_taken":0,"max_hp_gain":0,"max_hp_loss":0,"event_name":"Masked Bandits","floor":20,"gold_loss":0},{"damage_healed":0,"gold_gain":0,"player_choice":"Became a Ghost","damage_taken":0,"max_hp_gain":0,"max_hp_loss":41,"event_name":"Ghosts","floor":25,"gold_loss":0,"cards_obtained":["Ghostly","Ghostly","Ghostly","Ghostly","Ghostly"]}],"is_beta":false,"boss_relics":[{"not_picked":["Philosopher\u0027s Stone","White Beast Statue"],"picked":"Eternal Feather"}],"items_purged_floors":[5,12,21],"is_endless":false,"potions_floor_spawned":[1,2,10,16,22,23,31],"killed_by":"Champ","ascension_level":4}