{"gold_per_floor":[366,366,379,5,5,5,34,46,117,152,152,168,179,214,214,314,314,333,333,345,364,364],"floor_reached":22,"playtime":1210,"items_purged":[],"score":278,"play_id":"43a68137-cad5-4404-acb1-977c2951dbbc","local_time":"20191011202012","is_ascension_mode":true,"campfire_choices":[{"data":"Whirlwind","floor":6,"key":"SMITH"},{"data":"Hemokinesis","floor":11,"key":"SMITH"},{"floor":15,"key":"REST"}],"neow_cost":"TEN_PERCENT_HP_LOSS","seed_source_timestamp":22296554889600,"circlet_count":0,"master_deck":["Strike_R","Strike_R","Strike_R","Strike_R","Strike_R","Defend_R","Defend_R","Defend_R","Defend_R","Bash","Heavy Blade+1","Whirlwind+1","Hemokinesis+1","Spot Weakness","Second Wind","Brutality","Shrug It Off","Blood for Blood","Feel No Pain","Feed","Blood for Blood","Inflame","Armaments"],"relics":["Burning Blood","Dead Branch","Blood Vial","Kunai","Matryoshka","Nunchaku","Vajra","Philosopher\u0027s Stone","Ginger"],"potions_floor_usage":[7,13,14,18,21],"damage_taken":[{"damage":5,"enemies":"2 Louse","floor":1,"turns":4},{"damage":6,"enemies":"Cultist","floor":3,"turns":3},{"damage":21,"enemies":"Gremlin Nob","floor":7,"turns":3},{"damage":0,"enemies":"Small Slimes","floor":8,"turns":3},{"damage":28,"enemies":"3 Sentries","floor":10,"turns":5},{"damage":14,"enemies":"Red Slaver","floor":12,"turns":2},{"damage":13,"enemies":"Exordium Thugs","floor":13,"turns":5},{"damage":28,"enemies":"Gremlin Nob","floor":14,"turns":4},{"damage":24,"enemies":"Hexaghost","floor":16,"turns":9},{"damage":8,"enemies":"Spheric Guardian","floor":18,"turns":3},{"damage":24,"enemies":"Shell Parasite","floor":20,"turns":4},{"damage":38,"enemies":"Centurion and Healer","floor":21,"turns":5},{"damage":35,"enemies":"Shelled Parasite and Fungi","floor":22,"turns":2}],"seed_played":"2325972623194350967","potions_obtained":[{"floor":1,"key":"Strength Potion"},{"floor":7,"key":"Strength Potion"},{"floor":8,"key":"Block Potion"},{"floor":12,"key":"SteroidPotion"},{"floor":14,"key":"Strength Potion"},{"floor":20,"key":"GamblersBrew"}],"is_trial":false,"path_per_floor":["M","?","M","$","T","R","E","M","T","E","R","M","M","E","R","B",null,"M","?","M","M","M"],"character_chosen":"IRONCLAD","items_purchased":["Dead Branch","Hemokinesis"],"campfire_rested":1,"item_purchase_floors":[4,4],"current_hp_per_floor":[72,72,72,72,72,72,57,65,65,45,45,39,34,14,35,19,59,59,59,43,13,0],"gold":364,"neow_bonus":"TWO_FIFTY_GOLD","is_prod":false,"is_daily":false,"chose_seed":false,"campfire_upgraded":2,"win_rate":0,"timestamp":1570843212,"path_taken":["M","?","M","$","?","R","E","M","T","E","R","M","M","E","R","BOSS","M","?","M","M","?"],"build_version":"2019-10-11","purchased_purges":0,"victory":false,"max_hp_per_floor":[72,72,72,72,72,72,72,72,72,72,72,72,72,72,72,72,72,72,72,72,72,76],"card_choices":[{"not_picked":["Pummel","Rupture"],"picked":"Heavy Blade","floor":1},{"not_picked":["Thunderclap","Shrug It Off"],"picked":"Whirlwind","floor":3},{"not_picked":["Anger","Headbutt"],"picked":"Spot Weakness","floor":7},{"not_picked":["Evolve","Spot Weakness"],"picked":"Second Wind","floor":8},{"not_picked":["Sword Boomerang","Clothesline"],"picked":"Brutality","floor":10},{"not_picked":["Iron Wave","Reckless Charge"],"picked":"Shrug It Off","floor":12},{"not_picked":["Pommel Strike","Sword Boomerang"],"picked":"Blood for Blood","floor":13},{"not_picked":["Pommel Strike","Sword Boomerang"],"picked":"Feel No Pain","floor":14},{"not_picked":["Limit Break","Double Tap"],"picked":"Feed","floor":16},{"not_picked":["Heavy Blade","Sword Boomerang"],"picked":"Blood for Blood","floor":18},{"not_picked":["Flex+1","Intimidate"],"picked":"Inflame","floor":20},{"not_picked":["Battle Trance+1","Blood for Blood+1"],"picked":"Armaments","floor":21}],"player_experience":465776,"relics_obtained":[{"floor":5,"key":"Blood Vial"},{"floor":7,"key":"Kunai"},{"floor":9,"key":"Matryoshka"},{"floor":10,"key":"Nunchaku"},{"floor":14,"key":"Vajra"}],"event_choices":[{"damage_healed":0,"gold_gain":0,"player_choice":"Upgraded","damage_taken":0,"max_hp_gain":0,"max_hp_loss":0,"event_name":"Upgrade Shrine","floor":2,"gold_loss":0,"cards_upgraded":["Heavy Blade"]},{"damage_healed":0,"gold_gain":0,"player_choice":"Gave Potion","damage_taken":0,"relics_obtained":["Ginger"],"max_hp_gain":0,"max_hp_loss":0,"event_name":"WeMeetAgain","floor":19,"gold_loss":0}],"is_beta":true,"boss_relics":[{"not_picked":["Pandora\u0027s Box","Runic Cube"],"picked":"Philosopher\u0027s Stone"}],"items_purged_floors":[],"is_endless":false,"potions_floor_spawned":[1,7,8,12,14,20],"killed_by":"Shelled Parasite and Fungi","ascension_level":7}