{"path_per_floor":["M","?","M","$","M","E","R","M","T","R","?","M","M","?","R"],"character_chosen":"THE_SILENT","items_purchased":["Cloak And Dagger"],"gold_per_floor":[111,111,125,0,20,55,55,74,99,99,99,119,136,236,236,236],"floor_reached":16,"campfire_rested":0,"playtime":1103,"current_hp_per_floor":[69,55,55,55,55,42,42,39,39,39,39,39,44,44,44,0],"items_purged":["Strike_G"],"gold":236,"score":102,"play_id":"ca9c9f53-2c35-4f28-8e6a-d4090a92bcff","local_time":"20180520123003","is_prod":false,"is_daily":false,"chose_seed":false,"is_ascension_mode":false,"campfire_upgraded":3,"timestamp":1526844603,"campfire_choices":[{"data":"Footwork","floor":7,"key":"SMITH"},{"data":"Cloak And Dagger","floor":10,"key":"SMITH"},{"data":"All Out Attack","floor":15,"key":"SMITH"}],"path_taken":["M","?","M","$","M","E","R","M","T","R","?","M","?","?","R","BOSS"],"build_version":"2018-05-17","seed_source_timestamp":43537618078331,"purchased_purges":1,"victory":false,"master_deck":["Defend_G+1","Defend_G+1","Defend_G","Defend_G+1","Defend_G","Strike_G","Strike_G","Strike_G","Strike_G","Survivor+1","Neutralize","Footwork+1","All Out Attack+1","Leg Sweep","Cloak And Dagger+1","Deadly Poison+1"],"max_hp_per_floor":[70,70,70,70,70,70,70,70,70,70,70,70,75,75,75,75],"relics":["Ring of the Snake","War Paint","Happy Flower"],"card_choices":[{"not_picked":["Dodge and Roll","Blur"],"picked":"Footwork","floor":0},{"not_picked":["Backstab","PiercingWail"],"picked":"All Out Attack","floor":1},{"not_picked":["Flying Knee","Finisher"],"picked":"Leg Sweep","floor":3},{"not_picked":["Quick Slash","Outmaneuver","Underhanded Strike"],"picked":"SKIP","floor":5},{"not_picked":["Bane","Prepared","Caltrops"],"picked":"SKIP","floor":6},{"not_picked":["Deflect","PiercingWail"],"picked":"Deadly Poison","floor":8},{"not_picked":["Concentrate","Predator","Skewer"],"picked":"SKIP","floor":12},{"not_picked":["Cloak And Dagger","PiercingWail","Dodge and Roll"],"picked":"SKIP","floor":13}],"player_experience":247482,"potions_floor_usage":[6,8,13,16],"damage_taken":[{"damage":1,"enemies":"Jaw Worm","floor":1,"turns":5},{"damage":0,"enemies":"2 Louse","floor":3,"turns":2},{"damage":0,"enemies":"Cultist","floor":5,"turns":4},{"damage":13,"enemies":"Gremlin Nob","floor":6,"turns":5},{"damage":3,"enemies":"Gremlin Gang","floor":8,"turns":3},{"damage":0,"enemies":"Blue Slaver","floor":12,"turns":4},{"damage":0,"enemies":"Lots of Slimes","floor":13,"turns":5},{"damage":53,"enemies":"Slime Boss","floor":16,"turns":12}],"relics_obtained":[{"floor":6,"key":"War Paint"},{"floor":9,"key":"Happy Flower"}],"event_choices":[{"event_name":"Shining Light","player_choice":"Entered Light","floor":2,"damage_taken":0},{"event_name":"Upgrade Shrine","player_choice":"Upgraded","floor":11,"damage_taken":0},{"event_name":"Wheel of Change","player_choice":"Gold","floor":14,"damage_taken":0}],"boss_relics":[],"potions_floor_spawned":[1,3,5,8],"seed_played":"-7521176688345975247","killed_by":"Slime Boss","ascension_level":0,"potions_obtained":[{"floor":1,"key":"Explosive Potion"},{"floor":3,"key":"AttackPotion"},{"floor":5,"key":"Regen Potion"},{"floor":8,"key":"Fruit Juice"}],"is_trial":false}