{"gold_per_floor":[114,133,57,7,107,107,140,151,205,205,235,16,29,63,63,163,163,176,196,214,154,174,204,136,136,136,36,65,65,75,88,88,191,191,211,226,326,201,201,229,242,571,594,619,638,655,667,44,44,44],"floor_reached":50,"playtime":4421,"items_purged":["Strike_R","Shame","Strike_R","Parasite"],"score":845,"play_id":"e89701c7-e2e4-4482-8c53-7bf2f2d3d7d3","local_time":"20190820195100","is_ascension_mode":true,"campfire_choices":[{"data":"Armaments","floor":6.0,"key":"SMITH"},{"data":"Searing Blow","floor":10.0,"key":"SMITH"},{"data":"Searing Blow+1","floor":15.0,"key":"SMITH"},{"data":"Searing Blow+2","floor":25.0,"key":"SMITH"},{"data":"Uppercut","floor":29.0,"key":"SMITH"},{"floor":32.0,"key":"REST"},{"floor":49,"key":"REST"}],"neow_cost":"NONE","seed_source_timestamp":409457731375800,"circlet_count":0,"master_deck":["Defend_R","Defend_R","Defend_R","Defend_R","Bash","Armaments+1","Shrug It Off","Rampage","Double Tap","Searing Blow+3","Cleave","Anger","Feed","Uppercut+1","Warcry+1","Battle Trance","Offering","Barricade","Headbutt+1","Cleave","Dual Wield","Shockwave+1","Seeing Red","The Bomb"],"special_seed":0,"relics":["Burning Blood","NeowsBlessing","Oddly Smooth Stone","Regal Pillow","Orichalcum","Bronze Scales","Pear","Cursed Key","Pen Nib","Singing Bowl","Bottled Flame","Lizard Tail","Turnip","Red Skull","Old Coin","PreservedInsect","Potion Belt","Kunai"],"potions_floor_usage":[36,37,42,47,47,47,50,50],"damage_taken":[{"damage":0.0,"enemies":"Small Slimes","floor":1.0,"turns":1.0},{"damage":0.0,"enemies":"2 Louse","floor":2.0,"turns":1.0},{"damage":0.0,"enemies":"Gremlin Nob","floor":7.0,"turns":1.0},{"damage":4.0,"enemies":"Cultist","floor":8.0,"turns":4.0},{"damage":16.0,"enemies":"3 Sentries","floor":11.0,"turns":7.0},{"damage":9.0,"enemies":"Blue Slaver","floor":13.0,"turns":4.0},{"damage":22.0,"enemies":"Gremlin Nob","floor":14.0,"turns":3.0},{"damage":8.0,"enemies":"Slime Boss","floor":16.0,"turns":7.0},{"damage":13.0,"enemies":"2 Thieves","floor":18.0,"turns":3.0},{"damage":0.0,"enemies":"Spheric Guardian","floor":19.0,"turns":3.0},{"damage":27.0,"enemies":"3 Cultists","floor":20.0,"turns":5.0},{"damage":1.0,"enemies":"Snecko","floor":22.0,"turns":4.0},{"damage":38.0,"enemies":"Book of Stabbing","floor":23.0,"turns":5.0},{"damage":18.0,"enemies":"Gremlin Leader","floor":28.0,"turns":4.0},{"damage":6.0,"enemies":"Snake Plant","floor":30.0,"turns":1.0},{"damage":6.0,"enemies":"Shelled Parasite and Fungi","floor":31.0,"turns":2.0},{"damage":85.0,"enemies":"Champ","floor":33.0,"turns":9.0},{"damage":8,"enemies":"3 Shapes","floor":35,"turns":3},{"damage":12,"enemies":"Orb Walker","floor":36,"turns":2},{"damage":3,"enemies":"Mind Bloom Boss Battle","floor":37,"turns":4},{"damage":45,"enemies":"Giant Head","floor":40,"turns":7},{"damage":6,"enemies":"Maw","floor":41,"turns":7},{"damage":44,"enemies":"Nemesis","floor":42,"turns":9},{"damage":6,"enemies":"Reptomancer","floor":44,"turns":3},{"damage":26,"enemies":"Transient","floor":45,"turns":5},{"damage":31,"enemies":"Jaw Worm Horde","floor":46,"turns":4},{"damage":27,"enemies":"Writhing Mass","floor":47,"turns":4},{"damage":106,"enemies":"Donu and Deca","floor":50,"turns":7}],"seed_played":"-3864253278634352079","potions_obtained":[{"floor":2.0,"key":"Energy Potion"},{"floor":7.0,"key":"Ancient Potion"},{"floor":13.0,"key":"SpeedPotion"},{"floor":16.0,"key":"FearPotion"},{"floor":18.0,"key":"Block Potion"},{"floor":19.0,"key":"Dexterity Potion"},{"floor":30.0,"key":"EssenceOfSteel"},{"floor":33.0,"key":"Strength Potion"},{"floor":35,"key":"Poison Potion"},{"floor":36,"key":"SkillPotion"},{"floor":42,"key":"Block Potion"},{"floor":46,"key":"AttackPotion"},{"floor":47,"key":"Dexterity Potion"}],"is_trial":false,"path_per_floor":["M","M","$","?","?","R","E","M","T","R","E","$","M","E","R","B",null,"M","M","M","?","M","E","$","R","T","$","E","R","M","M","R","B",null,"M","M","?","$","?","E","M","E","T","E","M","M","M","$","R","B"],"character_chosen":"IRONCLAD","items_purchased":["Rampage","Bronze Scales","Offering","Kunai","The Bomb","SteroidPotion"],"campfire_rested":2,"item_purchase_floors":[3,12,24,48,48,48],"current_hp_per_floor":[80,80,80,80,80,80,80,80,80,80,70,70,67,61,61,59,90,86,96,75,75,80,48,48,48,48,48,38,38,40,42,87,8,103,105,101,106,106,106,67,67,31,31,33,13,69,53,53,104,0],"gold":44,"neow_bonus":"THREE_ENEMY_KILL","is_prod":false,"is_daily":false,"chose_seed":false,"campfire_upgraded":5,"win_rate":0,"timestamp":1566348660,"path_taken":["M","M","$","?","?","R","E","M","T","R","E","$","M","E","R","BOSS","M","M","?","?","M","E","$","R","T","$","E","R","M","M","R","BOSS","M","?","?","$","?","E","M","E","T","E","M","?","M","?","R","BOSS"],"build_version":"2019-07-17","purchased_purges":4,"victory":false,"max_hp_per_floor":[80,80,80,80,80,80,80,80,80,80,80,80,80,90,90,90,90,93,97,97,97,97,97,97,97,97,97,99,99,101,103,103,103,103,107,109,111,111,111,111,111,113,113,115,115,121,126,123,123,123],"card_choices":[{"not_picked":["Sword Boomerang","Shrug It Off"],"picked":"Armaments","floor":1.0},{"not_picked":["Heavy Blade","Clothesline"],"picked":"Shrug It Off","floor":2.0},{"not_picked":["Fire Breathing","Ghostly Armor"],"picked":"Double Tap","floor":7.0},{"not_picked":["Heavy Blade","Rupture"],"picked":"Searing Blow","floor":8.0},{"not_picked":["Body Slam","Pommel Strike"],"picked":"Cleave","floor":11.0},{"not_picked":["Body Slam","Dual Wield"],"picked":"Anger","floor":13.0},{"not_picked":["True Grit","Wild Strike","Reaper"],"picked":"SKIP","floor":14.0},{"not_picked":["Juggernaut","Offering"],"picked":"Feed","floor":16.0},{"not_picked":["Infernal Blade","True Grit"],"picked":"Uppercut","floor":18.0},{"not_picked":["True Grit","Havoc"],"picked":"Warcry+1","floor":19.0},{"not_picked":["Flex","Rage+1","Wild Strike"],"picked":"SKIP","floor":20.0},{"not_picked":["Reckless Charge","Cleave","True Grit"],"picked":"SKIP","floor":22.0},{"not_picked":["Thunderclap","Pommel Strike"],"picked":"Battle Trance","floor":23.0},{"not_picked":["Rupture","Offering","Heavy Blade"],"picked":"Singing Bowl","floor":28.0},{"not_picked":["Anger","Wild Strike","Reckless Charge+1"],"picked":"Singing Bowl","floor":30.0},{"not_picked":["True Grit","Hemokinesis","Reckless Charge+1"],"picked":"Singing Bowl","floor":31.0},{"not_picked":["Fiend Fire","Reaper"],"picked":"Barricade","floor":33.0},{"not_picked":["Flame Barrier","Combust"],"picked":"Headbutt+1","floor":35},{"not_picked":["Twin Strike+1","Thunderclap+1","Havoc+1"],"picked":"Singing Bowl","floor":36},{"not_picked":["Heavy Blade+1","Clash+1","Anger"],"picked":"Singing Bowl","floor":37},{"not_picked":["Armaments","Cleave"],"picked":"Dual Wield","floor":40},{"not_picked":["Cleave+1","Perfected Strike"],"picked":"Shockwave+1","floor":41},{"not_picked":["True Grit","Feed","Berserk"],"picked":"Singing Bowl","floor":42},{"not_picked":["Sentinel","Pommel Strike+1","Anger+1"],"picked":"Singing Bowl","floor":44},{"not_picked":["Shrug It Off+1","Heavy Blade"],"picked":"Seeing Red","floor":45},{"not_picked":["Bloodletting+1","Corruption","Headbutt"],"picked":"Singing Bowl","floor":46},{"not_picked":["Clothesline+1","Body Slam","Shrug It Off"],"picked":"Singing Bowl","floor":47}],"player_experience":196067,"relics_obtained":[{"floor":7.0,"key":"Oddly Smooth Stone"},{"floor":9.0,"key":"Regal Pillow"},{"floor":11.0,"key":"Orichalcum"},{"floor":14.0,"key":"Pear"},{"floor":23.0,"key":"Pen Nib"},{"floor":26.0,"key":"Singing Bowl"},{"floor":28.0,"key":"Bottled Flame"},{"floor":37,"key":"Turnip"},{"floor":40,"key":"Red Skull"},{"floor":42,"key":"Old Coin"},{"floor":43,"key":"PreservedInsect"},{"floor":44,"key":"Potion Belt"}],"event_choices":[{"cards_removed":["Strike_R"],"damage_healed":0.0,"max_hp_gain":0.0,"max_hp_loss":0.0,"gold_gain":0.0,"event_name":"The Cleric","player_choice":"Card Removal","floor":4.0,"gold_loss":50.0,"damage_taken":0.0},{"damage_healed":0.0,"max_hp_gain":0.0,"max_hp_loss":0.0,"gold_gain":100.0,"event_name":"Golden Shrine","player_choice":"Pray","floor":5.0,"gold_loss":0.0,"damage_taken":0.0},{"cards_removed":["Strike_R"],"damage_healed":0.0,"max_hp_gain":0.0,"max_hp_loss":0.0,"gold_gain":0.0,"event_name":"Designer","player_choice":"Single Remove","floor":21.0,"gold_loss":60.0,"damage_taken":0.0},{"damage_healed":0,"gold_gain":0,"player_choice":"Fight","damage_taken":0,"max_hp_gain":0,"max_hp_loss":0,"event_name":"MindBloom","floor":37,"gold_loss":0},{"damage_healed":0,"gold_gain":0,"cards_transformed":["Strike_R"],"player_choice":"Transformed","damage_taken":0,"max_hp_gain":0,"max_hp_loss":0,"event_name":"Transmorgrifier","floor":39,"gold_loss":0,"cards_obtained":["Cleave"]}],"is_beta":false,"boss_relics":[{"not_picked":["Coffee Dripper","Snecko Eye"],"picked":"Cursed Key"},{"not_picked":["Empty Cage","Philosopher\u0027s Stone"],"picked":"Lizard Tail"}],"items_purged_floors":[12,27,38,48],"is_endless":false,"potions_floor_spawned":[2,7,13,16,18,19,30,33,35,36,42,46,47],"killed_by":"Donu and Deca","ascension_level":4}