{"gold_per_floor":[116,136,211,225,6,6,35,49,49,81,81],"floor_reached":11,"playtime":576,"items_purged":["Decay"],"score":145,"play_id":"70c76e3c-2e5b-457d-9698-53f763e989c7","local_time":"20191017093700","is_ascension_mode":true,"campfire_choices":[{"data":"Rampage","floor":6,"key":"SMITH"}],"neow_cost":"CURSE","seed_source_timestamp":502754038386400,"circlet_count":0,"master_deck":["Strike_R","Strike_R","Strike_R","Strike_R","Strike_R","Defend_R+1","Defend_R","Defend_R+1","Defend_R","Bash","Clothesline","Rampage+1","Disarm","Shockwave","Thunderclap","Metallicize"],"relics":["Burning Blood","HandDrill","War Paint","PreservedInsect","Matryoshka"],"potions_floor_usage":[10,10,11],"damage_taken":[{"damage":14,"enemies":"Small Slimes","floor":1,"turns":5},{"damage":0,"enemies":"Cultist","floor":2,"turns":4},{"damage":13,"enemies":"2 Louse","floor":4,"turns":3},{"damage":35,"enemies":"Lagavulin","floor":7,"turns":5},{"damage":12,"enemies":"Blue Slaver","floor":8,"turns":4},{"damage":16,"enemies":"3 Sentries","floor":10,"turns":6},{"damage":28,"enemies":"Large Slime","floor":11,"turns":3}],"seed_played":"9091079260892302911","potions_obtained":[{"floor":2,"key":"Swift Potion"},{"floor":4,"key":"Swift Potion"},{"floor":7,"key":"AttackPotion"},{"floor":8,"key":"LiquidMemories"}],"is_trial":false,"path_per_floor":["M","M","?","M","$","R","E","M","T","E","M"],"character_chosen":"IRONCLAD","items_purchased":["HandDrill"],"campfire_rested":0,"item_purchase_floors":[5],"current_hp_per_floor":[80,86,75,68,68,68,39,33,33,23,0],"gold":81,"neow_bonus":"TWENTY_PERCENT_HP_BONUS","is_prod":false,"is_daily":false,"chose_seed":false,"campfire_upgraded":1,"win_rate":0,"timestamp":1571323020,"path_taken":["M","M","?","M","$","R","E","M","T","E","M"],"build_version":"2019-10-16","purchased_purges":1,"victory":false,"max_hp_per_floor":[96,96,96,96,96,96,96,96,96,96,96],"card_choices":[{"not_picked":["Rage","Disarm"],"picked":"Clothesline","floor":1},{"not_picked":["Corruption","Warcry"],"picked":"Rampage","floor":2},{"not_picked":["Sword Boomerang","Sentinel"],"picked":"Disarm","floor":4},{"not_picked":["Evolve","Barricade"],"picked":"Shockwave","floor":7},{"not_picked":["Warcry","Pummel"],"picked":"Thunderclap","floor":8},{"not_picked":["Sword Boomerang","Corruption"],"picked":"Metallicize","floor":10}],"player_experience":533476,"relics_obtained":[{"floor":7,"key":"War Paint"},{"floor":9,"key":"PreservedInsect"},{"floor":10,"key":"Matryoshka"}],"event_choices":[{"damage_healed":0,"gold_gain":75,"player_choice":"Gather Gold","damage_taken":11,"max_hp_gain":0,"max_hp_loss":0,"event_name":"World of Goop","floor":3,"gold_loss":0}],"is_beta":true,"boss_relics":[],"items_purged_floors":[5],"is_endless":false,"potions_floor_spawned":[2,4,7,8],"killed_by":"Large Slime","ascension_level":9}