{"path_per_floor":["M","M","?","$","M","R","M","E","T","M","R","M","M","M","R","B",null,"M","M","?","?","$","R","M","R","T","M","R","M","R","M","R"],"character_chosen":"IRONCLAD","items_purchased":["Flame Barrier"],"gold_per_floor":[114,125,125,50,65,65,79,109,109,127,127,144,159,174,174,277,277,289,303,303,303,167,167,186,186,231,242,242,259,259,277,277,277],"floor_reached":33,"campfire_rested":3,"playtime":6321,"current_hp_per_floor":[80,80,80,80,80,80,80,51,58,66,66,65,73,68,68,22,95,70,46,46,46,46,46,17,46,46,9,38,36,36,28,58,0],"items_purged":["Strike_R","Writhe"],"gold":277,"score":278,"play_id":"df4362c6-a624-4a0f-946f-20ac01be6d7a","local_time":"20180428202307","is_prod":false,"is_daily":false,"chose_seed":false,"is_ascension_mode":false,"campfire_upgraded":5,"timestamp":1524972187,"path_taken":["M","M","?","$","M","R","M","E","T","M","R","M","M","?","R","BOSS","M","M","?","?","$","R","M","R","T","?","R","M","R","?","R","BOSS"],"build_version":"2018-04-26","seed_source_timestamp":26784179136031,"purchased_purges":2,"victory":false,"master_deck":["Strike_R","Strike_R","Strike_R","Strike_R","Defend_R","Defend_R","Defend_R","Defend_R","Bash+1","Evolve","Warcry","Body Slam+1","Shrug It Off+1","Cleave+1","Spot Weakness+1","Shrug It Off","Flame Barrier+1","Headbutt+1","Shockwave"],"max_hp_per_floor":[80,80,80,80,80,80,80,82,89,91,91,91,93,93,93,95,95,95,97,97,97,97,97,97,97,97,99,99,101,101,101,101,101],"relics":["Burning Blood","Singing Bowl","Strawberry","White Beast Statue","Letter Opener","Prayer Wheel"],"card_choices":[{"not_picked":["Thunderclap","Infernal Blade"],"picked":"Evolve","floor":1},{"not_picked":["Entrench","Perfected Strike"],"picked":"Warcry","floor":2},{"not_picked":["Havoc","Carnage"],"picked":"Body Slam","floor":5},{"not_picked":["Body Slam","Wild Strike"],"picked":"Shrug It Off","floor":7},{"not_picked":["Pommel Strike","Havoc"],"picked":"Cleave","floor":12},{"not_picked":["Seeing Red","True Grit"],"picked":"Spot Weakness","floor":14},{"not_picked":["Pommel Strike","Sentinel"],"picked":"Shrug It Off","floor":18},{"not_picked":["Havoc","Heavy Blade"],"picked":"Headbutt","floor":24},{"not_picked":["Anger","Reckless Charge"],"picked":"Shockwave","floor":31}],"player_experience":88143,"potions_floor_usage":[7,10,16,16,16,24,29,31,33,33,33],"damage_taken":[{"damage":1,"enemies":"Jaw Worm","floor":1,"turns":4},{"damage":3,"enemies":"Small Slimes","floor":2,"turns":3},{"damage":0,"enemies":"2 Louse","floor":5,"turns":3},{"damage":1,"enemies":"Lots of Slimes","floor":7,"turns":6},{"damage":37,"enemies":"Lagavulin","floor":8,"turns":8},{"damage":0,"enemies":"Exordium Wildlife","floor":10,"turns":4},{"damage":7,"enemies":"3 Louse","floor":12,"turns":6},{"damage":0,"enemies":"Large Slime","floor":13,"turns":6},{"damage":11,"enemies":"Looter","floor":14,"turns":4},{"damage":69,"enemies":"Slime Boss","floor":16,"turns":13},{"damage":31,"enemies":"3 Byrds","floor":18,"turns":6},{"damage":32,"enemies":"2 Thieves","floor":19,"turns":5},{"damage":35,"enemies":"Snecko","floor":24,"turns":7},{"damage":45,"enemies":"Cultist and Chosen","floor":27,"turns":8},{"damage":10,"enemies":"Centurion and Healer","floor":29,"turns":7},{"damage":14,"enemies":"Snecko","floor":31,"turns":6},{"damage":68,"enemies":"Collector","floor":33,"turns":5}],"event_choices":[{"event_name":"Liars Game","player_choice":"disagreed","floor":3,"damage_taken":0},{"event_name":"Vampires","player_choice":"Ignored","floor":20,"damage_taken":0},{"event_name":"The Mausoleum","player_choice":"Yes","floor":21,"damage_taken":0}],"boss_relics":[{"not_picked":["Black Star","Tiny House"],"picked":"White Beast Statue"}],"potions_floor_spawned":[1,7,8,12,14,18,19,24,27,29,31],"seed_played":"3076768213517842555","killed_by":"Collector","ascension_level":0,"is_trial":false}