{"gold_per_floor":[117,117,134,134,4,4,38,56,56,81,91,111,124,135,135,239,239,256,256,171,171,190,190],"floor_reached":23,"playtime":2970,"items_purged":[],"score":239,"play_id":"94cd2d8b-62df-4d55-9384-0633f2ecce8c","local_time":"20190912203836","is_ascension_mode":true,"campfire_choices":[{"data":"WindmillStrike","floor":6.0,"key":"SMITH"},{"floor":15.0,"key":"REST"}],"neow_cost":"NONE","seed_source_timestamp":0,"circlet_count":0,"master_deck":["Strike_P","Strike_P","Defend_P","Defend_P","Defend_P","Defend_P","Eruption","Vigilance","Weave","EmptyBody","WindmillStrike+1","CrushJoints","Sanctity","EmptyMind","Brilliance","CutThroughFate","Adaptation","Establishment+1","SandsOfTime","SandsOfTime","Omniscience","Vault","Sanctity+1","ClearTheMind+1","Protect","Nirvana"],"special_seed":0,"relics":["HolyWater","NeowsBlessing","Question Card","Prayer Wheel","Boot","Letter Opener"],"potions_floor_usage":[18,23],"damage_taken":[{"damage":0.0,"enemies":"2 Louse","floor":1.0,"turns":1.0},{"damage":0.0,"enemies":"Small Slimes","floor":3.0,"turns":1.0},{"damage":0.0,"enemies":"Gremlin Nob","floor":7.0,"turns":1.0},{"damage":0.0,"enemies":"Cultist","floor":8.0,"turns":2.0},{"damage":7.0,"enemies":"Lagavulin","floor":10.0,"turns":7.0},{"damage":6.0,"enemies":"3 Louse","floor":11.0,"turns":4.0},{"damage":0.0,"enemies":"Red Slaver","floor":12.0,"turns":3.0},{"damage":0.0,"enemies":"Lots of Slimes","floor":13.0,"turns":1.0},{"damage":15.0,"enemies":"Large Slime","floor":14.0,"turns":3.0},{"damage":24.0,"enemies":"Hexaghost","floor":16.0,"turns":7.0},{"damage":25,"enemies":"3 Byrds","floor":18,"turns":5},{"damage":13,"enemies":"2 Thieves","floor":22,"turns":4},{"damage":55,"enemies":"Gremlin Leader","floor":23,"turns":6}],"seed_played":"4957377709592141400","potions_obtained":[{"floor":1.0,"key":"FairyPotion"},{"floor":8.0,"key":"Block Potion"},{"floor":11.0,"key":"Explosive Potion"},{"floor":12.0,"key":"Strength Potion"},{"floor":16.0,"key":"Block Potion"}],"is_trial":false,"path_per_floor":["M","?","M","?","$","R","E","M","T","E","M","M","M","M","R","B",null,"M","?","?","?","M","E"],"character_chosen":"WATCHER","items_purchased":["WindmillStrike","Explosive Potion"],"campfire_rested":1,"item_purchase_floors":[5,5],"current_hp_per_floor":[65,58,58,58,58,58,58,58,58,51,45,45,45,30,49,25,65,40,40,40,40,27,0],"gold":190,"neow_bonus":"THREE_ENEMY_KILL","is_prod":false,"is_daily":false,"chose_seed":false,"campfire_upgraded":1,"win_rate":0,"timestamp":1568338716,"path_taken":["M","?","M","?","$","R","E","M","T","E","M","M","M","?","R","BOSS","M","?","?","?","M","E"],"build_version":"2019-09-11v2","purchased_purges":0,"victory":false,"max_hp_per_floor":[65,65,65,65,65,65,65,65,65,65,65,65,65,65,65,65,65,65,65,65,65,65,65],"card_choices":[{"not_picked":["Tantrum","Consecrate"],"picked":"Weave","floor":1.0},{"not_picked":["Wireheading","Protect"],"picked":"EmptyBody","floor":3.0},{"not_picked":["Clarity","Crescendo"],"picked":"CrushJoints","floor":7.0},{"not_picked":["ClearTheMind","SpiritShield","Prostrate"],"picked":"Sanctity","floor":8.0},{"not_picked":["Halt","Devotion","FlurryOfBlows"],"picked":"EmptyMind","floor":10.0},{"not_picked":["EmptyBody","BowlingBash","EmptyFist"],"picked":"Brilliance","floor":11.0},{"not_picked":["StepAndStrike","EmptyBody","BowlingBash"],"picked":"CutThroughFate","floor":11.0},{"not_picked":["EmptyMind","Halt","Swivel"],"picked":"Adaptation","floor":12.0},{"not_picked":["EmptyMind","JustLucky","FlyingSleeves","CrushJoints"],"picked":"SKIP","floor":12.0},{"not_picked":["Sanctity","Clarity","Consecrate"],"picked":"Establishment","floor":13.0},{"not_picked":["ForeignInfluence","ThirdEye","Weave"],"picked":"SandsOfTime","floor":13.0},{"not_picked":["EmptyBody","Evaluate","ForeignInfluence"],"picked":"SandsOfTime","floor":14.0},{"not_picked":["FlyingSleeves","ClearTheMind","CrushJoints"],"picked":"Omniscience","floor":14.0},{"not_picked":["Ragnarok","Unraveling","ReachHeaven"],"picked":"Vault","floor":16.0},{"not_picked":["WreathOfFlame","Wireheading","ThirdEye"],"picked":"Sanctity+1","floor":18},{"not_picked":["Consecrate+1","ThirdEye","Wireheading"],"picked":"ClearTheMind+1","floor":18},{"not_picked":["CleanseEvil","FollowUp","FlyingSleeves"],"picked":"Protect","floor":22},{"not_picked":["CrushJoints+1","TalkToTheHand","Vengeance"],"picked":"Nirvana","floor":22}],"player_experience":256255,"relics_obtained":[{"floor":7.0,"key":"Question Card"},{"floor":9.0,"key":"Prayer Wheel"},{"floor":10.0,"key":"Boot"}],"event_choices":[{"cards_removed":["Strike_P"],"damage_healed":0.0,"max_hp_gain":0.0,"max_hp_loss":0.0,"gold_gain":0.0,"event_name":"Golden Wing","player_choice":"Card Removal","floor":2.0,"gold_loss":0.0,"damage_taken":7.0},{"cards_removed":["Strike_P"],"damage_healed":0.0,"max_hp_gain":0.0,"max_hp_loss":0.0,"gold_gain":0.0,"event_name":"Purifier","player_choice":"Purged","floor":4.0,"gold_loss":0.0,"damage_taken":0.0},{"damage_healed":0,"gold_gain":0,"player_choice":"Ignored","damage_taken":0,"max_hp_gain":0,"max_hp_loss":0,"event_name":"Vampires","floor":19,"gold_loss":0},{"damage_healed":0,"gold_gain":0,"player_choice":"Obtained Relic","damage_taken":0,"relics_obtained":["Letter Opener"],"max_hp_gain":0,"max_hp_loss":0,"event_name":"Addict","floor":20,"gold_loss":85},{"damage_healed":0,"gold_gain":0,"player_choice":"Upgraded","damage_taken":0,"max_hp_gain":0,"max_hp_loss":0,"event_name":"Upgrade Shrine","floor":21,"gold_loss":0,"cards_upgraded":["Establishment"]}],"is_beta":true,"boss_relics":[{"not_picked":["Tiny House","Ectoplasm"],"picked":"HolyWater"}],"items_purged_floors":[],"is_endless":false,"potions_floor_spawned":[1,8,11,12,16],"killed_by":"Gremlin Leader","ascension_level":1}