{"gold_per_floor":[110,123,1,16,16,49,49,84,133,143,143,159,159,169,169,169],"floor_reached":16,"playtime":990,"items_purged":[],"score":134,"play_id":"7a227cb9-3aa8-4d0b-8db5-6880a885446e","local_time":"20190825165450","is_ascension_mode":true,"campfire_choices":[{"floor":7,"key":"REST"},{"floor":11,"key":"REST"},{"data":"Catalyst","floor":13,"key":"SMITH"},{"data":"Outmaneuver","floor":15,"key":"SMITH"}],"neow_cost":"NONE","seed_source_timestamp":347892238572249,"circlet_count":0,"master_deck":["Strike_G","Strike_G","Strike_G","Strike_G","Strike_G","Defend_G","Defend_G","Defend_G","Defend_G","Defend_G","Survivor","Neutralize","Finisher","Dash","Crippling Poison","Outmaneuver+1","Flying Knee","Concentrate","Catalyst+1","Backflip","Deadly Poison","Bane"],"relics":["Ring of the Snake","NeowsBlessing","Ornamental Fan","Strawberry","Tingsha","Happy Flower"],"potions_floor_usage":[6,16],"damage_taken":[{"damage":0,"enemies":"Small Slimes","floor":1,"turns":1},{"damage":0,"enemies":"Jaw Worm","floor":2,"turns":1},{"damage":0,"enemies":"2 Louse","floor":4,"turns":1},{"damage":6,"enemies":"Gremlin Nob","floor":6,"turns":3},{"damage":23,"enemies":"3 Sentries","floor":8,"turns":10},{"damage":11,"enemies":"2 Fungi Beasts","floor":10,"turns":4},{"damage":8,"enemies":"Exordium Thugs","floor":12,"turns":5},{"damage":3,"enemies":"Blue Slaver","floor":14,"turns":4},{"damage":58,"enemies":"Slime Boss","floor":16,"turns":8}],"seed_played":"-3894996982229872840","potions_obtained":[{"floor":1,"key":"FearPotion"},{"floor":4,"key":"EssenceOfSteel"},{"floor":6,"key":"Poison Potion"},{"floor":10,"key":"FearPotion"}],"is_trial":false,"path_per_floor":["M","M","$","M","?","E","R","E","T","M","R","M","R","M","R","B"],"character_chosen":"THE_SILENT","items_purchased":["Crippling Poison","Outmaneuver"],"campfire_rested":2,"item_purchase_floors":[3,3],"current_hp_per_floor":[70,70,70,70,58,59,77,54,54,43,66,58,58,55,55,0],"gold":169,"neow_bonus":"THREE_ENEMY_KILL","is_prod":false,"is_daily":false,"chose_seed":false,"campfire_upgraded":2,"win_rate":0,"timestamp":1566777290,"path_taken":["M","M","$","M","?","E","R","E","T","M","R","M","R","M","R","BOSS"],"build_version":"2019-07-17","purchased_purges":0,"victory":false,"max_hp_per_floor":[70,70,70,70,70,77,77,77,77,77,77,77,77,77,77,77],"card_choices":[{"not_picked":["Setup","Slice"],"picked":"Finisher","floor":1},{"not_picked":["Setup","Flying Knee"],"picked":"Dash","floor":2},{"not_picked":["Predator","Masterful Stab"],"picked":"Flying Knee","floor":4},{"not_picked":["PiercingWail","Finisher"],"picked":"Concentrate","floor":6},{"not_picked":["Poisoned Stab","Calculated Gamble"],"picked":"Catalyst","floor":8},{"not_picked":["Underhanded Strike","Outmaneuver"],"picked":"Backflip","floor":10},{"not_picked":["Cloak And Dagger","Accuracy"],"picked":"Deadly Poison","floor":12},{"not_picked":["Blade Dance","Finisher"],"picked":"Bane","floor":14}],"player_experience":3052217,"relics_obtained":[{"floor":6,"key":"Strawberry"},{"floor":8,"key":"Tingsha"},{"floor":9,"key":"Happy Flower"}],"event_choices":[{"damage_healed":0,"gold_gain":0,"player_choice":"Success","damage_taken":12,"relics_obtained":["Ornamental Fan"],"max_hp_gain":0,"max_hp_loss":0,"event_name":"Scrap Ooze","floor":5,"gold_loss":0}],"is_beta":false,"boss_relics":[],"items_purged_floors":[],"is_endless":false,"potions_floor_spawned":[1,4,6,10],"killed_by":"Slime Boss","ascension_level":4}