{"gold_per_floor":[109,109,129,129,211,246,260,260,287,312,324,324,211,246,246,375,375,390,238,254,254,267,308,328,363,414,414,427,427,427,465,465,590,890,890],"floor_reached":35,"playtime":1839,"items_purged":[],"score":531,"play_id":"32635cb4-ca66-419f-8b9c-abef6e3c550c","local_time":"20190627121712","is_ascension_mode":true,"campfire_choices":[{"floor":8,"key":"RECALL"},{"data":"Searing Blow+1","floor":15,"key":"SMITH"},{"floor":27,"key":"REST"},{"floor":30,"key":"REST"},{"data":"Demon Form","floor":32,"key":"SMITH"}],"neow_cost":"NONE","seed_source_timestamp":1244061865243395,"circlet_count":0,"master_deck":["Defend_R","Defend_R","Defend_R","Defend_R","Bash","Burning Pact","Havoc","Cleave+1","Double Tap","Reaper+1","Cleave+1","Injury","Searing Blow+2","Brutality","Shrug It Off","Inflame","Battle Trance","Blood for Blood+1","Pommel Strike+1","Fiend Fire+1","Warcry+1","Bite+1","Bite+1","Bite+1","Bite+1","Bite+1","Demon Form+1","Dark Embrace","Doubt","Shame","Normality"],"relics":["Burning Blood","NeowsBlessing","Lantern","Molten Egg 2","Ancient Tea Set","Potion Belt","Golden Idol","Tiny Chest","Bronze Scales","Lizard Tail","Bag of Marbles","Smiling Mask","Prayer Wheel","Vajra","Anchor","Calling Bell","Happy Flower","Mercury Hourglass","Old Coin"],"potions_floor_usage":[14,16,16,23,24,33,33],"damage_taken":[{"damage":0,"enemies":"Jaw Worm","floor":1,"turns":1},{"damage":0,"enemies":"2 Louse","floor":3,"turns":1},{"damage":0,"enemies":"Lagavulin","floor":6,"turns":1},{"damage":5,"enemies":"Small Slimes","floor":7,"turns":2},{"damage":31,"enemies":"3 Sentries","floor":10,"turns":6},{"damage":0,"enemies":"2 Fungi Beasts","floor":11,"turns":2},{"damage":14,"enemies":"Gremlin Nob","floor":14,"turns":3},{"damage":53,"enemies":"Hexaghost","floor":16,"turns":6},{"damage":28,"enemies":"Spheric Guardian","floor":18,"turns":4},{"damage":34,"enemies":"Shell Parasite","floor":20,"turns":3},{"damage":43,"enemies":"Centurion and Healer","floor":22,"turns":7},{"damage":24,"enemies":"Gremlin Leader","floor":23,"turns":6},{"damage":53,"enemies":"Shelled Parasite and Fungi","floor":24,"turns":5},{"damage":60,"enemies":"Book of Stabbing","floor":25,"turns":5},{"damage":6,"enemies":"3 Cultists","floor":28,"turns":2},{"damage":53,"enemies":"Gremlin Leader","floor":31,"turns":5},{"damage":54,"enemies":"Collector","floor":33,"turns":8},{"damage":70,"enemies":"3 Darklings","floor":35,"turns":4}],"seed_played":"1102779912591017059","potions_obtained":[{"floor":3,"key":"Ancient Potion"},{"floor":6,"key":"FearPotion"},{"floor":11,"key":"Fire Potion"},{"floor":14,"key":"Strength Potion"},{"floor":22,"key":"Weak Potion"},{"floor":23,"key":"Explosive Potion"},{"floor":31,"key":"EssenceOfSteel"}],"is_trial":false,"path_per_floor":["M","?","M","?","T","E","M","R","T","E","M","?","$","E","R","B",null,"M","$","M","?","M","E","M","E","T","R","M","?","R","E","R","B",null,"M"],"character_chosen":"IRONCLAD","items_purchased":["Tiny Chest","Bag of Marbles"],"campfire_rested":2,"item_purchase_floors":[13,19],"current_hp_per_floor":[80,80,80,77,77,80,80,80,80,55,71,71,71,63,63,26,80,63,63,42,68,56,62,16,14,14,38,38,38,54,34,34,16,56,0],"gold":890,"neow_bonus":"THREE_ENEMY_KILL","is_prod":false,"is_daily":false,"chose_seed":false,"campfire_upgraded":2,"win_rate":0,"timestamp":1561652232,"path_taken":["M","?","M","?","?","E","M","R","T","E","M","?","$","E","R","BOSS","M","$","M","?","M","E","M","E","T","R","M","?","R","E","R","BOSS","M"],"build_version":"2019-01-23","purchased_purges":0,"victory":false,"max_hp_per_floor":[80,80,80,80,80,80,80,80,80,80,80,80,80,80,80,80,80,80,80,80,80,80,80,80,80,80,80,80,56,56,56,56,56,56,56],"card_choices":[{"not_picked":["Twin Strike","Armaments"],"picked":"Burning Pact","floor":1},{"not_picked":["Combust","Blood for Blood"],"picked":"Havoc","floor":3},{"not_picked":["Body Slam+1","Dual Wield"],"picked":"Cleave+1","floor":6},{"not_picked":["Bloodletting","Body Slam+1"],"picked":"Double Tap","floor":7},{"not_picked":["Reckless Charge+1","Second Wind"],"picked":"Reaper+1","floor":10},{"not_picked":["Heavy Blade+1","Body Slam+1"],"picked":"Cleave+1","floor":11},{"not_picked":["Cleave+1","Bloodletting"],"picked":"Searing Blow+1","floor":14},{"not_picked":["Exhume","Juggernaut"],"picked":"Brutality","floor":16},{"not_picked":["Clothesline+1","Perfected Strike+1"],"picked":"Shrug It Off","floor":18},{"not_picked":["True Grit+1","Warcry"],"picked":"Inflame","floor":20},{"not_picked":["Disarm","Iron Wave+1"],"picked":"Battle Trance","floor":22},{"not_picked":["Intimidate","True Grit"],"picked":"Blood for Blood+1","floor":23},{"not_picked":["Sword Boomerang+1","Perfected Strike+1"],"picked":"Pommel Strike+1","floor":24},{"not_picked":["Havoc","Second Wind"],"picked":"Fiend Fire+1","floor":25},{"not_picked":["Perfected Strike+1","Burning Pact"],"picked":"Warcry+1","floor":28},{"not_picked":["Corruption","Armaments","True Grit"],"picked":"SKIP","floor":28},{"not_picked":["Pummel+1","Warcry+1"],"picked":"Demon Form","floor":31},{"not_picked":["Barricade","Brutality"],"picked":"Dark Embrace","floor":33}],"player_experience":231834,"relics_obtained":[{"floor":5,"key":"Molten Egg 2"},{"floor":6,"key":"Ancient Tea Set"},{"floor":10,"key":"Potion Belt"},{"floor":14,"key":"Bronze Scales"},{"floor":23,"key":"Smiling Mask"},{"floor":25,"key":"Prayer Wheel"},{"floor":26,"key":"Vajra"},{"floor":31,"key":"Anchor"},{"floor":34,"key":"Happy Flower"},{"floor":34,"key":"Mercury Hourglass"},{"floor":34,"key":"Old Coin"}],"event_choices":[{"damage_healed":0,"gold_gain":0,"player_choice":"Ignored","damage_taken":0,"max_hp_gain":0,"max_hp_loss":0,"event_name":"Shining Light","floor":2,"gold_loss":0},{"damage_healed":0,"gold_gain":0,"player_choice":"Success","damage_taken":3,"relics_obtained":["Lantern"],"max_hp_gain":0,"max_hp_loss":0,"event_name":"Scrap Ooze","floor":4,"gold_loss":0},{"damage_healed":0,"gold_gain":0,"player_choice":"Take Wound","damage_taken":0,"relics_obtained":["Golden Idol"],"max_hp_gain":0,"max_hp_loss":0,"event_name":"Golden Idol","floor":12,"gold_loss":0,"cards_obtained":["Injury"]},{"damage_healed":26,"gold_gain":0,"player_choice":"Heal","damage_taken":0,"max_hp_gain":0,"max_hp_loss":0,"event_name":"The Library","floor":21,"gold_loss":0},{"damage_healed":0,"gold_gain":0,"player_choice":"Became a vampire","damage_taken":0,"max_hp_gain":0,"max_hp_loss":24,"event_name":"Vampires","floor":29,"gold_loss":0,"cards_obtained":["Bite","Bite","Bite","Bite","Bite"]}],"is_beta":false,"boss_relics":[{"not_picked":["Cursed Key","Mark of Pain"],"picked":"Lizard Tail"},{"not_picked":["Velvet Choker","Fusion Hammer"],"picked":"Calling Bell"}],"items_purged_floors":[],"is_endless":false,"potions_floor_spawned":[3,6,11,14,22,23,31],"killed_by":"3 Darklings","ascension_level":1}