{"gold_per_floor":[115,127,127,139,154,182,182,192,265,265,282,247,276,351,351,446,446,465,465,34,45,55,84,102,102,102,158,175,175,203,214,214,214],"floor_reached":33,"playtime":2555,"items_purged":["Strike_G"],"score":319,"play_id":"c5dbbe41-0ef6-48e4-9dc2-763cc49acb15","local_time":"20190919103829","is_ascension_mode":false,"campfire_choices":[{"data":"Dodge and Roll","floor":7.0,"key":"SMITH"},{"data":"Neutralize","floor":10.0,"key":"SMITH"},{"data":"Footwork","floor":15.0,"key":"SMITH"},{"data":"Calculated Gamble","floor":25,"key":"SMITH"},{"data":"Tactician","floor":29,"key":"SMITH"},{"data":"Leg Sweep","floor":32,"key":"SMITH"}],"neow_cost":"TEN_PERCENT_HP_LOSS","seed_source_timestamp":0,"circlet_count":0,"master_deck":["Strike_G","Strike_G","Strike_G","Defend_G","Defend_G","Defend_G","Defend_G","Defend_G","Survivor","Neutralize+1","Deadly Poison","Dodge and Roll+1","Backstab","Backflip","Poisoned Stab","Dagger Throw","Footwork+1","PiercingWail","Unload","Caltrops","Deadly Poison","Tactician+1","Calculated Gamble+1","Dodge and Roll","Catalyst+1","Well Laid Plans","Leg Sweep+1"],"special_seed":0,"relics":["Ring of the Serpent","Tingsha","Oddly Smooth Stone","Kunai","Mango","Centennial Puzzle","Tough Bandages","Peace Pipe","Gremlin Horn","Tiny Chest","StoneCalendar"],"potions_floor_usage":[30,31,33],"damage_taken":[{"damage":2.0,"enemies":"Small Slimes","floor":1.0,"turns":5.0},{"damage":0.0,"enemies":"2 Louse","floor":2.0,"turns":2.0},{"damage":0.0,"enemies":"Cultist","floor":4.0,"turns":4.0},{"damage":0.0,"enemies":"2 Fungi Beasts","floor":5.0,"turns":4.0},{"damage":13.0,"enemies":"Lagavulin","floor":6.0,"turns":7.0},{"damage":0.0,"enemies":"Large Slime","floor":8.0,"turns":6.0},{"damage":0.0,"enemies":"3 Louse","floor":11.0,"turns":2.0},{"damage":6.0,"enemies":"3 Sentries","floor":13.0,"turns":7.0},{"damage":24.0,"enemies":"Hexaghost","floor":16.0,"turns":11.0},{"damage":0.0,"enemies":"Shell Parasite","floor":18.0,"turns":7.0},{"damage":0,"enemies":"Chosen","floor":21,"turns":4},{"damage":0,"enemies":"Snecko","floor":22,"turns":4},{"damage":5,"enemies":"Book of Stabbing","floor":23,"turns":6},{"damage":3,"enemies":"Centurion and Healer","floor":24,"turns":6},{"damage":27,"enemies":"Gremlin Leader","floor":27,"turns":8},{"damage":0,"enemies":"Snake Plant","floor":28,"turns":4},{"damage":3,"enemies":"Slavers","floor":30,"turns":5},{"damage":8,"enemies":"Sentry and Sphere","floor":31,"turns":5},{"damage":52,"enemies":"Champ","floor":33,"turns":12}],"seed_played":"3333554298785021572","potions_obtained":[{"floor":1.0,"key":"DuplicationPotion"},{"floor":5.0,"key":"DuplicationPotion"},{"floor":13.0,"key":"LiquidBronze"},{"floor":16.0,"key":"Fire Potion"},{"floor":24,"key":"Strength Potion"},{"floor":28,"key":"PowerPotion"},{"floor":30,"key":"Regen Potion"},{"floor":31,"key":"SkillPotion"}],"is_trial":false,"path_per_floor":["M","M","?","M","M","E","R","M","T","R","M","?","E","?","R","B",null,"M","?","$","M","M","E","M","R","T","E","M","R","E","M","R","B"],"character_chosen":"THE_SILENT","items_purchased":["Tough Bandages","Deadly Poison"],"campfire_rested":0,"item_purchase_floors":[20,20],"current_hp_per_floor":[61,61,54,54,54,41,41,41,41,41,41,56,64,53,53,29,77,77,77,77,77,77,72,69,69,69,42,42,42,39,46,46,0],"gold":214,"neow_bonus":"ONE_RARE_RELIC","is_prod":false,"is_daily":false,"chose_seed":false,"campfire_upgraded":6,"win_rate":0,"timestamp":1568907509,"path_taken":["M","M","?","M","M","E","R","M","T","R","M","?","E","?","R","BOSS","M","?","$","M","M","E","M","R","T","E","M","R","E","M","R","BOSS"],"build_version":"2019-09-18","purchased_purges":1,"victory":false,"max_hp_per_floor":[63,63,63,63,63,63,63,63,63,63,63,63,77,77,77,77,77,77,77,77,77,77,77,77,77,77,77,77,77,77,77,77,77],"card_choices":[{"not_picked":["Catalyst","Terror"],"picked":"Deadly Poison","floor":1.0},{"not_picked":["PiercingWail","Sucker Punch"],"picked":"Dodge and Roll","floor":2.0},{"not_picked":["Dodge and Roll","Masterful Stab"],"picked":"Backstab","floor":4.0},{"not_picked":["Flying Knee","Sucker Punch"],"picked":"Backflip","floor":5.0},{"not_picked":["Caltrops","Slice"],"picked":"Poisoned Stab","floor":6.0},{"not_picked":["Expertise","Slice"],"picked":"Dagger Throw","floor":8.0},{"not_picked":["Deflect","Deadly Poison"],"picked":"Footwork","floor":11.0},{"not_picked":["Distraction","Slice"],"picked":"PiercingWail","floor":13.0},{"not_picked":["Doppelganger","Bullet Time"],"picked":"Unload","floor":16.0},{"not_picked":["Slice","Poisoned Stab"],"picked":"Caltrops","floor":18.0},{"not_picked":["Slice","Backflip","Dagger Throw"],"picked":"SKIP","floor":21},{"not_picked":["Blade Dance","Masterful Stab","Backflip"],"picked":"SKIP","floor":22},{"not_picked":["Reflex","Bullet Time"],"picked":"Tactician","floor":23},{"not_picked":["Dagger Spray+1","Eviscerate"],"picked":"Calculated Gamble","floor":24},{"not_picked":["Noxious Fumes","Endless Agony"],"picked":"Dodge and Roll","floor":27},{"not_picked":["Blade Dance+1","Poisoned Stab"],"picked":"Catalyst+1","floor":28},{"not_picked":["Infinite Blades","Quick Slash"],"picked":"Well Laid Plans","floor":30},{"not_picked":["Dagger Spray","Well Laid Plans+1"],"picked":"Leg Sweep","floor":31}],"player_experience":299792,"relics_obtained":[{"floor":6.0,"key":"Oddly Smooth Stone"},{"floor":9.0,"key":"Kunai"},{"floor":13.0,"key":"Mango"},{"floor":23,"key":"Peace Pipe"},{"floor":26,"key":"Gremlin Horn"},{"floor":27,"key":"Tiny Chest"},{"floor":30,"key":"StoneCalendar"}],"event_choices":[{"cards_removed":["Strike_G"],"damage_healed":0.0,"max_hp_gain":0.0,"max_hp_loss":0.0,"gold_gain":0.0,"event_name":"Golden Wing","player_choice":"Card Removal","floor":3.0,"gold_loss":0.0,"damage_taken":7.0},{"damage_healed":15.0,"max_hp_gain":0.0,"max_hp_loss":0.0,"gold_gain":0.0,"event_name":"The Cleric","player_choice":"Healed","floor":12.0,"gold_loss":35.0,"damage_taken":0.0},{"damage_healed":0.0,"max_hp_gain":0.0,"max_hp_loss":0.0,"gold_gain":75.0,"event_name":"World of Goop","player_choice":"Gather Gold","floor":14.0,"gold_loss":0.0,"damage_taken":11.0},{"damage_healed":0.0,"max_hp_gain":0.0,"max_hp_loss":0.0,"gold_gain":0.0,"event_name":"WeMeetAgain","player_choice":"Gave Potion","floor":19.0,"gold_loss":0.0,"damage_taken":0.0,"relics_obtained":["Centennial Puzzle"]}],"is_beta":true,"boss_relics":[{"not_picked":["Cursed Key","Fusion Hammer"],"picked":"Ring of the Serpent"}],"items_purged_floors":[20],"is_endless":false,"potions_floor_spawned":[1,5,13,16,24,28,30,31],"killed_by":"Champ","ascension_level":0}