{"gold_per_floor":[139,169,169,201,8,41,41,75,100,150,150,23,23,110,110,210,210,230,230,230,230,25,70,91,109,141,141,300,335,335,374,374,484,493,520,242,342,342,93,93,93,135,144,153,70,138,138,19,19,19],"floor_reached":51,"playtime":3948,"items_purged":["Regret","Strike_G","Shame","Parasite"],"score":1315,"play_id":"aae22b4c-743d-4d4c-a397-e3c1f663c3c2","local_time":"20191015205241","is_ascension_mode":true,"campfire_choices":[{"floor":7,"key":"REST"},{"data":"HandOfGreed","floor":11,"key":"SMITH"},{"data":"Burst","floor":13,"key":"SMITH"},{"data":"Deadly Poison","floor":15,"key":"SMITH"},{"data":"Ghostly","floor":27,"key":"SMITH"},{"data":"Bouncing Flask","floor":30,"key":"SMITH"},{"data":"Catalyst","floor":32,"key":"SMITH"},{"data":"Well Laid Plans","floor":40,"key":"SMITH"},{"data":"Calculated Gamble","floor":47,"key":"SMITH"},{"data":"Burst","floor":49,"key":"SMITH"}],"neow_cost":"TEN_PERCENT_HP_LOSS","seed_source_timestamp":367107831856000,"circlet_count":0,"master_deck":["Defend_G","Defend_G","Defend_G","Defend_G","Defend_G","Survivor","Neutralize","HandOfGreed+1","Dash","Deflect","Cloak And Dagger","PiercingWail","Sucker Punch","Dagger Throw","Burst+1","Bane","Deadly Poison+1","Dagger Spray","Glass Knife","Backflip","Dodge and Roll","Ghostly+1","Ghostly","Ghostly","Ghostly+1","Ghostly+1","Prepared","Bouncing Flask+1","After Image","Poisoned Stab","Catalyst+1","Doppelganger","CurseOfTheBell","Backflip","Blur","Calculated Gamble+1","Well Laid Plans+1","Burst+1","Setup","Blur+1","Clumsy","Setup","Panache","Acrobatics+1","Noxious Fumes","Prepared"],"relics":["Ring of the Snake","Lantern","Membership Card","Art of War","Juzu Bracelet","Snake Skull","Lee\u0027s Waffle","Cursed Key","WarpedTongs","TwistedFunnel","CeramicFish","Orichalcum","Thread and Needle","Mummified Hand","War Paint","Gambling Chip","Calling Bell","Bag of Marbles","Meat on the Bone","Ginger","FossilizedHelix","Pocketwatch","Kunai","Shuriken","Mango","Boot"],"potions_floor_usage":[10,14,28,33,50,50],"damage_taken":[{"damage":6,"enemies":"Jaw Worm","floor":1,"turns":5},{"damage":0,"enemies":"Small Slimes","floor":2,"turns":4},{"damage":5,"enemies":"Cultist","floor":4,"turns":4},{"damage":33,"enemies":"Lagavulin","floor":6,"turns":8},{"damage":0,"enemies":"Blue Slaver","floor":8,"turns":3},{"damage":17,"enemies":"3 Sentries","floor":10,"turns":9},{"damage":0,"enemies":"Lots of Slimes","floor":14,"turns":11},{"damage":53,"enemies":"Slime Boss","floor":16,"turns":13},{"damage":0,"enemies":"Chosen","floor":18,"turns":4},{"damage":0,"enemies":"3 Byrds","floor":24,"turns":4},{"damage":0,"enemies":"Colosseum Slavers","floor":28,"turns":4},{"damage":0,"enemies":"Colosseum Nobs","floor":28,"turns":8},{"damage":0,"enemies":"Gremlin Leader","floor":31,"turns":5},{"damage":1,"enemies":"Champ","floor":33,"turns":13},{"damage":0,"enemies":"Orb Walker","floor":35,"turns":1},{"damage":0,"enemies":"Mind Bloom Boss Battle","floor":37,"turns":4},{"damage":0,"enemies":"Reptomancer","floor":42,"turns":5},{"damage":0,"enemies":"Nemesis","floor":46,"turns":7},{"damage":0,"enemies":"Donu and Deca","floor":50,"turns":13}],"seed_played":"2516633155351309171","potions_obtained":[{"floor":6,"key":"SteroidPotion"},{"floor":10,"key":"SkillPotion"},{"floor":14,"key":"Dexterity Potion"},{"floor":24,"key":"LiquidMemories"},{"floor":33,"key":"GamblersBrew"},{"floor":41,"key":"FairyPotion"},{"floor":41,"key":"Ancient Potion"}],"is_trial":false,"path_per_floor":["M","M","?","M","$","E","R","M","T","E","R","$","R","M","R","B",null,"M","?","?","?","$","?","M","?","T","R","?","T","R","E","R","B",null,"M","$","?","?","$","R","?","E","T","?","$","E","R","$","R","B",null],"character_chosen":"THE_SILENT","items_purchased":["Membership Card","PiercingWail","Lee\u0027s Waffle","Bane","Deadly Poison","TwistedFunnel","CeramicFish","Dodge and Roll","FossilizedHelix","Blur","Calculated Gamble","Well Laid Plans","Burst","Setup","Kunai","Panache","Noxious Fumes","Prepared"],"campfire_rested":1,"item_purchase_floors":[5,5,12,12,12,22,22,22,36,36,36,39,39,39,39,45,48,48],"current_hp_per_floor":[57,57,57,52,52,19,37,37,37,20,20,70,70,70,70,17,57,57,57,57,57,57,35,35,35,35,35,35,35,35,35,35,34,35,35,35,35,33,33,33,33,33,47,47,47,47,47,44,44,44],"gold":19,"neow_bonus":"RANDOM_COLORLESS_2","is_prod":false,"is_daily":false,"chose_seed":false,"campfire_upgraded":9,"win_rate":0,"timestamp":1571190761,"path_taken":["M","M","?","M","$","E","R","M","T","E","R","$","R","M","R","BOSS","M","?","?","?","$","?","M","?","T","R","?","?","R","E","R","BOSS","M","?","?","?","$","R","?","E","T","?","?","E","R","$","R","BOSS"],"build_version":"2019-10-15","purchased_purges":4,"victory":true,"max_hp_per_floor":[63,63,63,63,63,63,63,63,63,63,63,70,70,70,70,70,70,70,70,70,70,70,35,35,35,35,35,35,35,35,35,35,35,35,35,35,35,33,33,33,33,33,47,47,47,47,47,44,44,44],"card_choices":[{"not_picked":["The Bomb","Metamorphosis"],"picked":"HandOfGreed","floor":0},{"not_picked":["Expertise","Choke"],"picked":"Dash","floor":1},{"not_picked":["Endless Agony","Prepared"],"picked":"Deflect","floor":2},{"not_picked":["Quick Slash","Infinite Blades"],"picked":"Cloak And Dagger","floor":4},{"not_picked":["Calculated Gamble","Dodge and Roll"],"picked":"Sucker Punch","floor":6},{"not_picked":["Expertise","Dodge and Roll"],"picked":"Dagger Throw","floor":8},{"not_picked":["Dodge and Roll","Underhanded Strike"],"picked":"Burst","floor":10},{"not_picked":["Expertise","Masterful Stab"],"picked":"Dagger Spray","floor":14},{"not_picked":["Storm of Steel","Phantasmal Killer"],"picked":"Glass Knife","floor":16},{"not_picked":["Choke","Cloak And Dagger"],"picked":"Backflip","floor":18},{"not_picked":["Backflip","Blade Dance"],"picked":"Prepared","floor":24},{"not_picked":["Outmaneuver","Dodge and Roll"],"picked":"Poisoned Stab","floor":28},{"not_picked":["Dagger Throw","Calculated Gamble"],"picked":"Catalyst","floor":31},{"not_picked":["Glass Knife","Phantasmal Killer"],"picked":"Doppelganger","floor":33},{"not_picked":["Quick Slash","Bane+1"],"picked":"Backflip","floor":35},{"not_picked":["Backstab+1","Flying Knee"],"picked":"Blur+1","floor":42},{"not_picked":["Bane","Envenom"],"picked":"Acrobatics+1","floor":46}],"player_experience":513703,"relics_obtained":[{"floor":6,"key":"Art of War"},{"floor":9,"key":"Juzu Bracelet"},{"floor":10,"key":"Snake Skull"},{"floor":26,"key":"Orichalcum"},{"floor":28,"key":"Thread and Needle"},{"floor":28,"key":"Mummified Hand"},{"floor":29,"key":"War Paint"},{"floor":31,"key":"Gambling Chip"},{"floor":34,"key":"Bag of Marbles"},{"floor":34,"key":"Meat on the Bone"},{"floor":34,"key":"Ginger"},{"floor":37,"key":"Pocketwatch"},{"floor":42,"key":"Shuriken"},{"floor":43,"key":"Mango"},{"floor":46,"key":"Boot"}],"event_choices":[{"damage_healed":0,"gold_gain":0,"player_choice":"Box","damage_taken":0,"relics_obtained":["Lantern"],"max_hp_gain":0,"max_hp_loss":0,"event_name":"Big Fish","floor":3,"gold_loss":0,"cards_obtained":["Regret"]},{"damage_healed":0,"gold_gain":0,"player_choice":"Rummage","damage_taken":0,"relics_obtained":["WarpedTongs"],"max_hp_gain":0,"max_hp_loss":0,"event_name":"Accursed Blacksmith","floor":19,"gold_loss":0,"cards_obtained":["Pain"]},{"cards_removed":["Pain"],"damage_healed":0,"gold_gain":0,"player_choice":"Elegance","damage_taken":0,"max_hp_gain":0,"max_hp_loss":0,"event_name":"Back to Basics","floor":20,"gold_loss":0},{"cards_removed":["Strike_G"],"damage_healed":0,"gold_gain":0,"player_choice":"Purged","damage_taken":0,"max_hp_gain":0,"max_hp_loss":0,"event_name":"Purifier","floor":21,"gold_loss":0},{"damage_healed":0,"gold_gain":0,"player_choice":"Became a Ghost","damage_taken":0,"max_hp_gain":0,"max_hp_loss":35,"event_name":"Ghosts","floor":23,"gold_loss":0,"cards_obtained":["Ghostly","Ghostly","Ghostly","Ghostly","Ghostly"]},{"damage_healed":0,"gold_gain":0,"cards_transformed":["Strike_G","Strike_G"],"player_choice":"Became Test Subject","damage_taken":0,"max_hp_gain":0,"max_hp_loss":0,"event_name":"Drug Dealer","floor":25,"gold_loss":0,"cards_obtained":["Bouncing Flask","After Image"]},{"damage_healed":0,"gold_gain":0,"player_choice":"Fight","damage_taken":0,"max_hp_gain":0,"max_hp_loss":0,"event_name":"Colosseum","floor":28,"gold_loss":0},{"damage_healed":0,"gold_gain":0,"player_choice":"Fought Nobs","damage_taken":0,"max_hp_gain":0,"max_hp_loss":0,"event_name":"Colosseum","floor":28,"gold_loss":0},{"damage_healed":0,"gold_gain":0,"player_choice":"Fight","damage_taken":0,"max_hp_gain":0,"max_hp_loss":0,"event_name":"MindBloom","floor":37,"gold_loss":0},{"damage_healed":0,"gold_gain":0,"player_choice":"Max HP","damage_taken":0,"max_hp_gain":0,"max_hp_loss":2,"event_name":"Winding Halls","floor":38,"gold_loss":0},{"damage_healed":0,"gold_gain":0,"player_choice":"Got Potions","damage_taken":0,"max_hp_gain":0,"max_hp_loss":0,"event_name":"Lab","floor":41,"gold_loss":0},{"damage_healed":0,"gold_gain":0,"cards_transformed":["Strike_G"],"player_choice":"Transformed","damage_taken":0,"max_hp_gain":0,"max_hp_loss":0,"event_name":"Transmorgrifier","floor":44,"gold_loss":0,"cards_obtained":["Setup"]}],"is_beta":true,"boss_relics":[{"not_picked":["WristBlade","Tiny House"],"picked":"Cursed Key"},{"not_picked":["Ring of the Serpent","Busted Crown"],"picked":"Calling Bell"}],"items_purged_floors":[5,22,36,48],"is_endless":false,"potions_floor_spawned":[6,10,14,24,33,42],"ascension_level":9}