{"path_per_floor":["M","?","M","M","M","E","?","?","T","M","R","M","M","$","R","B",null,"M","?","?","M","M"],"character_chosen":"THE_SILENT","items_purchased":["Acrobatics","War Paint"],"gold_per_floor":[117,292,311,327,341,375,375,450,450,462,462,477,494,228,228,332,332,346,346,346,362,372],"floor_reached":23,"campfire_rested":2,"playtime":2208,"current_hp_per_floor":[63,63,63,63,63,32,29,18,32,31,54,52,39,39,62,41,77,75,59,59,41,24],"items_purged":["Doubt"],"gold":372,"score":195,"play_id":"94769b14-298c-4085-8229-b4547acb7e02","local_time":"20180308090210","is_prod":false,"is_daily":false,"is_ascension_mode":false,"campfire_upgraded":0,"timestamp":1520517730,"path_taken":["M","?","?","M","M","E","?","?","T","?","R","?","M","$","R","BOSS","M","?","?","?","M","E"],"build_version":"2018-03-01-PROD1","purchased_purges":1,"victory":false,"master_deck":["Defend_G","Defend_G+1","Defend_G","Defend_G","Defend_G","Strike_G","Strike_G","Strike_G","Strike_G","Strike_G","Survivor","Neutralize","Deadly Poison","Reflex","Dagger Throw","Backflip","Acrobatics+1","Die Die Die","Quick Slash","Necronomicurse","Prepared"],"max_hp_per_floor":[63,63,63,63,63,63,63,63,77,77,77,77,77,77,77,77,77,77,77,77,77,77],"relics":["Ring of the Snake","Tingsha","Meat on the Bone","Bronze Scales","Mango","War Paint","Black Star","Necronomicon","Omamori"],"card_choices":[{"not_picked":["Expertise","Underhanded Strike"],"picked":"Deadly Poison"},{"not_picked":["Finisher","Well Laid Plans"],"picked":"Reflex"},{"not_picked":["All Out Attack","Dodge and Roll"],"picked":"Dagger Throw"},{"not_picked":["Heel Hook","Underhanded Strike"],"picked":"Backflip"},{"not_picked":["Night Terror","Glass Knife"],"picked":"Die Die Die"},{"not_picked":["Malaise","Masterful Stab"],"picked":"Quick Slash"},{"not_picked":["Flechettes","PiercingWail"],"picked":"Prepared"}],"player_experience":48986,"potions_floor_usage":[22,23],"damage_taken":[{"damage":0,"enemies":"Jaw Worm","floor":1,"turns":5},{"damage":0,"enemies":"Small Slimes","floor":3,"turns":4},{"damage":0,"enemies":"Cultist","floor":4,"turns":4},{"damage":0,"enemies":"Red Slaver","floor":5,"turns":5},{"damage":31,"enemies":"3 Sentries","floor":6,"turns":15},{"damage":13,"enemies":"3 Louse","floor":10,"turns":3},{"damage":2,"enemies":"Blue Slaver","floor":12,"turns":4},{"damage":13,"enemies":"Lots of Slimes","floor":13,"turns":4},{"damage":33,"enemies":"The Guardian","floor":16,"turns":12},{"damage":2,"enemies":"Shell Parasite","floor":18,"turns":6},{"damage":18,"enemies":"3 Byrds","floor":21,"turns":3},{"damage":29,"enemies":"Snecko","floor":22,"turns":7},{"damage":34,"enemies":"Gremlin Leader","floor":23,"turns":7}],"event_choices":[{"event_name":"Liars Game","player_choice":"agreed","floor":2,"damage_taken":0},{"event_name":"Scrap Ooze","player_choice":"success","floor":7,"damage_taken":3},{"event_name":"World of Goop","player_choice":"Gather Gold","floor":8,"damage_taken":0},{"event_name":"Cursed Tome","player_choice":"Obtained Book","floor":19,"damage_taken":0},{"event_name":"The Mausoleum","player_choice":"Yes","floor":20,"damage_taken":0}],"boss_relics":[{"not_picked":["Tiny House","Astrolabe"],"picked":"Black Star"}],"potions_floor_spawned":[4,5,6,13,16,18],"seed_played":"-6887099045706930335","killed_by":"Gremlin Leader","ascension_level":0,"is_trial":false}