{"gold_per_floor":[110,130,130,130,142,170,185,150,150,179,179,194,221,236,236,236],"floor_reached":16,"playtime":754,"items_purged":[],"score":146,"play_id":"166cf6f0-2857-45d6-8c77-ed5888b111b5","local_time":"20190705212756","is_ascension_mode":true,"campfire_choices":[{"floor":15,"key":"REST"}],"neow_cost":"NONE","seed_source_timestamp":1969374068761046,"circlet_count":0,"master_deck":["Strike_G","Strike_G","Strike_G","Strike_G","Strike_G","Defend_G","Defend_G","Defend_G+1","Defend_G","Survivor+1","Neutralize","Predator","Dagger Spray","Blur","Blur","Footwork","Poisoned Stab","PiercingWail","After Image","Backflip"],"special_seed":0,"relics":["Ring of the Snake","War Paint","Sundial","Bronze Scales","Omamori","Bag of Marbles"],"potions_floor_usage":[13,13,16],"damage_taken":[{"damage":0.0,"enemies":"Small Slimes","floor":1.0,"turns":3.0},{"damage":0,"enemies":"2 Louse","floor":2,"turns":2},{"damage":0,"enemies":"Cultist","floor":5,"turns":4},{"damage":50,"enemies":"Lagavulin","floor":6,"turns":8},{"damage":2,"enemies":"Looter","floor":7,"turns":4},{"damage":15,"enemies":"3 Sentries","floor":10,"turns":7},{"damage":4,"enemies":"3 Louse","floor":12,"turns":3},{"damage":18,"enemies":"Lagavulin","floor":13,"turns":6},{"damage":22,"enemies":"Gremlin Gang","floor":14,"turns":5},{"damage":16,"enemies":"Slime Boss","floor":16,"turns":6}],"seed_played":"-4149197435035455830","potions_obtained":[{"floor":1.0,"key":"FearPotion"},{"floor":6,"key":"GhostInAJar"},{"floor":12,"key":"Regen Potion"}],"is_trial":false,"path_per_floor":["M","M","?","?","M","E","M","?","T","E","?","M","E","M","R","B"],"character_chosen":"THE_SILENT","items_purchased":[],"campfire_rested":1,"item_purchase_floors":[],"current_hp_per_floor":[77,77,74,79,79,29,27,47,47,32,32,28,25,3,27,11],"gold":236,"neow_bonus":"TEN_PERCENT_HP_BONUS","is_prod":false,"is_daily":false,"chose_seed":false,"campfire_upgraded":0,"win_rate":0,"timestamp":1562376476,"path_taken":["M","M","?","?","M","E","M","?","T","E","?","M","E","?","R","BOSS"],"build_version":"2019-07-05","purchased_purges":0,"victory":false,"max_hp_per_floor":[77,77,77,82,82,82,82,82,82,82,82,82,82,82,82,82],"card_choices":[{"not_picked":["Outmaneuver","Poisoned Stab"],"picked":"Predator","floor":1.0},{"not_picked":["Masterful Stab","Bane"],"picked":"Dagger Spray","floor":2},{"not_picked":["Predator","Deadly Poison"],"picked":"Blur","floor":5},{"not_picked":["Sucker Punch","Dagger Spray"],"picked":"Blur","floor":6},{"not_picked":["Flying Knee","Backflip"],"picked":"Footwork","floor":7},{"not_picked":["Concentrate","Underhanded Strike"],"picked":"Poisoned Stab","floor":10},{"not_picked":["Deadly Poison","Blade Dance"],"picked":"PiercingWail","floor":12},{"not_picked":["Eviscerate","Underhanded Strike"],"picked":"After Image","floor":13},{"not_picked":["Prepared","Blade Dance"],"picked":"Backflip","floor":14}],"player_experience":358765,"relics_obtained":[{"floor":6,"key":"Sundial"},{"floor":9,"key":"Bronze Scales"},{"floor":10,"key":"Omamori"},{"floor":13,"key":"Bag of Marbles"}],"event_choices":[{"damage_healed":0,"gold_gain":0,"player_choice":"Success","damage_taken":3,"relics_obtained":["War Paint"],"max_hp_gain":0,"max_hp_loss":0,"event_name":"Scrap Ooze","floor":3,"gold_loss":0},{"damage_healed":0,"gold_gain":0,"player_choice":"Donut","damage_taken":0,"max_hp_gain":5,"max_hp_loss":0,"event_name":"Big Fish","floor":4,"gold_loss":0},{"damage_healed":20,"gold_gain":0,"player_choice":"Healed","damage_taken":0,"max_hp_gain":0,"max_hp_loss":0,"event_name":"The Cleric","floor":8,"gold_loss":35},{"cards_removed":["Defend_G"],"damage_healed":0,"gold_gain":0,"player_choice":"Card Removal","damage_taken":0,"max_hp_gain":0,"max_hp_loss":0,"event_name":"Wheel of Change","floor":11,"gold_loss":0}],"is_beta":false,"boss_relics":[],"items_purged_floors":[],"is_endless":false,"potions_floor_spawned":[1,6,12],"killed_by":"Slime Boss","ascension_level":4}