{"gold_per_floor":[119,129,204,217,235,266,266,292,292,323,323,343,343,356,356,356],"floor_reached":16,"playtime":710,"items_purged":[],"score":146,"play_id":"708e56f9-e92e-4cff-b7a3-da81cab15ad3","local_time":"20190703124624","is_ascension_mode":true,"campfire_choices":[{"floor":7,"key":"REST"},{"floor":13,"key":"REST"},{"data":"Storm","floor":15,"key":"SMITH"}],"neow_cost":"NONE","seed_source_timestamp":1765342189778959,"circlet_count":0,"master_deck":["Strike_B","Strike_B","Strike_B","Strike_B","Defend_B","Defend_B","Defend_B","Defend_B","Zap","Dualcast","Rebound","Barrage","Gash","Storm+1","White Noise","Coolheaded","Defragment","Parasite","Hello World","Biased Cognition","Creative AI"],"relics":["Cracked Core","Strawberry","Prayer Wheel","Girya","Molten Egg 2"],"potions_floor_usage":[6,12],"damage_taken":[{"damage":1,"enemies":"Jaw Worm","floor":1,"turns":4},{"damage":0,"enemies":"2 Louse","floor":2,"turns":2},{"damage":1,"enemies":"Cultist","floor":4,"turns":3},{"damage":8,"enemies":"Red Slaver","floor":5,"turns":3},{"damage":30,"enemies":"Lagavulin","floor":6,"turns":7},{"damage":41,"enemies":"Gremlin Nob","floor":8,"turns":5},{"damage":31,"enemies":"Lagavulin","floor":10,"turns":6},{"damage":7,"enemies":"Exordium Wildlife","floor":12,"turns":3},{"damage":7,"enemies":"Large Slime","floor":14,"turns":5},{"damage":44,"enemies":"The Guardian","floor":16,"turns":5}],"seed_played":"-3538066244512751894","potions_obtained":[{"floor":1,"key":"Energy Potion"},{"floor":5,"key":"Regen Potion"},{"floor":8,"key":"Explosive Potion"},{"floor":14,"key":"SteroidPotion"}],"is_trial":false,"path_per_floor":["M","M","?","M","M","E","R","E","T","E","?","M","R","M","R","B"],"character_chosen":"DEFECT","items_purchased":[],"campfire_rested":2,"item_purchase_floors":[],"current_hp_per_floor":[81,81,70,69,61,50,76,35,35,4,26,19,45,38,38,0],"gold":356,"neow_bonus":"TEN_PERCENT_HP_BONUS","is_prod":false,"is_daily":false,"chose_seed":false,"campfire_upgraded":1,"win_rate":0,"timestamp":1562172384,"path_taken":["M","M","?","M","M","E","R","E","T","E","?","M","R","M","R","BOSS"],"build_version":"2019-07-01","purchased_purges":0,"victory":false,"max_hp_per_floor":[82,82,82,82,82,89,89,89,89,89,89,89,89,89,89,89],"card_choices":[{"not_picked":["Turbo","Leap"],"picked":"Rebound","floor":1},{"not_picked":["Aggregate","Beam Cell"],"picked":"Barrage","floor":2},{"not_picked":["Stack","Heatsinks"],"picked":"Gash","floor":4},{"not_picked":["Stack","BootSequence"],"picked":"Storm","floor":5},{"not_picked":["Streamline","Sweeping Beam"],"picked":"White Noise","floor":6},{"not_picked":["Recycle","Steam"],"picked":"Coolheaded","floor":8},{"not_picked":["Reprogram","Gash"],"picked":"Defragment","floor":10},{"not_picked":["Redo","Skim"],"picked":"Hello World","floor":12},{"not_picked":["Go for the Eyes+1","Ball Lightning+1"],"picked":"Biased Cognition","floor":12},{"not_picked":["Self Repair","Steam"],"picked":"Creative AI","floor":14},{"not_picked":["Redo","Darkness","Steam"],"picked":"SKIP","floor":14},{"not_picked":["Redo","Darkness","Steam"],"picked":"SKIP","floor":14}],"player_experience":345371,"relics_obtained":[{"floor":6,"key":"Strawberry"},{"floor":8,"key":"Prayer Wheel"},{"floor":9,"key":"Girya"},{"floor":10,"key":"Molten Egg 2"}],"event_choices":[{"damage_healed":0,"gold_gain":75,"player_choice":"Gather Gold","damage_taken":11,"max_hp_gain":0,"max_hp_loss":0,"event_name":"World of Goop","floor":3,"gold_loss":0},{"damage_healed":22,"gold_gain":0,"player_choice":"Healed and dodged fight","damage_taken":0,"max_hp_gain":0,"max_hp_loss":0,"event_name":"Mushrooms","floor":11,"gold_loss":0,"cards_obtained":["Parasite"]}],"is_beta":false,"boss_relics":[],"items_purged_floors":[],"is_endless":false,"potions_floor_spawned":[1,5,8,14],"killed_by":"The Guardian","ascension_level":4}