{"gold_per_floor":[116,131,146,146,162,190,190,224,224,224],"floor_reached":10,"playtime":652,"items_purged":[],"score":90,"play_id":"b08a9dea-d9e8-42f5-95f8-cfa86d0e1dc8","local_time":"20190630085723","is_ascension_mode":true,"campfire_choices":[{"floor":7,"key":"REST"}],"neow_cost":"NONE","seed_source_timestamp":1492458565807483,"circlet_count":0,"master_deck":["Defend_G","Defend_G","Defend_G","Defend_G","Defend_G","Strike_G","Strike_G","Strike_G","Strike_G","Strike_G","Survivor","Neutralize","Poisoned Stab","Bouncing Flask","PiercingWail","Endless Agony","Dodge and Roll"],"relics":["Ring of the Snake","Kunai","Frozen Egg 2","Bottled Lightning","Question Card"],"potions_floor_usage":[6,8],"damage_taken":[{"damage":0,"enemies":"Jaw Worm","floor":1,"turns":6},{"damage":0,"enemies":"Cultist","floor":2,"turns":3},{"damage":0,"enemies":"2 Louse","floor":3,"turns":2},{"damage":14,"enemies":"Large Slime","floor":5,"turns":6},{"damage":32,"enemies":"Gremlin Nob","floor":6,"turns":5},{"damage":28,"enemies":"Lagavulin","floor":8,"turns":6},{"damage":18,"enemies":"3 Sentries","floor":10,"turns":5}],"seed_played":"2749298527120424754","potions_obtained":[{"floor":2,"key":"SkillPotion"},{"floor":3,"key":"GamblersBrew"},{"floor":6,"key":"AttackPotion"}],"is_trial":false,"path_per_floor":["M","M","M","?","M","E","R","E","T","E"],"character_chosen":"THE_SILENT","items_purchased":[],"campfire_rested":1,"item_purchase_floors":[],"current_hp_per_floor":[77,77,77,77,63,31,54,26,26,8],"gold":224,"neow_bonus":"TEN_PERCENT_HP_BONUS","is_prod":false,"is_daily":false,"chose_seed":false,"campfire_upgraded":0,"win_rate":0,"timestamp":1561899443,"path_taken":["M","M","M","?","M","E","R","E","T","E"],"build_version":"2019-01-23","purchased_purges":0,"victory":false,"max_hp_per_floor":[77,77,77,77,77,77,77,77,77,77],"card_choices":[{"not_picked":["Outmaneuver","Endless Agony"],"picked":"Poisoned Stab","floor":1},{"not_picked":["Deadly Poison","All Out Attack"],"picked":"Bouncing Flask","floor":2},{"not_picked":["All Out Attack","Dodge and Roll"],"picked":"PiercingWail","floor":3},{"not_picked":["Finisher","Outmaneuver"],"picked":"Endless Agony","floor":5},{"not_picked":["Flechettes","Deflect","Slice"],"picked":"SKIP","floor":6},{"not_picked":["Blur","Predator"],"picked":"Dodge and Roll","floor":8}],"player_experience":309918,"relics_obtained":[{"floor":4,"key":"Kunai"},{"floor":6,"key":"Frozen Egg 2"},{"floor":8,"key":"Bottled Lightning"},{"floor":9,"key":"Question Card"}],"event_choices":[{"damage_healed":0,"gold_gain":0,"player_choice":"Relic","damage_taken":0,"max_hp_gain":0,"max_hp_loss":0,"event_name":"Wheel of Change","floor":4,"gold_loss":0}],"is_beta":false,"boss_relics":[],"items_purged_floors":[],"is_endless":false,"potions_floor_spawned":[2,3,6],"killed_by":"3 Sentries","ascension_level":3}