{"gold_per_floor":[118,134,149,166,166,197,207,28,28,28],"floor_reached":10,"playtime":389,"items_purged":[],"score":77,"play_id":"72b91870-5296-4033-aa06-9838c2e9f229","local_time":"20190627183901","is_ascension_mode":true,"campfire_choices":[],"neow_cost":"NONE","seed_source_timestamp":1268423570159833,"circlet_count":0,"master_deck":["Defend_G","Defend_G","Defend_G","Defend_G","Defend_G","Strike_G","Strike_G","Strike_G","Strike_G","Strike_G","Survivor","Neutralize","Footwork","Dagger Spray","Cloak And Dagger","PiercingWail","Decay","Terror","Heel Hook","Apotheosis"],"relics":["Ring of the Snake","NeowsBlessing","Smiling Mask","PreservedInsect"],"potions_floor_usage":[6,7],"damage_taken":[{"damage":0,"enemies":"Cultist","floor":1,"turns":1},{"damage":0,"enemies":"Jaw Worm","floor":2,"turns":1},{"damage":0,"enemies":"2 Louse","floor":3,"turns":1},{"damage":0,"enemies":"Exordium Wildlife","floor":4,"turns":4},{"damage":40,"enemies":"Lagavulin","floor":6,"turns":10},{"damage":11,"enemies":"Lots of Slimes","floor":7,"turns":3},{"damage":24,"enemies":"3 Sentries","floor":10,"turns":2}],"seed_played":"7110727806339738533","potions_obtained":[{"floor":3,"key":"AttackPotion"},{"floor":4,"key":"SteroidPotion"}],"is_trial":false,"path_per_floor":["M","M","M","M","?","E","M","$","T","E"],"character_chosen":"THE_SILENT","items_purchased":["Apotheosis"],"campfire_rested":0,"item_purchase_floors":[8],"current_hp_per_floor":[70,70,70,70,70,30,19,19,19,0],"gold":28,"neow_bonus":"THREE_ENEMY_KILL","is_prod":false,"is_daily":false,"chose_seed":false,"campfire_upgraded":0,"win_rate":0,"timestamp":1561675141,"path_taken":["M","?","M","M","?","E","?","?","T","E"],"build_version":"2019-01-23","purchased_purges":0,"victory":false,"max_hp_per_floor":[70,70,70,70,70,70,70,70,70,70],"card_choices":[{"not_picked":["Flying Knee","Crippling Poison"],"picked":"Footwork","floor":1},{"not_picked":["Dodge and Roll","Deadly Poison"],"picked":"Dagger Spray","floor":2},{"not_picked":["Reflex","Dagger Spray"],"picked":"Cloak And Dagger","floor":3},{"not_picked":["Expertise","All Out Attack"],"picked":"PiercingWail","floor":4},{"not_picked":["Storm of Steel","Flechettes"],"picked":"Terror","floor":6},{"not_picked":["Catalyst","Endless Agony"],"picked":"Heel Hook","floor":7}],"player_experience":249838,"relics_obtained":[{"floor":6,"key":"Smiling Mask"},{"floor":9,"key":"PreservedInsect"}],"event_choices":[{"damage_healed":0,"gold_gain":0,"player_choice":"Cursed","damage_taken":0,"max_hp_gain":0,"max_hp_loss":0,"event_name":"Wheel of Change","floor":5,"gold_loss":0,"cards_obtained":["Decay"]}],"is_beta":false,"boss_relics":[],"items_purged_floors":[],"is_endless":false,"potions_floor_spawned":[3,4],"killed_by":"3 Sentries","ascension_level":2}