{"gold_per_floor":[109,123,134,151,162,162,192,192,192,224,235,249,249,199,199,299,299,310,225,237,327,70,97,113,113],"floor_reached":25,"playtime":1443,"items_purged":[],"score":282,"play_id":"93d0cae9-1497-4f69-bb27-f298456ddb90","local_time":"20190703142919","is_ascension_mode":true,"campfire_choices":[{"floor":6.0,"key":"REST"},{"data":"Noxious Fumes","floor":8.0,"key":"SMITH"},{"floor":13.0,"key":"REST"},{"data":"Bouncing Flask","floor":15.0,"key":"SMITH"}],"neow_cost":"NONE","seed_source_timestamp":1766088295183573,"circlet_count":0,"master_deck":["Strike_G","Strike_G","Defend_G","Defend_G","Defend_G","Defend_G","Defend_G","Survivor","Neutralize","Noxious Fumes+1","Escape Plan","Leg Sweep","Backflip","Poisoned Stab","Blur","Caltrops","Bouncing Flask+1","Corpse Explosion","PiercingWail+1","Well Laid Plans","Catalyst+1"],"special_seed":0,"relics":["Ring of the Snake","Bag of Marbles","Bag of Preparation","Empty Cage","Toxic Egg 2","Singing Bowl","Pen Nib"],"potions_floor_usage":[],"damage_taken":[{"damage":2.0,"enemies":"Small Slimes","floor":1.0,"turns":4.0},{"damage":0.0,"enemies":"2 Louse","floor":2.0,"turns":3.0},{"damage":0.0,"enemies":"Cultist","floor":3.0,"turns":4.0},{"damage":8.0,"enemies":"Large Slime","floor":4.0,"turns":9.0},{"damage":33.0,"enemies":"Gremlin Gang","floor":5.0,"turns":4.0},{"damage":11.0,"enemies":"3 Sentries","floor":7.0,"turns":8.0},{"damage":31.0,"enemies":"Gremlin Nob","floor":10.0,"turns":5.0},{"damage":0.0,"enemies":"Blue Slaver","floor":11.0,"turns":5.0},{"damage":0.0,"enemies":"3 Louse","floor":12.0,"turns":3.0},{"damage":18.0,"enemies":"Hexaghost","floor":16.0,"turns":9.0},{"damage":7,"enemies":"Chosen","floor":18,"turns":7},{"damage":2,"enemies":"3 Byrds","floor":20,"turns":4},{"damage":47,"enemies":"Book of Stabbing","floor":23,"turns":8},{"damage":5,"enemies":"Snecko","floor":24,"turns":4},{"damage":0,"enemies":"Gremlin Leader","floor":25,"turns":1}],"seed_played":"8762039948657432677","potions_obtained":[{"floor":3.0,"key":"LiquidBronze"},{"floor":7.0,"key":"Dexterity Potion"},{"floor":12.0,"key":"FearPotion"},{"floor":16.0,"key":"LiquidBronze"}],"is_trial":false,"path_per_floor":["M","M","M","M","M","R","E","R","T","E","M","M","R","?","R","B",null,"M","?","M","?","$","E","M","E"],"character_chosen":"THE_SILENT","items_purchased":["Singing Bowl"],"campfire_rested":2,"item_purchase_floors":[22],"current_hp_per_floor":[75,75,75,67,34,57,46,46,46,15,15,15,38,38,38,20,77,70,70,68,54,54,7,4,4],"gold":113,"neow_bonus":"TEN_PERCENT_HP_BONUS","is_prod":false,"is_daily":false,"chose_seed":false,"campfire_upgraded":2,"win_rate":0,"timestamp":1562178559,"path_taken":["M","M","M","M","M","R","E","R","T","E","M","M","R","?","R","BOSS","M","?","M","?","$","E","?","E"],"build_version":"2019-07-01","purchased_purges":0,"victory":false,"max_hp_per_floor":[77,77,77,77,77,77,77,77,77,77,77,77,77,77,77,77,77,77,77,77,77,77,77,79,79],"card_choices":[{"not_picked":["Backflip","Terror"],"picked":"Noxious Fumes","floor":1.0},{"not_picked":["Flechettes","Bane"],"picked":"Escape Plan","floor":2.0},{"not_picked":["Acrobatics","Blade Dance"],"picked":"Leg Sweep","floor":3.0},{"not_picked":["Outmaneuver","Prepared"],"picked":"Backflip","floor":4.0},{"not_picked":["Accuracy","Glass Knife"],"picked":"Poisoned Stab","floor":5.0},{"not_picked":["Catalyst","Backflip"],"picked":"Blur","floor":7.0},{"not_picked":["Calculated Gamble","Poisoned Stab"],"picked":"Caltrops","floor":10.0},{"not_picked":["PiercingWail","Catalyst"],"picked":"Bouncing Flask","floor":11.0},{"not_picked":["Dagger Spray","Terror","Leg Sweep"],"picked":"SKIP","floor":12.0},{"not_picked":["Night Terror","Wraith Form v2"],"picked":"Corpse Explosion","floor":16.0},{"not_picked":["Cloak And Dagger+1","Prepared"],"picked":"PiercingWail+1","floor":18},{"not_picked":["All Out Attack","Blade Dance+1"],"picked":"Well Laid Plans","floor":20},{"not_picked":["Tactician+1","PiercingWail+1"],"picked":"Catalyst+1","floor":23},{"not_picked":["Underhanded Strike","Eviscerate","Skewer"],"picked":"Singing Bowl","floor":24}],"player_experience":346081,"relics_obtained":[{"floor":7.0,"key":"Bag of Marbles"},{"floor":10.0,"key":"Bag of Preparation"},{"floor":23,"key":"Pen Nib"}],"event_choices":[{"cards_removed":["Strike_G"],"damage_healed":0.0,"max_hp_gain":0.0,"max_hp_loss":0.0,"gold_gain":0.0,"event_name":"The Cleric","player_choice":"Card Removal","floor":14.0,"gold_loss":50.0,"damage_taken":0.0},{"damage_healed":0,"gold_gain":0,"player_choice":"Obtained Relic","damage_taken":0,"relics_obtained":["Toxic Egg 2"],"max_hp_gain":0,"max_hp_loss":0,"event_name":"Addict","floor":19,"gold_loss":85},{"damage_healed":0,"gold_gain":90,"player_choice":"GOLD ","damage_taken":14,"max_hp_gain":0,"max_hp_loss":0,"event_name":"Knowing Skull","floor":21,"potions_obtained":[],"gold_loss":0,"cards_obtained":[]}],"is_beta":false,"boss_relics":[{"not_picked":["Ring of the Serpent","Lizard Tail"],"picked":"Empty Cage"}],"items_purged_floors":[],"is_endless":false,"potions_floor_spawned":[3,7,12,16],"killed_by":"Gremlin Leader","ascension_level":4}