{"path_per_floor":["M","M","?","$","M","R","E","R","T","M","M","R","$","M","R","B",null,"M","?","?","M","?","R","M","R","T","R","$","M","M","M","R","B",null,"M","$","M","M","M","R","M","?","T","$","M","M","M","M","R"],"character_chosen":"THE_SILENT","items_purchased":["Backflip","Deflect","Noxious Fumes","Bag of Marbles"],"gold_per_floor":[116,129,129,0,18,18,52,52,52,66,81,81,59,74,74,174,174,185,185,185,200,200,200,218,218,268,268,92,112,129,139,139,244,244,258,103,119,138,154,154,173,173,173,48,65,80,98,109,109,109],"floor_reached":50,"campfire_rested":3,"playtime":4476,"current_hp_per_floor":[75,75,75,75,75,75,33,33,33,45,45,45,45,44,67,43,77,58,58,58,56,42,42,42,42,42,42,42,42,43,41,64,46,77,63,63,48,48,43,53,47,47,57,57,57,51,44,25,61,0],"items_purged":["Strike_G","Strike_G","Strike_G"],"gold":109,"score":477,"play_id":"3d730c57-ade0-4be8-bc44-9d62d46f8895","local_time":"20180513223946","is_prod":false,"is_daily":false,"chose_seed":false,"is_ascension_mode":false,"campfire_upgraded":7,"timestamp":1526276386,"path_taken":["M","M","?","$","M","R","E","R","T","M","M","R","$","M","R","BOSS","M","?","?","M","?","R","M","R","T","R","$","M","M","?","R","BOSS","M","$","M","M","M","R","M","?","T","$","M","M","?","M","R","BOSS"],"build_version":"2018-05-10","seed_source_timestamp":65251504125352,"purchased_purges":3,"victory":false,"master_deck":["Defend_G","Defend_G","Defend_G","Defend_G","Defend_G","Strike_G","Survivor","Neutralize","Flying Knee","Backflip+1","Heel Hook","Crippling Poison+1","Malaise","Deflect","Leg Sweep+1","Glass Knife","Deadly Poison","Escape Plan","Blur+1","Outmaneuver+1","Noxious Fumes","Poisoned Stab","Doppelganger","Adrenaline","Backflip","Envenom+1"],"max_hp_per_floor":[77,77,77,77,77,77,77,77,77,77,77,77,77,77,77,77,77,77,77,77,77,77,77,77,77,77,77,77,77,77,77,77,77,77,77,77,77,77,77,77,77,77,87,87,87,87,87,87,87,87],"relics":["Ring of the Snake","Meat on the Bone","Mercury Hourglass","Orrery","Bag of Preparation","Eternal Feather","Bag of Marbles","Pear"],"card_choices":[{"not_picked":["Acrobatics","Prepared"],"picked":"Dagger Spray","floor":1},{"not_picked":["Sucker Punch","Endless Agony"],"picked":"Flying Knee","floor":2},{"not_picked":["Bane","Acrobatics"],"picked":"Heel Hook","floor":5},{"not_picked":["Dagger Throw","Prepared"],"picked":"Crippling Poison","floor":7},{"not_picked":["Slice","Flying Knee"],"picked":"Malaise","floor":11},{"not_picked":["Footwork","Masterful Stab"],"picked":"Leg Sweep","floor":14},{"not_picked":["Die Die Die","Wraith Form v2"],"picked":"Glass Knife","floor":16},{"not_picked":["Dagger Spray","Quick Slash"],"picked":"Deadly Poison","floor":17},{"not_picked":["Dash","Deadly Poison"],"picked":"Escape Plan","floor":17},{"not_picked":["Leg Sweep","Quick Slash"],"picked":"Blur","floor":17},{"not_picked":["Slice","Underhanded Strike"],"picked":"Outmaneuver","floor":18},{"not_picked":["Underhanded Strike","Dagger Throw"],"picked":"Poisoned Stab","floor":29},{"not_picked":["Sucker Punch","Dagger Throw"],"picked":"Doppelganger","floor":31},{"not_picked":["Night Terror","Wraith Form v2"],"picked":"Adrenaline","floor":33},{"not_picked":["Dodge and Roll","Sucker Punch"],"picked":"Backflip","floor":38},{"not_picked":["Underhanded Strike","Caltrops"],"picked":"Envenom","floor":39}],"player_experience":152895,"potions_floor_usage":[30,33,39,50,50,50],"damage_taken":[{"damage":2,"enemies":"Small Slimes","floor":1,"turns":4},{"damage":0,"enemies":"Cultist","floor":2,"turns":4},{"damage":0,"enemies":"2 Louse","floor":5,"turns":5},{"damage":42,"enemies":"Lagavulin","floor":7,"turns":11},{"damage":0,"enemies":"Gremlin Gang","floor":10,"turns":2},{"damage":0,"enemies":"2 Fungi Beasts","floor":11,"turns":2},{"damage":1,"enemies":"Exordium Wildlife","floor":14,"turns":3},{"damage":36,"enemies":"Slime Boss","floor":16,"turns":12},{"damage":19,"enemies":"2 Thieves","floor":18,"turns":4},{"damage":2,"enemies":"Chosen","floor":21,"turns":7},{"damage":0,"enemies":"Snake Plant","floor":24,"turns":5},{"damage":0,"enemies":"Centurion and Healer","floor":29,"turns":9},{"damage":11,"enemies":"Cultist and Chosen","floor":30,"turns":6},{"damage":14,"enemies":"Chosen and Byrds","floor":31,"turns":6},{"damage":30,"enemies":"Automaton","floor":33,"turns":13},{"damage":14,"enemies":"3 Darklings","floor":35,"turns":7},{"damage":15,"enemies":"3 Shapes","floor":37,"turns":5},{"damage":0,"enemies":"Maw","floor":38,"turns":9},{"damage":17,"enemies":"Sphere and 2 Shapes","floor":39,"turns":7},{"damage":18,"enemies":"4 Shapes","floor":41,"turns":4},{"damage":0,"enemies":"Maw","floor":45,"turns":9},{"damage":6,"enemies":"Sphere and 2 Shapes","floor":46,"turns":6},{"damage":19,"enemies":"3 Darklings","floor":47,"turns":6},{"damage":31,"enemies":"Maw","floor":48,"turns":10},{"damage":62,"enemies":"Time Eater","floor":50,"turns":16}],"event_choices":[{"event_name":"Bonfire Elementals","player_choice":"BASIC","floor":3,"damage_taken":0},{"event_name":"Ghosts","player_choice":"Ignored","floor":19,"damage_taken":0},{"event_name":"Vampires","player_choice":"Ignored","floor":20,"damage_taken":0},{"event_name":"Knowing Skull","player_choice":"POTION ","floor":22,"damage_taken":0}],"boss_relics":[{"not_picked":["Snecko Eye","Tiny House"],"picked":"Orrery"},{"not_picked":["Astrolabe","Lizard Tail"],"picked":"Eternal Feather"}],"potions_floor_spawned":[7,10,24,30,35,38,39,48],"seed_played":"2204231429168865005","killed_by":"Time Eater","ascension_level":0,"is_trial":false}