{"gold_per_floor":[117,192,9,9,25,55,55,68,68,130,130,158,169,49,49,149,149,161,210,224,241,241],"floor_reached":22,"playtime":1323,"items_purged":[],"score":270,"play_id":"d5e632e6-44ea-48a7-b0aa-98b5973e7e70","local_time":"20190811125910","is_ascension_mode":true,"campfire_choices":[{"data":"Seeing Red","floor":7.0,"key":"SMITH"},{"data":"Reaper","floor":15.0,"key":"SMITH"}],"neow_cost":"NONE","seed_source_timestamp":93318382507350,"circlet_count":0,"master_deck":["Strike_R","Strike_R","Strike_R","Strike_R","Strike_R","Defend_R","Defend_R","Defend_R","Defend_R","Bash","Armaments+1","The Bomb","Power Through","Seeing Red+1","Spot Weakness","Battle Trance","Second Wind","Perfected Strike","Reaper+1","Shrug It Off","Fiend Fire","Feel No Pain+1","Reckless Charge","Burning Pact"],"special_seed":0,"relics":["Burning Blood","Bronze Scales","Mango","Champion Belt","Tiny Chest","Strawberry","Black Star","Vajra"],"potions_floor_usage":[],"damage_taken":[{"damage":0.0,"enemies":"2 Louse","floor":1.0,"turns":3.0},{"damage":1.0,"enemies":"Cultist","floor":5.0,"turns":4.0},{"damage":7.0,"enemies":"Lagavulin","floor":6.0,"turns":6.0},{"damage":12.0,"enemies":"Jaw Worm","floor":8.0,"turns":4.0},{"damage":10.0,"enemies":"3 Sentries","floor":10.0,"turns":3.0},{"damage":25.0,"enemies":"Lagavulin","floor":12.0,"turns":6.0},{"damage":10.0,"enemies":"Looter","floor":13.0,"turns":4.0},{"damage":41.0,"enemies":"Hexaghost","floor":16.0,"turns":9.0},{"damage":32.0,"enemies":"3 Byrds","floor":18.0,"turns":3.0},{"damage":33.0,"enemies":"Shell Parasite","floor":20.0,"turns":5.0},{"damage":18,"enemies":"Shelled Parasite and Fungi","floor":21,"turns":3},{"damage":51,"enemies":"Sentry and Sphere","floor":22,"turns":5}],"seed_played":"6150843340188516533","potions_obtained":[{"floor":6.0,"key":"GamblersBrew"},{"floor":10.0,"key":"AttackPotion"},{"floor":12.0,"key":"GamblersBrew"},{"floor":16.0,"key":"FearPotion"},{"floor":21,"key":"FearPotion"}],"is_trial":false,"path_per_floor":["M","?","$","?","M","E","R","M","T","E","?","E","M","$","R","B",null,"M","T","M","M","M"],"character_chosen":"IRONCLAD","items_purchased":["The Bomb","Reaper","Shrug It Off"],"campfire_rested":0,"item_purchase_floors":[3,14,14],"current_hp_per_floor":[80,69,69,69,74,87,87,81,81,77,77,65,61,61,61,31,101,87,87,60,48,0],"gold":241,"neow_bonus":"RANDOM_COMMON_RELIC","is_prod":false,"is_daily":false,"chose_seed":false,"campfire_upgraded":2,"win_rate":0,"timestamp":1565553550,"path_taken":["M","?","$","?","M","E","R","M","T","E","?","E","M","$","R","BOSS","M","?","M","M","M"],"build_version":"2019-07-17","purchased_purges":0,"victory":false,"max_hp_per_floor":[80,80,80,80,80,94,94,94,94,94,94,101,101,101,101,101,101,101,101,101,101,101],"card_choices":[{"not_picked":["Wild Strike","Bloodletting"],"picked":"Armaments","floor":1.0},{"not_picked":["Second Wind","Hemokinesis"],"picked":"Power Through","floor":5.0},{"not_picked":["Shrug It Off","Disarm"],"picked":"Seeing Red","floor":6.0},{"not_picked":["Bludgeon","Warcry"],"picked":"Spot Weakness","floor":8.0},{"not_picked":["Entrench","Hemokinesis"],"picked":"Clothesline","floor":10.0},{"not_picked":["Clothesline","Blood for Blood"],"picked":"Second Wind","floor":12.0},{"not_picked":["Power Through","Heavy Blade"],"picked":"Perfected Strike","floor":13.0},{"not_picked":["Demon Form","Immolate"],"picked":"Fiend Fire","floor":16.0},{"not_picked":["Perfected Strike","Twin Strike"],"picked":"Feel No Pain+1","floor":18.0},{"not_picked":["Armaments","Heavy Blade"],"picked":"Reckless Charge","floor":20.0},{"not_picked":["True Grit","Headbutt"],"picked":"Burning Pact","floor":21}],"player_experience":2889752,"relics_obtained":[{"floor":6.0,"key":"Mango"},{"floor":9.0,"key":"Champion Belt"},{"floor":10.0,"key":"Tiny Chest"},{"floor":12.0,"key":"Strawberry"},{"floor":19.0,"key":"Vajra"}],"event_choices":[{"damage_healed":0.0,"max_hp_gain":0.0,"max_hp_loss":0.0,"gold_gain":75.0,"event_name":"World of Goop","player_choice":"Gather Gold","floor":2.0,"gold_loss":0.0,"damage_taken":11.0},{"damage_healed":0.0,"max_hp_gain":0.0,"max_hp_loss":0.0,"gold_gain":0.0,"event_name":"Living Wall","player_choice":"Grow","floor":4.0,"gold_loss":0.0,"damage_taken":0.0,"cards_upgraded":["Armaments"]},{"damage_healed":0.0,"max_hp_gain":0.0,"max_hp_loss":0.0,"gold_gain":0.0,"cards_transformed":["Clothesline"],"event_name":"Transmorgrifier","player_choice":"Transformed","floor":11.0,"gold_loss":0.0,"damage_taken":0.0,"cards_obtained":["Battle Trance"]}],"is_beta":false,"boss_relics":[{"not_picked":["Empty Cage","Calling Bell"],"picked":"Black Star"}],"items_purged_floors":[],"is_endless":false,"potions_floor_spawned":[6,10,12,16,21],"killed_by":"Sentry and Sphere","ascension_level":4}