{"path_per_floor":["M","M","?","$","M","E","R","M","T","$","M","E","R","M","R","B",null,"M","?","$","M","?","R","$","M","T","$","R","M","R","M","R","B",null,"M","?","M","$","M","R","M","?","T","$"],"character_chosen":"THE_SILENT","items_purchased":["Outmaneuver","Footwork","Infinite Blades"],"gold_per_floor":[113,128,128,28,42,73,73,89,89,14,0,28,28,38,38,140,140,152,152,52,62,62,62,62,80,80,7,7,21,21,35,35,134,134,153,153,168,43,56,56,72,72,72,72,72],"floor_reached":45,"campfire_rested":2,"playtime":3591,"current_hp_per_floor":[70,70,56,56,56,38,38,38,38,38,38,33,33,33,54,46,70,62,62,62,62,62,62,62,62,72,72,72,62,62,51,75,60,80,67,67,49,49,49,49,4,4,4,4,0],"items_purged":["Strike_G","Defend_G","Defend_G"],"gold":72,"score":423,"play_id":"899700f0-2ea9-42ca-8827-77d730a96130","local_time":"20180513212452","is_prod":false,"is_daily":false,"chose_seed":false,"is_ascension_mode":false,"campfire_upgraded":6,"timestamp":1526271892,"path_taken":["M","M","?","$","M","E","R","?","T","$","M","E","R","M","R","BOSS","M","?","?","?","?","R","$","M","T","?","R","M","R","M","R","BOSS","M","?","M","$","M","R","?","?","T","?","M"],"build_version":"2018-05-10","seed_source_timestamp":61643721836817,"purchased_purges":3,"victory":false,"master_deck":["Defend_G+1","Defend_G+1","Defend_G","Survivor","Neutralize","Caltrops","Backflip+1","Deadly Poison","Outmaneuver","Footwork","Flying Knee","Catalyst+1","Blur","Burst+1","Backflip+1","Flechettes","Adrenaline","Unload+1","Glass Knife+1","Blur+1","Poisoned Stab+1","Expertise","Infinite Blades+1","After Image+1","Deflect"],"max_hp_per_floor":[70,70,70,70,70,70,70,70,70,70,70,70,70,70,70,70,70,70,70,70,70,70,70,70,70,80,80,80,80,80,80,80,80,80,80,80,80,80,80,80,80,80,80,80,80],"relics":["Ring of the Snake","Pen Nib","Bronze Scales","Kunai","Astrolabe","Pear","Black Star","Calipers"],"card_choices":[{"not_picked":["Deflect","Sucker Punch"],"picked":"Backflip","floor":1},{"not_picked":["Catalyst","Dagger Throw"],"picked":"Deadly Poison","floor":2},{"not_picked":["Crippling Poison","Dash"],"picked":"Flying Knee","floor":5},{"not_picked":["Masterful Stab","Reflex"],"picked":"Catalyst","floor":6},{"not_picked":["Flying Knee","Infinite Blades"],"picked":"Blur","floor":8},{"not_picked":["Dodge and Roll","Dagger Throw"],"picked":"Burst","floor":11},{"not_picked":["Flying Knee","Sucker Punch"],"picked":"Backflip","floor":12},{"not_picked":["Flying Knee","Deadly Poison"],"picked":"Flechettes","floor":14},{"not_picked":["Unload","Tools of the Trade"],"picked":"Adrenaline","floor":16},{"not_picked":["Infinite Blades","Acrobatics"],"picked":"Poisoned Stab","floor":18},{"not_picked":["Quick Slash","Outmaneuver"],"picked":"Expertise","floor":25},{"not_picked":["PiercingWail","Prepared"],"picked":"Well Laid Plans","floor":31},{"not_picked":["Unload","Bullet Time"],"picked":"After Image","floor":33},{"not_picked":["Riddle With Holes","Malaise"],"picked":"Deflect","floor":37}],"player_experience":149304,"potions_floor_usage":[16,33],"damage_taken":[{"damage":0,"enemies":"2 Louse","floor":1,"turns":3},{"damage":0,"enemies":"Jaw Worm","floor":2,"turns":7},{"damage":0,"enemies":"Cultist","floor":5,"turns":4},{"damage":18,"enemies":"3 Sentries","floor":6,"turns":12},{"damage":0,"enemies":"Large Slime","floor":8,"turns":7},{"damage":0,"enemies":"Looter","floor":11,"turns":4},{"damage":5,"enemies":"Lagavulin","floor":12,"turns":8},{"damage":0,"enemies":"Exordium Wildlife","floor":14,"turns":5},{"damage":8,"enemies":"The Guardian","floor":16,"turns":10},{"damage":8,"enemies":"Spheric Guardian","floor":18,"turns":6},{"damage":0,"enemies":"Chosen","floor":21,"turns":6},{"damage":0,"enemies":"Centurion and Healer","floor":25,"turns":7},{"damage":10,"enemies":"Sentry and Sphere","floor":29,"turns":7},{"damage":11,"enemies":"Snecko","floor":31,"turns":7},{"damage":15,"enemies":"Champ","floor":33,"turns":11},{"damage":13,"enemies":"3 Shapes","floor":35,"turns":4},{"damage":18,"enemies":"Orb Walker","floor":37,"turns":5},{"damage":0,"enemies":"Maw","floor":39,"turns":8},{"damage":45,"enemies":"Sphere and 2 Shapes","floor":41,"turns":8},{"damage":9,"enemies":"4 Shapes","floor":45,"turns":1}],"event_choices":[{"event_name":"Shining Light","player_choice":"Entered Light","floor":3,"damage_taken":0},{"event_name":"Ghosts","player_choice":"Ignored","floor":19,"damage_taken":0},{"event_name":"Vampires","player_choice":"Ignored","floor":22,"damage_taken":0},{"event_name":"SensoryStone","player_choice":"Memory 1","floor":36,"damage_taken":0}],"boss_relics":[{"not_picked":["Orrery","Lizard Tail"],"picked":"Astrolabe"},{"not_picked":["Philosopher\u0027s Stone","Calling Bell"],"picked":"Black Star"}],"potions_floor_spawned":[2,5,8,12,21,29,33,37,41],"seed_played":"6364890089503873854","killed_by":"4 Shapes","ascension_level":0,"is_trial":false}