{"gold_per_floor":[113,188,363,374,69,100,24,24,98,116,151,151,183,199,199,301,301,314,331,90,102,102,157,157,192,215,215,215,215,248,258,258,258],"floor_reached":33,"playtime":1956,"items_purged":["Doubt"],"score":427,"play_id":"1c344b68-3832-417b-af23-2f71b9eceb04","local_time":"20190902104401","is_ascension_mode":true,"campfire_choices":[{"data":"Bane","floor":8,"key":"SMITH"},{"floor":12,"key":"REST"},{"data":"Footwork","floor":15,"key":"SMITH"},{"data":"Acrobatics","floor":24,"key":"SMITH"},{"data":"Crippling Poison","floor":27,"key":"SMITH"},{"floor":32,"key":"REST"}],"neow_cost":"NONE","seed_source_timestamp":831671150452500,"circlet_count":0,"master_deck":["Strike_G+1","Strike_G+1","Strike_G+1","Strike_G+1","Strike_G+1","Defend_G+1","Defend_G+1","Defend_G+1","Defend_G+1","Defend_G+1","Survivor","Neutralize","Poisoned Stab","Deadly Poison","Bane+1","Acrobatics+1","Footwork+1","Deflect","Escape Plan","Crippling Poison+1","Backflip","Die Die Die","After Image","Underhanded Strike+1"],"relics":["Ring of the Snake","NeowsBlessing","PreservedInsect","StoneCalendar","Dodecahedron","Snake Skull","Tough Bandages","HoveringKite","Singing Bowl","Tiny Chest","Boot","Pen Nib","Bird Faced Urn","Happy Flower"],"potions_floor_usage":[11,13,16,23,30],"damage_taken":[{"damage":0,"enemies":"Small Slimes","floor":1,"turns":1},{"damage":0,"enemies":"Jaw Worm","floor":4,"turns":1},{"damage":0,"enemies":"Gremlin Nob","floor":6,"turns":1},{"damage":0,"enemies":"Cultist","floor":10,"turns":3},{"damage":20,"enemies":"Lagavulin","floor":11,"turns":4},{"damage":17,"enemies":"3 Sentries","floor":13,"turns":6},{"damage":0,"enemies":"Blue Slaver","floor":14,"turns":3},{"damage":17,"enemies":"Slime Boss","floor":16,"turns":7},{"damage":0,"enemies":"Chosen","floor":18,"turns":4},{"damage":8,"enemies":"Spheric Guardian","floor":19,"turns":6},{"damage":1,"enemies":"Cultist and Chosen","floor":21,"turns":6},{"damage":0,"enemies":"Gremlin Leader","floor":23,"turns":5},{"damage":5,"enemies":"Book of Stabbing","floor":25,"turns":7},{"damage":39,"enemies":"Gremlin Leader","floor":30,"turns":6},{"damage":14,"enemies":"Chosen and Byrds","floor":31,"turns":5},{"damage":33,"enemies":"Champ","floor":33,"turns":12}],"seed_played":"-8414886529719267526","potions_obtained":[{"floor":6,"key":"FearPotion"},{"floor":13,"key":"Explosive Potion"},{"floor":14,"key":"Fire Potion"},{"floor":16,"key":"Regen Potion"},{"floor":19,"key":"GhostInAJar"},{"floor":30,"key":"Poison Potion"}],"is_trial":false,"path_per_floor":["M","?","?","M","$","E","$","R","T","M","E","R","E","M","R","B",null,"M","M","$","M","?","E","R","E","T","R","?","T","E","M","R","B"],"character_chosen":"THE_SILENT","items_purchased":["Bane","PreservedInsect","Explosive Potion","Footwork","Singing Bowl"],"campfire_rested":2,"item_purchase_floors":[5,5,5,7,20],"current_hp_per_floor":[70,59,59,59,59,59,59,59,59,59,39,60,43,43,43,26,70,70,62,62,61,61,63,63,60,60,60,46,46,13,5,29,0],"gold":258,"neow_bonus":"THREE_ENEMY_KILL","is_prod":false,"is_daily":false,"chose_seed":false,"campfire_upgraded":4,"win_rate":0,"timestamp":1567439041,"path_taken":["M","?","?","?","$","E","?","R","T","M","E","R","E","M","R","BOSS","M","M","$","M","?","E","R","E","T","R","?","?","E","M","R","BOSS"],"build_version":"2019-07-17","purchased_purges":1,"victory":false,"max_hp_per_floor":[70,70,70,70,70,70,70,70,70,70,70,70,70,70,70,70,70,70,70,70,70,70,72,72,74,74,74,79,79,81,83,83,83],"card_choices":[{"not_picked":["Blade Dance","Calculated Gamble"],"picked":"Poisoned Stab","floor":1},{"not_picked":["Concentrate","Flying Knee"],"picked":"Deadly Poison","floor":4},{"not_picked":["Masterful Stab","Poisoned Stab"],"picked":"Acrobatics","floor":6},{"not_picked":["Cloak And Dagger","PiercingWail"],"picked":"Deflect","floor":10},{"not_picked":["PiercingWail","Sucker Punch"],"picked":"Escape Plan","floor":11},{"not_picked":["Grand Finale","PiercingWail"],"picked":"Crippling Poison","floor":13},{"not_picked":["Calculated Gamble","Bane"],"picked":"Backflip","floor":14},{"not_picked":["Doppelganger","Unload"],"picked":"Die Die Die","floor":16},{"not_picked":["Riddle With Holes+1","Poisoned Stab","Flying Knee"],"picked":"SKIP","floor":18},{"not_picked":["Bane","Dagger Throw"],"picked":"After Image","floor":19},{"not_picked":["Riddle With Holes","Dagger Throw"],"picked":"Underhanded Strike+1","floor":21},{"not_picked":["Skewer+1","Dagger Spray","Poisoned Stab"],"picked":"Singing Bowl","floor":23},{"not_picked":["Dagger Spray","Bane+1","Sucker Punch+1"],"picked":"Singing Bowl","floor":25},{"not_picked":["Deflect","PiercingWail","Quick Slash"],"picked":"Singing Bowl","floor":30},{"not_picked":["Deadly Poison","Masterful Stab","Predator"],"picked":"Singing Bowl","floor":31}],"player_experience":206607,"relics_obtained":[{"floor":6,"key":"StoneCalendar"},{"floor":9,"key":"Dodecahedron"},{"floor":11,"key":"Snake Skull"},{"floor":13,"key":"Tough Bandages"},{"floor":23,"key":"Tiny Chest"},{"floor":25,"key":"Boot"},{"floor":26,"key":"Pen Nib"},{"floor":29,"key":"Bird Faced Urn"},{"floor":30,"key":"Happy Flower"}],"event_choices":[{"damage_healed":0,"gold_gain":75,"player_choice":"Gather Gold","damage_taken":11,"max_hp_gain":0,"max_hp_loss":0,"event_name":"World of Goop","floor":2,"gold_loss":0},{"damage_healed":0,"gold_gain":175,"player_choice":"AGREE","damage_taken":0,"max_hp_gain":0,"max_hp_loss":0,"event_name":"Liars Game","floor":3,"gold_loss":0,"cards_obtained":["Doubt"]},{"damage_healed":0,"gold_gain":0,"player_choice":"Simplicity","damage_taken":0,"max_hp_gain":0,"max_hp_loss":0,"event_name":"Back to Basics","floor":22,"gold_loss":0,"cards_upgraded":["Strike_G","Strike_G","Strike_G","Strike_G","Strike_G","Defend_G","Defend_G","Defend_G","Defend_G","Defend_G"]},{"damage_healed":0,"gold_gain":0,"player_choice":"Shed Blood","damage_taken":19,"max_hp_gain":5,"max_hp_loss":0,"event_name":"Forgotten Altar","floor":28,"gold_loss":0}],"is_beta":false,"boss_relics":[{"not_picked":["Fusion Hammer","Cursed Key"],"picked":"HoveringKite"}],"items_purged_floors":[5],"is_endless":false,"potions_floor_spawned":[6,13,14,16,19,30],"killed_by":"Champ","ascension_level":3}