{"gold_per_floor":[119,119,135,151,169,195,195,227,227,227,245,245,245,57,57,161,161,174,191,207,284,300,326,326,358,384,394,394,394],"floor_reached":29,"playtime":1988,"items_purged":["Strike_G"],"score":316,"play_id":"949862c8-0b9a-4e95-aa67-a39fe975918c","local_time":"20190927113150","is_ascension_mode":true,"campfire_choices":[{"floor":7,"key":"REST"},{"data":"Bouncing Flask","floor":12,"key":"SMITH"},{"data":"Cloak And Dagger","floor":15,"key":"SMITH"},{"floor":24,"key":"REST"}],"neow_cost":"NONE","seed_source_timestamp":6871144703000,"circlet_count":0,"master_deck":["Strike_G","Strike_G","Strike_G","Strike_G","Defend_G","Defend_G","Defend_G","Defend_G","Defend_G","Survivor","Neutralize","PiercingWail","Dagger Throw","Backflip","Cloak And Dagger+1","Bouncing Flask+1","Envenom","Leg Sweep","Riddle With Holes","Deflect","Night Terror","Bane+1","Poisoned Stab+1","Catalyst+1","Burst+1","Blur"],"relics":["Ring of the Snake","Juzu Bracelet","FaceOfCleric","Vajra","Bronze Scales","Blue Candle","Philosopher\u0027s Stone","Mercury Hourglass","Singing Bowl","Dead Branch","Oddly Smooth Stone"],"potions_floor_usage":[18,20,20,23,25,27],"damage_taken":[{"damage":0,"enemies":"Small Slimes","floor":1,"turns":5},{"damage":0,"enemies":"Cultist","floor":3,"turns":4},{"damage":1,"enemies":"Jaw Worm","floor":4,"turns":3},{"damage":4,"enemies":"Red Slaver","floor":5,"turns":5},{"damage":46,"enemies":"3 Sentries","floor":6,"turns":12},{"damage":30,"enemies":"Lagavulin","floor":8,"turns":7},{"damage":5,"enemies":"2 Fungi Beasts","floor":11,"turns":4},{"damage":7,"enemies":"The Guardian","floor":16,"turns":11},{"damage":17,"enemies":"2 Thieves","floor":18,"turns":4},{"damage":0,"enemies":"Chosen","floor":19,"turns":5},{"damage":31,"enemies":"Snecko","floor":20,"turns":6},{"damage":7,"enemies":"Snake Plant","floor":22,"turns":3},{"damage":21,"enemies":"Book of Stabbing","floor":23,"turns":5},{"damage":34,"enemies":"Slavers","floor":25,"turns":5},{"damage":0,"enemies":"Centurion and Healer","floor":27,"turns":3},{"damage":15,"enemies":"Cultist and Chosen","floor":29,"turns":5}],"seed_played":"-192869479106445602","potions_obtained":[{"floor":5,"key":"Swift Potion"},{"floor":11,"key":"Swift Potion"},{"floor":16,"key":"Swift Potion"},{"floor":20,"key":"Regen Potion"},{"floor":23,"key":"SteroidPotion"},{"floor":25,"key":"Strength Potion"}],"is_trial":false,"path_per_floor":["M","?","M","M","M","E","R","E","T","?","M","R","?","$","R","B",null,"M","M","M","T","M","E","R","E","T","M","?","M"],"character_chosen":"THE_SILENT","items_purchased":["Riddle With Holes","Deflect"],"campfire_rested":2,"item_purchase_floors":[14,14],"current_hp_per_floor":[70,70,71,71,68,23,45,16,16,34,30,30,30,30,30,24,74,58,59,29,29,23,18,41,10,10,11,11,0],"gold":394,"neow_bonus":"RANDOM_COMMON_RELIC","is_prod":false,"is_daily":false,"chose_seed":false,"campfire_upgraded":2,"win_rate":0,"timestamp":1569601910,"path_taken":["M","?","M","M","M","E","R","E","T","?","M","R","?","$","R","BOSS","M","M","M","?","M","E","R","E","T","M","?","M"],"build_version":"2019-09-26","purchased_purges":1,"victory":false,"max_hp_per_floor":[70,70,71,72,73,74,74,75,75,75,76,76,73,73,73,74,74,75,76,77,77,78,79,79,82,82,83,83,83],"card_choices":[{"not_picked":["Blade Dance","Deflect"],"picked":"PiercingWail","floor":1},{"not_picked":["Flying Knee","Expertise"],"picked":"Dagger Throw","floor":3},{"not_picked":["Prepared","Acrobatics"],"picked":"Backflip","floor":4},{"not_picked":["Deadly Poison","Outmaneuver"],"picked":"Cloak And Dagger","floor":5},{"not_picked":["Choke","Tactician"],"picked":"Bouncing Flask","floor":6},{"not_picked":["Backstab","Leg Sweep"],"picked":"Envenom","floor":8},{"not_picked":["PiercingWail","Caltrops"],"picked":"Leg Sweep","floor":11},{"not_picked":["Doppelganger","Storm of Steel"],"picked":"Night Terror","floor":16},{"not_picked":["Cloak And Dagger+1","Blade Dance"],"picked":"Bane+1","floor":18},{"not_picked":["Blade Dance","Dash"],"picked":"Poisoned Stab+1","floor":19},{"not_picked":["Endless Agony","Slice","Leg Sweep+1"],"picked":"SKIP","floor":20},{"not_picked":["All Out Attack","Dagger Spray"],"picked":"Catalyst+1","floor":22},{"not_picked":["Poisoned Stab","Acrobatics+1"],"picked":"Burst","floor":23},{"not_picked":["Dagger Throw","Concentrate","Deadly Poison+1"],"picked":"Singing Bowl","floor":25},{"not_picked":["Quick Slash+1","Well Laid Plans"],"picked":"Blur","floor":27}],"player_experience":324490,"relics_obtained":[{"floor":6,"key":"Vajra"},{"floor":8,"key":"Bronze Scales"},{"floor":9,"key":"Blue Candle"},{"floor":21,"key":"Mercury Hourglass"},{"floor":23,"key":"Singing Bowl"},{"floor":25,"key":"Dead Branch"},{"floor":26,"key":"Oddly Smooth Stone"}],"event_choices":[{"damage_healed":0,"gold_gain":0,"player_choice":"Trade","damage_taken":0,"relics_obtained":["FaceOfCleric"],"max_hp_gain":0,"max_hp_loss":0,"event_name":"FaceTrader","floor":2,"gold_loss":0},{"damage_healed":18,"gold_gain":0,"player_choice":"Healed and dodged fight","damage_taken":0,"max_hp_gain":0,"max_hp_loss":0,"event_name":"Mushrooms","floor":10,"gold_loss":0,"cards_obtained":["Parasite"]},{"cards_removed":["Parasite"],"damage_healed":0,"gold_gain":0,"player_choice":"Card Removal","damage_taken":0,"max_hp_gain":0,"max_hp_loss":0,"event_name":"Wheel of Change","floor":13,"gold_loss":0},{"damage_healed":0,"gold_gain":0,"player_choice":"Upgraded","damage_taken":0,"max_hp_gain":0,"max_hp_loss":0,"event_name":"Upgrade Shrine","floor":28,"gold_loss":0,"cards_upgraded":["Burst"]}],"is_beta":true,"boss_relics":[{"not_picked":["Tiny House","Empty Cage"],"picked":"Philosopher\u0027s Stone"}],"items_purged_floors":[14],"is_endless":false,"potions_floor_spawned":[5,11,16,20,23,25],"killed_by":"Cultist and Chosen","ascension_level":3}