{"path_per_floor":["M","?","M","?","?","R","E","R","T","$","?","M","M","M","R"],"character_chosen":"THE_SILENT","items_purchased":["Footwork","Blur","Outmaneuver"],"gold_per_floor":[110,110,123,123,123,123,151,151,177,19,19,30,0,20,20,20],"floor_reached":16,"campfire_rested":2,"playtime":1468,"current_hp_per_floor":[69,69,64,57,43,64,23,23,23,23,23,34,36,38,59,0],"items_purged":[],"gold":20,"score":103,"play_id":"3ee85bc9-276c-4faf-b316-57007705f7b6","local_time":"20180521231450","is_prod":false,"is_daily":false,"chose_seed":false,"is_ascension_mode":true,"campfire_upgraded":1,"timestamp":1526969690,"campfire_choices":[{"floor":6,"key":"REST"},{"data":"Leg Sweep","floor":8,"key":"SMITH"},{"floor":15,"key":"REST"}],"path_taken":["M","?","M","?","?","R","E","R","T","$","?","M","M","M","R","BOSS"],"build_version":"2018-05-17","seed_source_timestamp":18859999326025,"purchased_purges":0,"victory":false,"master_deck":["Defend_G","Defend_G","Defend_G+1","Defend_G","Defend_G","Strike_G","Strike_G","Survivor+1","Neutralize+1","Leg Sweep+1","Footwork","Blur","Outmaneuver","Eviscerate","Escape Plan","Flying Knee"],"max_hp_per_floor":[70,70,70,70,70,70,70,70,70,70,70,70,70,70,70,70],"relics":["Ring of the Snake","Meat on the Bone","Blood Vial"],"card_choices":[{"not_picked":["Dagger Spray","Skewer","Eviscerate"],"picked":"SKIP","floor":1},{"not_picked":["Setup","Malaise"],"picked":"Leg Sweep","floor":3},{"not_picked":["Concentrate","Dagger Throw","PiercingWail"],"picked":"SKIP","floor":7},{"not_picked":["Outmaneuver","Catalyst","Expertise"],"picked":"SKIP","floor":12},{"not_picked":["Cloak And Dagger","Bane"],"picked":"Escape Plan","floor":13},{"not_picked":["Prepared","Backstab"],"picked":"Flying Knee","floor":14}],"player_experience":288376,"potions_floor_usage":[7,7,16],"damage_taken":[{"damage":1,"enemies":"Jaw Worm","floor":1,"turns":7},{"damage":5,"enemies":"Cultist","floor":3,"turns":6},{"damage":41,"enemies":"Gremlin Nob","floor":7,"turns":7},{"damage":3,"enemies":"2 Louse","floor":12,"turns":4},{"damage":0,"enemies":"Looter","floor":13,"turns":4},{"damage":0,"enemies":"3 Louse","floor":14,"turns":7},{"damage":61,"enemies":"Hexaghost","floor":16,"turns":19}],"relics_obtained":[{"floor":7,"key":"Meat on the Bone"},{"floor":9,"key":"Blood Vial"}],"event_choices":[{"event_name":"Upgrade Shrine","player_choice":"Upgraded","floor":2,"damage_taken":0},{"event_name":"Golden Wing","player_choice":"Card Removal","floor":4,"damage_taken":0},{"event_name":"Shining Light","player_choice":"Entered Light","floor":5,"damage_taken":0},{"event_name":"Transmorgrifier","player_choice":"Transform","floor":11,"damage_taken":0}],"boss_relics":[],"potions_floor_spawned":[1,3,14],"seed_played":"3973258746456717020","killed_by":"Hexaghost","ascension_level":1,"potions_obtained":[{"floor":1,"key":"GamblersBrew"},{"floor":3,"key":"SteroidPotion"},{"floor":14,"key":"SkillPotion"}],"is_trial":false}