{"gold_per_floor":[211,136,154,164,180,180,180,195,195,95,270,270,297,297,297,399,399,419,419,419,142,169,199,199,226,226,226,246,246,264,290,290,390,390,404,422,198,251,351,366,366,394,470,470,470,503,515,526,526,526,526,526,20,50,50],"floor_reached":55,"playtime":3266,"items_purged":["Defend_G","Strike_G","Decay","Strike_G","Strike_G"],"score":844,"play_id":"634d897c-f86d-4280-9993-f246cfb5a78c","local_time":"20190624092310","is_ascension_mode":true,"campfire_choices":[{"floor":7,"key":"RECALL"},{"floor":12,"key":"REST"},{"data":"Bouncing Flask","floor":15,"key":"SMITH"},{"floor":24,"key":"REST"},{"floor":27,"key":"REST"},{"floor":32,"key":"REST"},{"floor":41,"key":"REST"},{"floor":49,"key":"REST"},{"data":"Burst","floor":52,"key":"SMITH"}],"neow_cost":"NONE","seed_source_timestamp":972995677354743,"circlet_count":0,"master_deck":["Defend_G","Defend_G","Defend_G","Defend_G","Strike_G","Survivor","Neutralize","Caltrops","Deadly Poison","Bouncing Flask+1","Corpse Explosion","Blur","Footwork","Backflip+1","Catalyst","Catalyst","Footwork","Crippling Poison+1","Calculated Gamble","Blur","Burst+1"],"relics":["Ring of the Snake","Question Card","Velvet Choker","Boot","Mercury Hourglass","Vajra","Regal Pillow","Ninja Scroll","Black Star","The Specimen","Unceasing Top","Dream Catcher","Anchor","Pear","Shuriken","Lantern","Bag of Preparation","Ornamental Fan","Bronze Scales"],"potions_floor_usage":[3,8,16,33,38,38,42,47,48,50,55,55,55],"damage_taken":[{"damage":4,"enemies":"2 Louse","floor":1,"turns":2},{"damage":0,"enemies":"Small Slimes","floor":3,"turns":3},{"damage":5,"enemies":"Cultist","floor":4,"turns":3},{"damage":23,"enemies":"Large Slime","floor":5,"turns":9},{"damage":15,"enemies":"Exordium Wildlife","floor":8,"turns":4},{"damage":10,"enemies":"Lagavulin","floor":13,"turns":6},{"damage":23,"enemies":"The Guardian","floor":16,"turns":8},{"damage":0,"enemies":"Chosen","floor":18,"turns":5},{"damage":47,"enemies":"Gremlin Leader","floor":23,"turns":7},{"damage":51,"enemies":"Slavers","floor":25,"turns":3},{"damage":3,"enemies":"Spheric Guardian","floor":28,"turns":3},{"damage":8,"enemies":"Snake Plant","floor":30,"turns":3},{"damage":19,"enemies":"Gremlin Leader","floor":31,"turns":4},{"damage":49,"enemies":"Automaton","floor":33,"turns":9},{"damage":23,"enemies":"3 Darklings","floor":35,"turns":3},{"damage":0,"enemies":"3 Shapes","floor":36,"turns":4},{"damage":24,"enemies":"2 Orb Walkers","floor":38,"turns":4},{"damage":3,"enemies":"Mind Bloom Boss Battle","floor":39,"turns":6},{"damage":6,"enemies":"Jaw Worm Horde","floor":40,"turns":4},{"damage":26,"enemies":"Nemesis","floor":42,"turns":5},{"damage":2,"enemies":"Giant Head","floor":46,"turns":6},{"damage":0,"enemies":"Maw","floor":47,"turns":5},{"damage":22,"enemies":"Transient","floor":48,"turns":5},{"damage":69,"enemies":"Awakened One","floor":50,"turns":13},{"damage":58,"enemies":"Shield and Spear","floor":54,"turns":4},{"damage":65,"enemies":"The Heart","floor":55,"turns":3}],"seed_played":"-3498708128265558606","potions_obtained":[{"floor":1,"key":"Fruit Juice"},{"floor":5,"key":"Fruit Juice"},{"floor":8,"key":"Weak Potion"},{"floor":25,"key":"Explosive Potion"},{"floor":30,"key":"Energy Potion"},{"floor":31,"key":"Strength Potion"},{"floor":33,"key":"GhostInAJar"},{"floor":35,"key":"Block Potion"},{"floor":38,"key":"Poison Potion"},{"floor":42,"key":"Fire Potion"},{"floor":47,"key":"Regen Potion"}],"is_trial":false,"path_per_floor":["M","$","M","M","M","?","R","M","T","$","?","R","E","?","R","B",null,"M","?","?","$","T","E","R","E","T","R","M","?","M","E","R","B",null,"M","M","$","?","?","M","R","E","T","?","?","E","M","M","R","B",null,"R","$","E","B"],"character_chosen":"THE_SILENT","items_purchased":["Blur","Footwork","Footwork","Fire Potion","Poison Potion","Bag of Preparation","LiquidBronze"],"campfire_rested":6,"item_purchase_floors":[21,21,37,53,53,53,53],"current_hp_per_floor":[66,66,71,66,43,43,43,33,33,33,33,57,47,47,47,24,80,80,80,80,80,80,33,57,6,6,45,42,42,34,15,54,5,80,57,57,57,33,30,24,63,37,47,47,47,45,45,38,80,11,90,90,90,32,0],"gold":50,"neow_bonus":"HUNDRED_GOLD","is_prod":false,"is_daily":false,"chose_seed":false,"campfire_upgraded":2,"win_rate":0,"timestamp":1561382590,"path_taken":["M","$","M","M","M","?","R","M","T","$","?","R","E","?","R","BOSS","M","?","?","$","?","E","R","E","T","R","?","?","M","E","R","BOSS","M","M","$","?","?","M","R","E","T","?","?","E","?","M","R","BOSS","R","$","E","BOSS"],"build_version":"2019-01-23","purchased_purges":5,"victory":false,"max_hp_per_floor":[70,70,75,75,75,75,75,80,80,80,80,80,80,80,80,80,80,80,80,80,80,80,80,80,80,80,80,80,80,80,80,80,80,80,80,80,80,80,80,80,80,80,90,90,90,90,90,90,90,90,90,90,90,90,90],"card_choices":[{"not_picked":["Setup","Poisoned Stab"],"picked":"Caltrops","floor":1},{"not_picked":["Dodge and Roll","Bane","Acrobatics"],"picked":"SKIP","floor":3},{"not_picked":["Flying Knee","Backflip"],"picked":"Deadly Poison","floor":4},{"not_picked":["Reflex","Dodge and Roll","Dagger Spray"],"picked":"SKIP","floor":5},{"not_picked":["Prepared","Flying Knee"],"picked":"Bouncing Flask","floor":8},{"not_picked":["Accuracy","Sucker Punch","Expertise"],"picked":"SKIP","floor":13},{"not_picked":["Malaise","Doppelganger","Adrenaline"],"picked":"Corpse Explosion","floor":16},{"not_picked":["Distraction+1","Underhanded Strike+1","Dagger Throw","Acrobatics"],"picked":"SKIP","floor":18},{"not_picked":["Night Terror","Underhanded Strike","Dash+1","PiercingWail+1"],"picked":"SKIP","floor":23},{"not_picked":["Terror","Dodge and Roll+1","Cloak And Dagger"],"picked":"Backflip+1","floor":25},{"not_picked":["Reflex","Terror","Backflip+1"],"picked":"Catalyst","floor":28},{"not_picked":["Flying Knee+1","All Out Attack","Dagger Throw+1"],"picked":"Catalyst","floor":30},{"not_picked":["Reflex","Dagger Throw","Riddle With Holes","Poisoned Stab"],"picked":"SKIP","floor":31},{"not_picked":["Blade Dance","Outmaneuver+1","Escape Plan+1","Prepared+1"],"picked":"SKIP","floor":35},{"not_picked":["Dodge and Roll","Underhanded Strike+1","Skewer+1","Unload"],"picked":"SKIP","floor":36},{"not_picked":["Dodge and Roll","Deadly Poison","PiercingWail"],"picked":"Crippling Poison+1","floor":38},{"not_picked":["Backstab","Blade Dance+1","Dagger Spray+1"],"picked":"Calculated Gamble","floor":39},{"not_picked":["Masterful Stab","Blade Dance+1","Dodge and Roll","Deflect"],"picked":"SKIP","floor":40},{"not_picked":["Prepared+1","Dagger Spray+1","Backflip+1"],"picked":"Blur","floor":42},{"not_picked":["Skewer+1","Dash","Acrobatics"],"picked":"Burst","floor":46},{"not_picked":["Dagger Throw+1","Dagger Spray+1","Backflip","Predator+1"],"picked":"SKIP","floor":47},{"not_picked":["Cloak And Dagger","Corpse Explosion","Bouncing Flask+1","Caltrops"],"picked":"SKIP","floor":48},{"not_picked":["Bane+1","Blade Dance+1","Setup+1","Riddle With Holes+1"],"picked":"SKIP","floor":54}],"player_experience":197222,"relics_obtained":[{"floor":13,"key":"Question Card"},{"floor":22,"key":"Boot"},{"floor":23,"key":"Mercury Hourglass"},{"floor":25,"key":"Vajra"},{"floor":26,"key":"Regal Pillow"},{"floor":31,"key":"Ninja Scroll"},{"floor":38,"key":"The Specimen"},{"floor":39,"key":"Unceasing Top"},{"floor":42,"key":"Dream Catcher"},{"floor":42,"key":"Anchor"},{"floor":43,"key":"Pear"},{"floor":46,"key":"Shuriken"},{"floor":46,"key":"Lantern"},{"floor":54,"key":"Ornamental Fan"},{"floor":54,"key":"Bronze Scales"}],"event_choices":[{"damage_healed":0,"gold_gain":0,"player_choice":"Ignored","damage_taken":0,"max_hp_gain":0,"max_hp_loss":0,"event_name":"Shining Light","floor":6,"gold_loss":0},{"damage_healed":0,"gold_gain":175,"player_choice":"AGREE","damage_taken":0,"max_hp_gain":0,"max_hp_loss":0,"event_name":"Liars Game","floor":11,"gold_loss":0,"cards_obtained":["Doubt"]},{"cards_removed":["Doubt"],"damage_healed":0,"gold_gain":0,"player_choice":"Removed Curses","damage_taken":0,"max_hp_gain":0,"max_hp_loss":0,"event_name":"Fountain of Cleansing","floor":14,"gold_loss":0},{"damage_healed":0,"gold_gain":0,"player_choice":"Smashed Altar","damage_taken":0,"max_hp_gain":0,"max_hp_loss":0,"event_name":"Forgotten Altar","floor":19,"gold_loss":0,"cards_obtained":["Decay"]},{"damage_healed":0,"gold_gain":0,"player_choice":"Ignored","damage_taken":0,"max_hp_gain":0,"max_hp_loss":0,"event_name":"Ghosts","floor":20,"gold_loss":0},{"damage_healed":0,"gold_gain":0,"player_choice":"Ignored","damage_taken":0,"max_hp_gain":0,"max_hp_loss":0,"event_name":"Vampires","floor":29,"gold_loss":0},{"damage_healed":0,"gold_gain":0,"player_choice":"Fight","damage_taken":0,"max_hp_gain":0,"max_hp_loss":0,"event_name":"Mysterious Sphere","floor":38,"gold_loss":0},{"damage_healed":0,"gold_gain":0,"player_choice":"Fight","damage_taken":0,"max_hp_gain":0,"max_hp_loss":0,"event_name":"MindBloom","floor":39,"gold_loss":0},{"damage_healed":0,"gold_gain":0,"player_choice":"Memory 1","damage_taken":0,"max_hp_gain":0,"max_hp_loss":0,"event_name":"SensoryStone","floor":44,"gold_loss":0},{"cards_removed":["Strike_G"],"damage_healed":0,"gold_gain":0,"player_choice":"Removed Attack","damage_taken":0,"max_hp_gain":0,"max_hp_loss":0,"event_name":"Falling","floor":45,"gold_loss":0}],"is_beta":false,"boss_relics":[{"not_picked":["Sozu","HoveringKite"],"picked":"Velvet Choker"},{"not_picked":["Runic Pyramid","White Beast Statue"],"picked":"Black Star"}],"items_purged_floors":[2,10,21,37,53],"is_endless":false,"potions_floor_spawned":[1,5,8,25,30,31,33,35,36,38,42,47],"killed_by":"The Heart","ascension_level":1}