{"gold_per_floor":[115,134,145,70,85,85,112,112,112,125,156,121,138,151,151,254,254,270,299,224,69,89,114,114,149,149,149,149,183,183,198,198,295,295,307,307,0,19,119,154,154,185,185,204,235,235,250,6,6,6],"floor_reached":51,"playtime":3545,"items_purged":["Strike_R"],"score":1049,"play_id":"8bfd53e2-4228-4d58-8184-711893fe6f0a","local_time":"20190926165423","is_ascension_mode":true,"campfire_choices":[{"data":"Hemokinesis","floor":6,"key":"SMITH"},{"data":"Bash","floor":8,"key":"SMITH"},{"data":"Offering","floor":15,"key":"SMITH"},{"floor":24,"key":"REST"},{"floor":28,"key":"REST"},{"data":"Dual Wield","floor":32,"key":"SMITH"},{"data":"Limit Break","floor":41,"key":"SMITH"},{"floor":46,"key":"DIG"},{"floor":49,"key":"REST"}],"neow_cost":"NONE","seed_source_timestamp":623623912230100,"circlet_count":0,"master_deck":["Strike_R","Strike_R","Defend_R","Defend_R","Defend_R","Defend_R","Bash+1","Hemokinesis+1","Sword Boomerang","Iron Wave","Spot Weakness","True Grit+1","Combust+1","Offering+1","Headbutt+1","Bloodletting","Pommel Strike+1","Berserk+1","Inflame+1","Dual Wield+1","Dual Wield","RitualDagger+1","Metallicize+1","Clothesline+1","Limit Break+1","True Grit+1","Blood for Blood+1","True Grit+1","Disarm","Blood for Blood+1","Armaments"],"relics":["Burning Blood","Frozen Egg 2","Sundial","Molten Egg 2","Sozu","Red Mask","PreservedInsect","Bronze Scales","Potion Belt","Letter Opener","Self Forming Clay","Runic Pyramid","Paper Frog","Pocketwatch","CloakClasp","Centennial Puzzle","Prayer Wheel","Shovel","Bag of Preparation","Red Skull"],"potions_floor_usage":[11,16,23,23,50],"damage_taken":[{"damage":9,"enemies":"Small Slimes","floor":1,"turns":2},{"damage":8,"enemies":"Jaw Worm","floor":2,"turns":4},{"damage":7,"enemies":"2 Louse","floor":3,"turns":3},{"damage":6,"enemies":"Large Slime","floor":5,"turns":5},{"damage":38,"enemies":"Lagavulin","floor":7,"turns":6},{"damage":4,"enemies":"2 Fungi Beasts","floor":10,"turns":3},{"damage":14,"enemies":"3 Sentries","floor":11,"turns":4},{"damage":6,"enemies":"3 Louse","floor":13,"turns":3},{"damage":5,"enemies":"Red Slaver","floor":14,"turns":2},{"damage":2,"enemies":"Slime Boss","floor":16,"turns":5},{"damage":23,"enemies":"Shell Parasite","floor":18,"turns":3},{"damage":19,"enemies":"Masked Bandits","floor":19,"turns":3},{"damage":15,"enemies":"Spheric Guardian","floor":22,"turns":3},{"damage":8,"enemies":"Book of Stabbing","floor":23,"turns":2},{"damage":36,"enemies":"Slavers","floor":25,"turns":3},{"damage":11,"enemies":"Book of Stabbing","floor":29,"turns":2},{"damage":17,"enemies":"Snake Plant","floor":31,"turns":3},{"damage":38,"enemies":"Champ","floor":33,"turns":9},{"damage":4,"enemies":"Orb Walker","floor":35,"turns":3},{"damage":12,"enemies":"3 Shapes","floor":38,"turns":3},{"damage":7,"enemies":"Mind Bloom Boss Battle","floor":39,"turns":5},{"damage":4,"enemies":"Giant Head","floor":40,"turns":5},{"damage":0,"enemies":"Nemesis","floor":42,"turns":3},{"damage":17,"enemies":"Jaw Worm Horde","floor":44,"turns":3},{"damage":16,"enemies":"Reptomancer","floor":45,"turns":4},{"damage":8,"enemies":"Sphere and 2 Shapes","floor":47,"turns":4},{"damage":41,"enemies":"Time Eater","floor":50,"turns":8}],"seed_played":"7929402627522524077","potions_obtained":[{"floor":1,"key":"Dexterity Potion"},{"floor":3,"key":"SteroidPotion"},{"floor":10,"key":"Dexterity Potion"},{"floor":11,"key":"SteroidPotion"},{"floor":16,"key":"Regen Potion"}],"is_trial":false,"path_per_floor":["M","M","M","$","M","R","E","R","T","M","E","?","M","M","R","B",null,"M","?","?","$","M","E","R","E","T","?","R","E","?","M","R","B",null,"M","?","$","M","?","E","R","E","T","M","E","R","M","$","R","B",null],"character_chosen":"IRONCLAD","items_purchased":["PreservedInsect","Blood for Blood+1","Paper Frog","Red Skull","Blood for Blood+1","Armaments"],"campfire_rested":3,"item_purchase_floors":[21,37,37,48,48,48],"current_hp_per_floor":[77,75,74,74,74,74,42,42,42,44,36,56,56,57,57,61,80,63,50,50,50,41,44,68,38,38,32,56,51,51,40,40,8,80,80,80,80,74,73,75,75,80,80,69,59,59,57,57,80,45],"gold":6,"neow_bonus":"TRANSFORM_CARD","is_prod":false,"is_daily":false,"chose_seed":false,"campfire_upgraded":5,"win_rate":0,"timestamp":1569534863,"path_taken":["M","M","M","$","M","R","E","R","T","M","E","?","M","M","R","BOSS","M","?","?","$","M","E","R","E","T","?","R","E","?","M","R","BOSS","M","?","$","?","?","E","R","E","T","M","E","R","M","$","R","BOSS"],"build_version":"2019-09-26","purchased_purges":1,"victory":true,"max_hp_per_floor":[80,80,80,80,80,80,80,80,80,80,80,80,80,80,80,80,80,80,80,80,80,80,80,80,80,80,80,80,80,80,80,80,80,80,80,80,80,80,80,80,80,80,80,80,80,80,80,80,80,80],"card_choices":[{"not_picked":["Body Slam","Thunderclap"],"picked":"Sword Boomerang","floor":1},{"not_picked":["Hemokinesis","Rage"],"picked":"Iron Wave","floor":2},{"not_picked":["Warcry","Body Slam"],"picked":"Spot Weakness","floor":3},{"not_picked":["Warcry","Pummel"],"picked":"True Grit","floor":5},{"not_picked":["Sword Boomerang","Clothesline"],"picked":"Combust","floor":7},{"not_picked":["Iron Wave","Cleave"],"picked":"Offering","floor":10},{"not_picked":["Anger","Rage"],"picked":"Headbutt","floor":11},{"not_picked":["Cleave+1","Spot Weakness"],"picked":"Bloodletting","floor":13},{"not_picked":["Evolve+1","Entrench"],"picked":"Pommel Strike+1","floor":14},{"not_picked":["Fiend Fire+1","Demon Form+1"],"picked":"Berserk+1","floor":16},{"not_picked":["Twin Strike+1","Heavy Blade+1"],"picked":"Inflame+1","floor":18},{"not_picked":["Clash+1","Carnage+1"],"picked":"Dual Wield","floor":22},{"not_picked":["Perfected Strike+1","Sever Soul+1"],"picked":"Dual Wield","floor":23},{"not_picked":["Warcry+1","Carnage+1","Flame Barrier+1"],"picked":"SKIP","floor":25},{"not_picked":["Armaments","Impervious"],"picked":"Metallicize+1","floor":29},{"not_picked":["Sword Boomerang+1","Headbutt+1"],"picked":"Clothesline+1","floor":31},{"not_picked":["Offering","Impervious"],"picked":"Limit Break","floor":33},{"not_picked":["Thunderclap+1","Heavy Blade+1"],"picked":"True Grit+1","floor":35},{"not_picked":["Perfected Strike+1","Dropkick+1","Heavy Blade+1"],"picked":"SKIP","floor":38},{"not_picked":["Clothesline+1","Clash+1","Inflame+1"],"picked":"SKIP","floor":40},{"not_picked":["Ghostly Armor","Wild Strike+1","Whirlwind+1"],"picked":"SKIP","floor":42},{"not_picked":["Uppercut+1","Rampage+1"],"picked":"True Grit+1","floor":44},{"not_picked":["Anger+1","Reckless Charge+1","Perfected Strike+1"],"picked":"SKIP","floor":44},{"not_picked":["Headbutt+1","Searing Blow+1","Bloodletting+1"],"picked":"SKIP","floor":45},{"not_picked":["Warcry","Havoc"],"picked":"Disarm","floor":47},{"not_picked":["Metallicize+1","Iron Wave+1","Fire Breathing+1"],"picked":"SKIP","floor":47}],"player_experience":320945,"relics_obtained":[{"floor":7,"key":"Frozen Egg 2"},{"floor":9,"key":"Sundial"},{"floor":11,"key":"Molten Egg 2"},{"floor":19,"key":"Red Mask"},{"floor":23,"key":"Bronze Scales"},{"floor":25,"key":"Potion Belt"},{"floor":26,"key":"Letter Opener"},{"floor":29,"key":"Self Forming Clay"},{"floor":39,"key":"Pocketwatch"},{"floor":40,"key":"CloakClasp"},{"floor":42,"key":"Centennial Puzzle"},{"floor":43,"key":"Prayer Wheel"},{"floor":45,"key":"Shovel"},{"floor":46,"key":"Bag of Preparation"}],"event_choices":[{"damage_healed":20,"gold_gain":0,"player_choice":"Healed","damage_taken":0,"max_hp_gain":0,"max_hp_loss":0,"event_name":"The Cleric","floor":12,"gold_loss":35},{"damage_healed":0,"gold_gain":0,"player_choice":"Fought Bandits","damage_taken":0,"max_hp_gain":0,"max_hp_loss":0,"event_name":"Masked Bandits","floor":19,"gold_loss":0},{"cards_removed":["Strike_R"],"damage_healed":0,"gold_gain":0,"player_choice":"Gave Gold","damage_taken":0,"max_hp_gain":0,"max_hp_loss":0,"event_name":"Beggar","floor":20,"gold_loss":75},{"damage_healed":0,"gold_gain":0,"player_choice":"Joined the Cult","damage_taken":6,"max_hp_gain":0,"max_hp_loss":0,"event_name":"Nest","floor":27,"gold_loss":0,"cards_obtained":["RitualDagger"]},{"damage_healed":0,"gold_gain":0,"player_choice":"Ignored","damage_taken":0,"max_hp_gain":0,"max_hp_loss":0,"event_name":"Vampires","floor":30,"gold_loss":0},{"damage_healed":0,"gold_gain":0,"player_choice":"Forge","damage_taken":0,"max_hp_gain":0,"max_hp_loss":0,"event_name":"Accursed Blacksmith","floor":36,"gold_loss":0,"cards_upgraded":["True Grit"]},{"damage_healed":0,"gold_gain":0,"player_choice":"Fight","damage_taken":0,"max_hp_gain":0,"max_hp_loss":0,"event_name":"MindBloom","floor":39,"gold_loss":0}],"is_beta":true,"boss_relics":[{"not_picked":["Mark of Pain","Cursed Key"],"picked":"Sozu"},{"not_picked":["Pandora\u0027s Box","Tiny House"],"picked":"Runic Pyramid"}],"items_purged_floors":[4],"is_endless":false,"potions_floor_spawned":[1,3,10,11,16,19,25,29,35,40,42,47],"ascension_level":4}