{"gold_per_floor":[112,112,124,143,155,155,155,185,212,238,238,258,258,285,285,382,382,397,397],"floor_reached":19,"playtime":1234,"items_purged":[],"score":249,"play_id":"298cf46c-4027-41c3-8cf3-473c26307efd","local_time":"20190703121240","is_ascension_mode":true,"campfire_choices":[{"data":"Bouncing Flask","floor":6,"key":"SMITH"},{"floor":11,"key":"REST"},{"data":"Deflect","floor":15,"key":"SMITH"}],"neow_cost":"NONE","seed_source_timestamp":1762793411762095,"circlet_count":0,"master_deck":["Strike_G","Strike_G","Strike_G","Strike_G","Strike_G","Defend_G","Defend_G","Defend_G","Defend_G","Defend_G","Survivor","Neutralize","Bouncing Flask+1","PiercingWail","Acrobatics","Dagger Spray","Deflect+1","Blur","Blur","A Thousand Cuts","Footwork"],"relics":["Ring of the Snake","Regal Pillow","Art of War","The Courier","Blood Vial","Black Star"],"potions_floor_usage":[8,10,10,18,19],"damage_taken":[{"damage":0,"enemies":"2 Louse","floor":1,"turns":3},{"damage":3,"enemies":"Jaw Worm","floor":3,"turns":4},{"damage":1,"enemies":"Cultist","floor":4,"turns":5},{"damage":7,"enemies":"2 Fungi Beasts","floor":5,"turns":5},{"damage":37,"enemies":"Gremlin Nob","floor":8,"turns":5},{"damage":14,"enemies":"3 Sentries","floor":10,"turns":5},{"damage":10,"enemies":"Red Slaver","floor":12,"turns":6},{"damage":22,"enemies":"Lagavulin","floor":14,"turns":6},{"damage":25,"enemies":"Hexaghost","floor":16,"turns":11},{"damage":19,"enemies":"Shell Parasite","floor":18,"turns":6},{"damage":71,"enemies":"Masked Bandits","floor":19,"turns":5}],"seed_played":"-8895512923994807532","potions_obtained":[{"floor":3,"key":"PowerPotion"},{"floor":4,"key":"Block Potion"},{"floor":7,"key":"Fruit Juice"},{"floor":7,"key":"GhostInAJar"},{"floor":10,"key":"SpeedPotion"},{"floor":16,"key":"EssenceOfSteel"}],"is_trial":false,"path_per_floor":["M","?","M","M","M","R","?","E","T","E","R","M","?","E","R","B",null,"M","?"],"character_chosen":"THE_SILENT","items_purchased":[],"campfire_rested":1,"item_purchase_floors":[],"current_hp_per_floor":[77,82,79,78,71,71,71,39,39,25,66,56,53,31,31,8,87,68,0],"gold":397,"neow_bonus":"TEN_PERCENT_HP_BONUS","is_prod":false,"is_daily":false,"chose_seed":false,"campfire_upgraded":2,"win_rate":0,"timestamp":1562170360,"path_taken":["M","?","M","M","M","R","?","E","T","E","R","?","?","E","R","BOSS","M","?"],"build_version":"2019-07-01","purchased_purges":0,"victory":false,"max_hp_per_floor":[77,82,82,82,82,82,82,87,87,87,87,87,87,87,87,87,87,87,87],"card_choices":[{"not_picked":["PiercingWail","Underhanded Strike"],"picked":"Bouncing Flask","floor":1},{"not_picked":["Acrobatics","Heel Hook"],"picked":"PiercingWail","floor":3},{"not_picked":["Setup","Deadly Poison"],"picked":"Acrobatics","floor":4},{"not_picked":["Concentrate","Poisoned Stab"],"picked":"Dagger Spray","floor":5},{"not_picked":["Quick Slash","Distraction"],"picked":"Deflect","floor":8},{"not_picked":["Slice","Phantasmal Killer","Blade Dance"],"picked":"SKIP","floor":10},{"not_picked":["Poisoned Stab","Finisher"],"picked":"Blur","floor":12},{"not_picked":["All Out Attack","Concentrate"],"picked":"Blur","floor":14},{"not_picked":["Tools of the Trade","Wraith Form v2"],"picked":"A Thousand Cuts","floor":16},{"not_picked":["Expertise","Blade Dance"],"picked":"Footwork","floor":18}],"player_experience":342940,"relics_obtained":[{"floor":8,"key":"Regal Pillow"},{"floor":10,"key":"Art of War"},{"floor":14,"key":"Blood Vial"}],"event_choices":[{"damage_healed":0,"gold_gain":0,"player_choice":"Donut","damage_taken":0,"max_hp_gain":5,"max_hp_loss":0,"event_name":"Big Fish","floor":2,"gold_loss":0},{"damage_healed":0,"gold_gain":0,"player_choice":"Got Potions","damage_taken":0,"max_hp_gain":0,"max_hp_loss":0,"event_name":"Lab","floor":7,"gold_loss":0},{"damage_healed":0,"gold_gain":0,"player_choice":"Success","damage_taken":3,"relics_obtained":["The Courier"],"max_hp_gain":0,"max_hp_loss":0,"event_name":"Scrap Ooze","floor":13,"gold_loss":0},{"damage_healed":0,"gold_gain":0,"player_choice":"Fought Bandits","damage_taken":0,"max_hp_gain":0,"max_hp_loss":0,"event_name":"Masked Bandits","floor":19,"gold_loss":0}],"is_beta":false,"boss_relics":[{"not_picked":["Ectoplasm","Ring of the Serpent"],"picked":"Black Star"}],"items_purged_floors":[],"is_endless":false,"potions_floor_spawned":[3,4,10,16],"killed_by":"Masked Bandits","ascension_level":4}