{"gold_per_floor":[110,2,2,21,38,38,49,63,63,35,35,45,45,74,74,148,148,161,161],"floor_reached":19,"playtime":1151,"items_purged":[],"score":321,"play_id":"f7783f48-9224-4d7c-94d5-21b09c14f660","local_time":"20190903222240","is_ascension_mode":true,"campfire_choices":[{"data":"Rampage","floor":6,"key":"SMITH"},{"data":"Armaments","floor":11,"key":"SMITH"},{"data":"Feel No Pain","floor":13,"key":"SMITH"},{"data":"Metallicize","floor":15,"key":"SMITH"}],"neow_cost":"NONE","seed_source_timestamp":270033160132000,"circlet_count":0,"master_deck":["AscendersBane","Strike_R","Strike_R","Strike_R","Strike_R","Defend_R","Defend_R","Defend_R","Defend_R","Bash","Sword Boomerang","Iron Wave","Metallicize+1","Rampage+1","Feel No Pain+1","True Grit","Headbutt","Armaments+1","Spot Weakness","Juggernaut","Shrug It Off"],"relics":["Burning Blood","Blue Candle","Smiling Mask","Fusion Hammer"],"potions_floor_usage":[18,19],"damage_taken":[{"damage":8,"enemies":"Cultist","floor":1,"turns":5},{"damage":0,"enemies":"2 Louse","floor":4,"turns":3},{"damage":13,"enemies":"Jaw Worm","floor":5,"turns":4},{"damage":7,"enemies":"Looter","floor":7,"turns":4},{"damage":11,"enemies":"Blue Slaver","floor":8,"turns":6},{"damage":5,"enemies":"3 Louse","floor":12,"turns":4},{"damage":15,"enemies":"Lagavulin","floor":14,"turns":8},{"damage":32,"enemies":"Slime Boss","floor":16,"turns":14},{"damage":14,"enemies":"Shell Parasite","floor":18,"turns":4},{"damage":73,"enemies":"Masked Bandits","floor":19,"turns":3}],"seed_played":"9206181555035347330","potions_obtained":[{"floor":8,"key":"LiquidBronze"},{"floor":16,"key":"PowerPotion"},{"floor":18,"key":"Swift Potion"}],"is_trial":false,"path_per_floor":["M","$","?","M","M","R","M","M","T","$","R","M","R","E","R","B",null,"M","?"],"character_chosen":"IRONCLAD","items_purchased":["Iron Wave","Metallicize","Armaments"],"campfire_rested":0,"item_purchase_floors":[2,2,10],"current_hp_per_floor":[73,73,73,79,72,72,71,66,66,66,66,67,67,58,58,32,70,62,0],"gold":161,"neow_bonus":"TEN_PERCENT_HP_BONUS","is_prod":false,"is_daily":false,"chose_seed":false,"campfire_upgraded":4,"win_rate":0,"timestamp":1567567360,"path_taken":["M","$","?","M","M","R","M","M","T","?","R","M","R","E","R","BOSS","M","?"],"build_version":"2019-07-17","purchased_purges":0,"victory":false,"max_hp_per_floor":[82,82,82,82,82,82,82,82,82,82,82,82,82,82,82,82,82,82,82],"card_choices":[{"not_picked":["Havoc","Twin Strike"],"picked":"Sword Boomerang","floor":1},{"not_picked":["Pummel","Ghostly Armor"],"picked":"Rampage","floor":4},{"not_picked":["True Grit","Perfected Strike"],"picked":"Feel No Pain","floor":5},{"not_picked":["Uppercut","Heavy Blade"],"picked":"True Grit","floor":7},{"not_picked":["Thunderclap","Wild Strike"],"picked":"Headbutt","floor":8},{"not_picked":["Armaments","Anger","Reckless Charge"],"picked":"SKIP","floor":12},{"not_picked":["Bludgeon","True Grit"],"picked":"Spot Weakness","floor":14},{"not_picked":["Demon Form","Bludgeon"],"picked":"Juggernaut","floor":16},{"not_picked":["Body Slam","Wild Strike"],"picked":"Shrug It Off","floor":18}],"player_experience":816624,"relics_obtained":[{"floor":9,"key":"Blue Candle"},{"floor":14,"key":"Smiling Mask"}],"event_choices":[{"cards_removed":["Strike_R"],"damage_healed":0,"gold_gain":0,"player_choice":"Offered Basic","damage_taken":0,"max_hp_gain":0,"max_hp_loss":0,"event_name":"Bonfire Elementals","floor":3,"gold_loss":0},{"damage_healed":0,"gold_gain":0,"player_choice":"Fought Bandits","damage_taken":0,"max_hp_gain":0,"max_hp_loss":0,"event_name":"Masked Bandits","floor":19,"gold_loss":0}],"is_beta":false,"boss_relics":[{"not_picked":["Orrery","Snecko Eye"],"picked":"Fusion Hammer"}],"items_purged_floors":[],"is_endless":false,"potions_floor_spawned":[8,16,18],"killed_by":"Masked Bandits","ascension_level":18}