{"gold_per_floor":[109,128,140,215,233,233,246,246,269,303,14,14,31,42,42,147,147,160,160,170,188,207,207,60,60,136,7,37,37],"floor_reached":29,"playtime":1403,"items_purged":["Strike_B"],"score":272,"play_id":"231c80c2-edfd-4356-be17-100bd6518f85","local_time":"20190827134419","is_ascension_mode":false,"campfire_choices":[{"data":"Zap","floor":6,"key":"SMITH"},{"data":"Fission","floor":8,"key":"SMITH"},{"data":"Dualcast","floor":12,"key":"SMITH"},{"floor":15,"key":"REST"},{"data":"Double Energy","floor":23,"key":"SMITH"},{"data":"Recycle","floor":25,"key":"SMITH"}],"neow_cost":"NONE","seed_source_timestamp":390824754547269,"circlet_count":0,"master_deck":["Strike_B","Strike_B","Strike_B+1","Defend_B","Defend_B","Defend_B","Defend_B","Zap+1","Dualcast+1","Fission+1","Streamline+1","Conserve Battery","Capacitor","Rebound","Ball Lightning","Gash","Gash","Gash","Meteor Strike","Hologram+1","Meteor Strike","Recycle+1","Double Energy+1","Doom and Gloom","All For One","Sweeping Beam","Gash"],"relics":["Cracked Core","Centennial Puzzle","Whetstone","Thread and Needle","Inserter","Ancient Tea Set"],"potions_floor_usage":[18,28,28],"damage_taken":[{"damage":0,"enemies":"Small Slimes","floor":1,"turns":3},{"damage":1,"enemies":"Jaw Worm","floor":2,"turns":2},{"damage":1,"enemies":"Cultist","floor":3,"turns":3},{"damage":16,"enemies":"Large Slime","floor":5,"turns":7},{"damage":3,"enemies":"Red Slaver","floor":7,"turns":3},{"damage":17,"enemies":"Lagavulin","floor":10,"turns":8},{"damage":0,"enemies":"Exordium Wildlife","floor":13,"turns":2},{"damage":4,"enemies":"Gremlin Gang","floor":14,"turns":3},{"damage":23,"enemies":"The Guardian","floor":16,"turns":8},{"damage":1,"enemies":"Shell Parasite","floor":18,"turns":3},{"damage":0,"enemies":"Chosen","floor":20,"turns":4},{"damage":22,"enemies":"Centurion and Healer","floor":21,"turns":6},{"damage":11,"enemies":"Snecko","floor":22,"turns":3},{"damage":28,"enemies":"Slavers","floor":28,"turns":3},{"damage":33,"enemies":"Shelled Parasite and Fungi","floor":29,"turns":3}],"seed_played":"-4029944672413332215","potions_obtained":[{"floor":3,"key":"LiquidBronze"},{"floor":13,"key":"FairyPotion"},{"floor":14,"key":"AttackPotion"},{"floor":20,"key":"PowerPotion"}],"is_trial":false,"path_per_floor":["M","M","M","?","M","R","M","R","T","E","$","R","M","M","R","B",null,"M","?","M","M","M","R","$","R","T","$","E","M"],"character_chosen":"DEFECT","items_purchased":["Thread and Needle","All For One","Sweeping Beam"],"campfire_rested":1,"item_purchase_floors":[11,24,27],"current_hp_per_floor":[75,74,73,62,46,46,43,43,43,26,26,26,26,22,44,21,75,74,74,74,52,41,41,41,41,41,41,13,0],"gold":37,"neow_bonus":"ONE_RANDOM_RARE_CARD","is_prod":false,"is_daily":false,"chose_seed":false,"campfire_upgraded":5,"win_rate":0,"timestamp":1566902659,"path_taken":["M","M","M","?","M","R","M","R","T","E","$","R","M","M","R","BOSS","M","?","M","M","M","R","?","R","T","$","E","M"],"build_version":"2019-07-17","purchased_purges":1,"victory":false,"max_hp_per_floor":[75,75,75,75,75,75,75,75,75,75,75,75,75,75,75,75,75,75,75,75,75,75,75,75,75,75,75,75,75],"card_choices":[{"not_picked":["Blizzard","Auto Shields"],"picked":"Streamline","floor":1},{"not_picked":["Auto Shields","Steam"],"picked":"Conserve Battery","floor":2},{"not_picked":["Blizzard","Fusion"],"picked":"Capacitor","floor":3},{"not_picked":["Force Field","Compile Driver"],"picked":"Rebound","floor":5},{"not_picked":["Stack","Reprogram"],"picked":"Ball Lightning","floor":7},{"not_picked":["Turbo","Steam"],"picked":"Gash","floor":10},{"not_picked":["Amplify","Streamline"],"picked":"Gash","floor":13},{"not_picked":["Loop","Scrape"],"picked":"Gash","floor":14},{"not_picked":["Fission","Multi-Cast"],"picked":"Meteor Strike","floor":16},{"not_picked":["Go for the Eyes+1","Coolheaded"],"picked":"Hologram+1","floor":18},{"not_picked":["Tempest","Chaos+1"],"picked":"Recycle","floor":20},{"not_picked":["Genetic Algorithm","Stack"],"picked":"Double Energy","floor":21},{"not_picked":["Streamline","Glacier"],"picked":"Doom and Gloom","floor":22},{"not_picked":["Force Field","Aggregate"],"picked":"Gash","floor":28}],"player_experience":191399,"relics_obtained":[{"floor":9,"key":"Centennial Puzzle"},{"floor":10,"key":"Whetstone"},{"floor":28,"key":"Ancient Tea Set"}],"event_choices":[{"damage_healed":0,"gold_gain":75,"player_choice":"Gather Gold","damage_taken":11,"max_hp_gain":0,"max_hp_loss":0,"event_name":"World of Goop","floor":4,"gold_loss":0},{"damage_healed":0,"gold_gain":0,"player_choice":"Copied","damage_taken":0,"max_hp_gain":0,"max_hp_loss":0,"event_name":"Duplicator","floor":19,"gold_loss":0,"cards_obtained":["Meteor Strike"]}],"is_beta":false,"boss_relics":[{"not_picked":["Ectoplasm","Astrolabe"],"picked":"Inserter"}],"items_purged_floors":[27],"is_endless":false,"potions_floor_spawned":[3,13,14,16,20,22],"killed_by":"Shelled Parasite and Fungi","ascension_level":0}