{"gold_per_floor":[116,128,128,147,160,195,122,122,122,134,144,144,144,120,120,219,219,230,242,259,276,276,276,294,294,294,323,339,350,365,92,92,187,187,203,220,220,238,338,338,352,367,413,413,429,306,318,335,335,335],"floor_reached":50,"playtime":3405,"items_purged":["Pain"],"score":574,"play_id":"21906a54-f6fd-4586-ab4d-6c3bcb15aaa5","local_time":"20190820235127","is_ascension_mode":true,"campfire_choices":[{"data":"Burst","floor":8,"key":"SMITH"},{"data":"Finisher","floor":12,"key":"SMITH"},{"floor":15,"key":"REST"},{"data":"A Thousand Cuts","floor":23,"key":"SMITH"},{"data":"Blade Dance","floor":25,"key":"SMITH"},{"floor":32,"key":"REST"},{"floor":40,"key":"REST"},{"floor":49,"key":"REST"}],"neow_cost":"NONE","seed_source_timestamp":434692707437559,"circlet_count":0,"master_deck":["Strike_G","Strike_G","Strike_G","Strike_G","Strike_G","Defend_G","Defend_G","Defend_G","Defend_G","Defend_G","Survivor","Neutralize","Burst+1","Finisher+1","Slice+1","Acrobatics","Riddle With Holes","A Thousand Cuts+1","Well Laid Plans+1","Sucker Punch","Slice","Cloak And Dagger","Die Die Die","Endless Agony","Caltrops","Backflip","Blade Dance+1","Riddle With Holes","Backflip+1","Accuracy","Endless Agony+1","Secret Weapon","Secret Weapon","Bandage Up","Cloak And Dagger","Choke","Cloak And Dagger"],"relics":["Ring of the Serpent","Ninja Scroll","Mummified Hand","Shuriken","Meat on the Bone","ClockworkSouvenir","Cursed Key","Shovel","Anchor"],"potions_floor_usage":[6,16,19,27,27,33,45,50,50],"damage_taken":[{"damage":0,"enemies":"Cultist","floor":1,"turns":5},{"damage":0,"enemies":"2 Louse","floor":2,"turns":2},{"damage":4,"enemies":"Jaw Worm","floor":4,"turns":3},{"damage":8,"enemies":"Blue Slaver","floor":5,"turns":4},{"damage":14,"enemies":"3 Sentries","floor":6,"turns":7},{"damage":0,"enemies":"2 Fungi Beasts","floor":10,"turns":3},{"damage":6,"enemies":"3 Louse","floor":11,"turns":2},{"damage":35,"enemies":"Slime Boss","floor":16,"turns":8},{"damage":6,"enemies":"3 Byrds","floor":18,"turns":5},{"damage":0,"enemies":"2 Thieves","floor":19,"turns":1},{"damage":12,"enemies":"Cultist and Chosen","floor":20,"turns":5},{"damage":0,"enemies":"Centurion and Healer","floor":21,"turns":5},{"damage":17,"enemies":"Snecko","floor":24,"turns":4},{"damage":0,"enemies":"Book of Stabbing","floor":27,"turns":1},{"damage":6,"enemies":"Chosen and Byrds","floor":28,"turns":3},{"damage":20,"enemies":"Shelled Parasite and Fungi","floor":29,"turns":2},{"damage":31,"enemies":"Centurion and Healer","floor":30,"turns":4},{"damage":25,"enemies":"Collector","floor":33,"turns":7},{"damage":3,"enemies":"Orb Walker","floor":35,"turns":3},{"damage":15,"enemies":"3 Shapes","floor":36,"turns":4},{"damage":0,"enemies":"Jaw Worm Horde","floor":38,"turns":3},{"damage":29,"enemies":"Mind Bloom Boss Battle","floor":39,"turns":5},{"damage":8,"enemies":"Spire Growth","floor":41,"turns":3},{"damage":0,"enemies":"Sphere and 2 Shapes","floor":42,"turns":1},{"damage":3,"enemies":"Maw","floor":45,"turns":4},{"damage":2,"enemies":"Transient","floor":47,"turns":5},{"damage":0,"enemies":"3 Darklings","floor":48,"turns":2},{"damage":100,"enemies":"Awakened One","floor":50,"turns":10}],"seed_played":"-9152570115554911409","potions_obtained":[{"floor":4,"key":"Explosive Potion"},{"floor":10,"key":"Explosive Potion"},{"floor":16,"key":"SteroidPotion"},{"floor":20,"key":"SteroidPotion"},{"floor":24,"key":"Strength Potion"},{"floor":29,"key":"GhostInAJar"},{"floor":33,"key":"Ancient Potion"},{"floor":35,"key":"Explosive Potion"},{"floor":38,"key":"Swift Potion"}],"is_trial":false,"path_per_floor":["M","M","?","M","M","E","$","R","T","M","M","R","?","$","R","B",null,"M","M","M","M","$","R","M","R","T","E","M","M","M","$","R","B",null,"M","M","?","M","?","R","M","M","T","?","M","$","M","M","R","B"],"character_chosen":"THE_SILENT","items_purchased":["Well Laid Plans","Cloak And Dagger","Accuracy","ClockworkSouvenir","Cloak And Dagger"],"campfire_rested":4,"item_purchase_floors":[7,14,31,31,46],"current_hp_per_floor":[70,70,70,66,58,44,44,44,44,44,38,38,24,24,45,10,70,64,64,52,52,52,52,35,35,35,35,41,33,14,14,35,22,70,67,52,42,42,29,50,50,50,50,50,51,51,53,53,70,0],"gold":335,"neow_bonus":"ONE_RANDOM_RARE_CARD","is_prod":false,"is_daily":false,"chose_seed":false,"campfire_upgraded":4,"win_rate":0,"timestamp":1566334287,"path_taken":["M","M","?","M","M","E","$","R","T","?","M","R","?","?","R","BOSS","M","M","M","M","$","R","M","R","T","E","M","M","M","$","R","BOSS","M","M","?","M","?","R","M","M","T","?","M","$","M","M","R","BOSS"],"build_version":"2019-07-17","purchased_purges":1,"victory":false,"max_hp_per_floor":[70,70,70,70,70,70,70,70,70,70,70,70,70,70,70,70,70,70,70,70,70,70,70,70,70,70,70,70,70,70,70,70,70,70,70,70,70,70,70,70,70,70,70,70,70,70,70,70,70,70],"card_choices":[{"not_picked":["Dodge and Roll","Quick Slash"],"picked":"Finisher","floor":1},{"not_picked":["Dagger Throw","Underhanded Strike"],"picked":"Slice","floor":2},{"not_picked":["Prepared","Outmaneuver"],"picked":"Acrobatics","floor":4},{"not_picked":["Bouncing Flask","Acrobatics"],"picked":"Riddle With Holes","floor":5},{"not_picked":["Finisher","Underhanded Strike"],"picked":"A Thousand Cuts","floor":6},{"not_picked":["Deflect","Prepared"],"picked":"Sucker Punch","floor":10},{"not_picked":["Calculated Gamble","Outmaneuver"],"picked":"Slice","floor":11},{"not_picked":["Doppelganger","Burst"],"picked":"Die Die Die","floor":16},{"not_picked":["PiercingWail","Dash"],"picked":"Endless Agony","floor":18},{"not_picked":["Dagger Throw","Flying Knee+1","Acrobatics"],"picked":"SKIP","floor":19},{"not_picked":["Deadly Poison","Outmaneuver+1"],"picked":"Caltrops","floor":20},{"not_picked":["Dagger Spray","Outmaneuver"],"picked":"Backflip","floor":21},{"not_picked":["Outmaneuver+1","PiercingWail"],"picked":"Blade Dance","floor":24},{"not_picked":["Heel Hook","Dagger Spray+1","Tools of the Trade"],"picked":"SKIP","floor":27},{"not_picked":["Poisoned Stab","Backflip"],"picked":"Riddle With Holes","floor":28},{"not_picked":["Deflect","Dodge and Roll"],"picked":"Backflip+1","floor":29},{"not_picked":["Prepared+1","Doppelganger","Bane"],"picked":"SKIP","floor":30},{"not_picked":["Dodge and Roll+1","Quick Slash+1"],"picked":"Endless Agony+1","floor":35},{"not_picked":["Sucker Punch","Dodge and Roll","Masterful Stab"],"picked":"SKIP","floor":36},{"not_picked":["Mind Blast","Magnetism"],"picked":"Secret Weapon","floor":37},{"not_picked":["Transmutation","Discovery"],"picked":"Secret Weapon","floor":37},{"not_picked":["Jack Of All Trades","Trip"],"picked":"Bandage Up","floor":37},{"not_picked":["Tactician","Flying Knee+1","Reflex+1"],"picked":"SKIP","floor":38},{"not_picked":["Deadly Poison","Backflip"],"picked":"Cloak And Dagger","floor":39},{"not_picked":["Setup","Deflect+1","Eviscerate"],"picked":"SKIP","floor":41},{"not_picked":["Cloak And Dagger","Acrobatics+1"],"picked":"Choke","floor":42},{"not_picked":["Outmaneuver","Heel Hook","Dash+1"],"picked":"SKIP","floor":45},{"not_picked":["Bane","Escape Plan+1","Bouncing Flask"],"picked":"SKIP","floor":47},{"not_picked":["Quick Slash","Well Laid Plans","Choke"],"picked":"SKIP","floor":48}],"player_experience":128800,"relics_obtained":[{"floor":6,"key":"Ninja Scroll"},{"floor":9,"key":"Mummified Hand"},{"floor":26,"key":"Shuriken"},{"floor":27,"key":"Meat on the Bone"},{"floor":39,"key":"Shovel"},{"floor":43,"key":"Anchor"}],"event_choices":[{"damage_healed":0,"gold_gain":0,"player_choice":"Bought 0 Potions","damage_taken":0,"max_hp_gain":0,"max_hp_loss":0,"event_name":"The Woman in Blue","floor":3,"gold_loss":0},{"damage_healed":0,"gold_gain":0,"player_choice":"Entered Light","damage_taken":14,"max_hp_gain":0,"max_hp_loss":0,"event_name":"Shining Light","floor":13,"gold_loss":0,"cards_upgraded":["Slice","Well Laid Plans"]},{"damage_healed":0,"gold_gain":0,"player_choice":"Memory 3","damage_taken":10,"max_hp_gain":0,"max_hp_loss":0,"event_name":"SensoryStone","floor":37,"gold_loss":0},{"damage_healed":0,"gold_gain":0,"player_choice":"Fight","damage_taken":0,"max_hp_gain":0,"max_hp_loss":0,"event_name":"MindBloom","floor":39,"gold_loss":0},{"damage_healed":0,"gold_gain":0,"player_choice":"Ignored","damage_taken":0,"max_hp_gain":0,"max_hp_loss":0,"event_name":"Tomb of Lord Red Mask","floor":44,"gold_loss":0}],"is_beta":false,"boss_relics":[{"not_picked":["Empty Cage","Eternal Feather"],"picked":"Ring of the Serpent"},{"not_picked":["Velvet Choker","Lizard Tail"],"picked":"Cursed Key"}],"items_purged_floors":[46],"is_endless":false,"potions_floor_spawned":[4,10,16,20,24,29,33,35,38,41,42],"killed_by":"Awakened One","ascension_level":2}