{"gold_per_floor":[109,121,135,149,166,166,182,201,201,235,235,79,90,110,110,110],"floor_reached":16,"playtime":986,"items_purged":["Strike_B"],"score":108,"play_id":"83975bc1-a607-4494-a88e-6548797d02a9","local_time":"20190819121305","is_ascension_mode":false,"campfire_choices":[{"data":"Consume","floor":6,"key":"SMITH"},{"floor":11,"key":"REST"},{"data":"Enlightenment","floor":15,"key":"SMITH"}],"neow_cost":"CURSE","seed_source_timestamp":308804193328704,"circlet_count":0,"master_deck":["Strike_B","Strike_B","Strike_B","Defend_B","Defend_B","Defend_B","Defend_B","Zap","Dualcast","Forethought","Enlightenment+1","Clumsy","Consume+1","BootSequence","Auto Shields","Gash","Steam","Conserve Battery","All For One","Redo","Doom and Gloom","FTL","Lockon"],"relics":["Cracked Core","Bottled Flame","Boot"],"potions_floor_usage":[],"damage_taken":[{"damage":5,"enemies":"Small Slimes","floor":1,"turns":3},{"damage":0,"enemies":"2 Louse","floor":2,"turns":2},{"damage":9,"enemies":"Cultist","floor":3,"turns":4},{"damage":1,"enemies":"2 Fungi Beasts","floor":4,"turns":4},{"damage":10,"enemies":"Red Slaver","floor":5,"turns":6},{"damage":5,"enemies":"Exordium Thugs","floor":7,"turns":4},{"damage":2,"enemies":"2 Fungi Beasts","floor":8,"turns":3},{"damage":18,"enemies":"Lagavulin","floor":10,"turns":5},{"damage":0,"enemies":"Looter","floor":13,"turns":2},{"damage":0,"enemies":"Gremlin Gang","floor":14,"turns":4},{"damage":51,"enemies":"Slime Boss","floor":16,"turns":7}],"seed_played":"-8547675808913064899","potions_obtained":[{"floor":1,"key":"FearPotion"},{"floor":3,"key":"Fire Potion"},{"floor":7,"key":"Explosive Potion"}],"is_trial":false,"path_per_floor":["M","M","M","M","M","R","M","M","T","E","R","$","M","M","R","B"],"character_chosen":"DEFECT","items_purchased":["Doom and Gloom"],"campfire_rested":1,"item_purchase_floors":[12],"current_hp_per_floor":[70,70,61,60,50,50,45,43,43,25,47,47,47,47,47,0],"gold":110,"neow_bonus":"RANDOM_COLORLESS_2","is_prod":false,"is_daily":false,"chose_seed":false,"campfire_upgraded":2,"win_rate":0,"timestamp":1566205985,"path_taken":["M","M","M","M","M","R","M","M","T","E","R","$","M","M","R","BOSS"],"build_version":"2019-07-17","purchased_purges":1,"victory":false,"max_hp_per_floor":[75,75,75,75,75,75,75,75,75,75,75,75,75,75,75,75],"card_choices":[{"not_picked":["Streamline","Barrage"],"picked":"Consume","floor":1},{"not_picked":["Leap","Streamline"],"picked":"BootSequence","floor":2},{"not_picked":["Barrage","Steam"],"picked":"Auto Shields","floor":3},{"not_picked":["Go for the Eyes","Hologram"],"picked":"Gash","floor":4},{"not_picked":["Chill","Aggregate"],"picked":"Steam","floor":5},{"not_picked":["Fusion","BootSequence"],"picked":"Conserve Battery","floor":7},{"not_picked":["Ball Lightning","Rebound"],"picked":"All For One","floor":8},{"not_picked":["Turbo","Chaos"],"picked":"Redo","floor":10},{"not_picked":["Compile Driver","Force Field"],"picked":"FTL","floor":13},{"not_picked":["Chill","Scrape"],"picked":"Lockon","floor":14}],"player_experience":75956,"relics_obtained":[{"floor":9,"key":"Bottled Flame"},{"floor":10,"key":"Boot"}],"event_choices":[],"is_beta":false,"boss_relics":[],"items_purged_floors":[12],"is_endless":false,"potions_floor_spawned":[1,3,7,8,14],"killed_by":"Slime Boss","ascension_level":0}