{"gold_per_floor":[109,259,259,279,35,35,35,63,131,165,182,194,194,206,206,277,277,289,304,13,33,45,45,59,59,59,59,59,59],"floor_reached":29,"playtime":1663,"items_purged":["Doubt","Strike_R"],"score":447,"play_id":"8bdd728b-7d32-4b39-9643-4f0f253587e9","local_time":"20190904061438","is_ascension_mode":true,"campfire_choices":[{"data":"Inflame","floor":6,"key":"SMITH"},{"data":"Metallicize","floor":13,"key":"SMITH"},{"data":"Pummel","floor":15,"key":"SMITH"},{"data":"Berserk","floor":23,"key":"SMITH"},{"floor":27,"key":"REST"}],"neow_cost":"TEN_PERCENT_HP_LOSS","seed_source_timestamp":297839177132000,"circlet_count":0,"master_deck":["AscendersBane","Strike_R","Strike_R","Defend_R","Defend_R","Defend_R","Defend_R","Bash","Uppercut+1","Inflame+1","Pummel+1","Metallicize+1","Anger","Shrug It Off","Berserk+1","Battle Trance","Power Through","Evolve","Flash of Steel","Thunderclap","Intimidate","Warcry","Clothesline"],"relics":["Burning Blood","Unceasing Top","Orichalcum","Paper Frog","Pantograph","Pen Nib","Empty Cage","Vajra"],"potions_floor_usage":[8,22,22,29],"damage_taken":[{"damage":9,"enemies":"Jaw Worm","floor":1,"turns":5},{"damage":5,"enemies":"2 Louse","floor":4,"turns":4},{"damage":6,"enemies":"Gremlin Nob","floor":8,"turns":4},{"damage":23,"enemies":"Lagavulin","floor":10,"turns":6},{"damage":0,"enemies":"Cultist","floor":11,"turns":3},{"damage":16,"enemies":"3 Louse","floor":12,"turns":4},{"damage":2,"enemies":"Lots of Slimes","floor":14,"turns":4},{"damage":21,"enemies":"The Guardian","floor":16,"turns":8},{"damage":18,"enemies":"Shell Parasite","floor":18,"turns":3},{"damage":13,"enemies":"2 Thieves","floor":19,"turns":4},{"damage":20,"enemies":"Snake Plant","floor":21,"turns":6},{"damage":6,"enemies":"Centurion and Healer","floor":22,"turns":8},{"damage":40,"enemies":"Shelled Parasite and Fungi","floor":24,"turns":7},{"damage":34,"enemies":"Colosseum Slavers","floor":29,"turns":3}],"seed_played":"-7910139005057154291","potions_obtained":[{"floor":1,"key":"FearPotion"},{"floor":7,"key":"Ancient Potion"},{"floor":7,"key":"BloodPotion"},{"floor":11,"key":"Strength Potion"},{"floor":19,"key":"SpeedPotion"},{"floor":22,"key":"SteroidPotion"},{"floor":24,"key":"Dexterity Potion"}],"is_trial":false,"path_per_floor":["M","?","?","M","$","R","?","E","T","E","M","M","R","M","R","B",null,"M","M","$","M","M","R","M","?","T","R","$","?"],"character_chosen":"IRONCLAD","items_purchased":["Orichalcum","Evolve","Flash of Steel","Thunderclap"],"campfire_rested":1,"item_purchase_floors":[5,20,20,20],"current_hp_per_floor":[65,65,65,66,66,66,66,66,66,49,55,45,45,49,49,53,64,52,45,45,31,48,48,14,14,14,34,34,0],"gold":59,"neow_bonus":"ONE_RARE_RELIC","is_prod":false,"is_daily":false,"chose_seed":false,"campfire_upgraded":4,"win_rate":0,"timestamp":1567595678,"path_taken":["M","?","?","?","$","R","?","E","T","E","M","M","R","?","R","BOSS","M","M","$","M","?","R","M","?","T","R","$","?"],"build_version":"2019-07-17","purchased_purges":2,"victory":false,"max_hp_per_floor":[68,68,68,68,68,68,68,68,68,68,68,68,68,68,68,68,68,68,68,68,68,68,68,68,68,68,68,68,68],"card_choices":[{"not_picked":["Sword Boomerang","Rampage"],"picked":"Uppercut","floor":1},{"not_picked":["Sentinel","Rupture"],"picked":"Inflame","floor":4},{"not_picked":["Juggernaut","Combust"],"picked":"Pummel","floor":8},{"not_picked":["Cleave","Evolve"],"picked":"Metallicize","floor":10},{"not_picked":["Heavy Blade","Perfected Strike"],"picked":"Anger","floor":11},{"not_picked":["Clothesline","Twin Strike","Rupture"],"picked":"SKIP","floor":12},{"not_picked":["Body Slam","Infernal Blade"],"picked":"Shrug It Off","floor":14},{"not_picked":["Dark Embrace","Double Tap"],"picked":"Berserk","floor":16},{"not_picked":["Sword Boomerang","Clash"],"picked":"Battle Trance","floor":18},{"not_picked":["Clash","Thunderclap"],"picked":"Power Through","floor":19},{"not_picked":["Armaments","Pummel"],"picked":"Intimidate","floor":21},{"not_picked":["Thunderclap","Twin Strike"],"picked":"Warcry","floor":22},{"not_picked":["Perfected Strike","Twin Strike+1"],"picked":"Clothesline","floor":24}],"player_experience":819641,"relics_obtained":[{"floor":8,"key":"Paper Frog"},{"floor":9,"key":"Pantograph"},{"floor":10,"key":"Pen Nib"},{"floor":26,"key":"Vajra"}],"event_choices":[{"damage_healed":0,"gold_gain":150,"player_choice":"AGREE","damage_taken":0,"max_hp_gain":0,"max_hp_loss":0,"event_name":"Liars Game","floor":2,"gold_loss":0,"cards_obtained":["Doubt"]},{"damage_healed":0,"gold_gain":0,"player_choice":"Upgraded","damage_taken":0,"max_hp_gain":0,"max_hp_loss":0,"event_name":"Upgrade Shrine","floor":3,"gold_loss":0,"cards_upgraded":["Uppercut"]},{"damage_healed":0,"gold_gain":0,"player_choice":"Got Potions","damage_taken":0,"max_hp_gain":0,"max_hp_loss":0,"event_name":"Lab","floor":7,"gold_loss":0},{"damage_healed":0,"gold_gain":0,"player_choice":"Ignored","damage_taken":0,"max_hp_gain":0,"max_hp_loss":0,"event_name":"Cursed Tome","floor":25,"gold_loss":0},{"damage_healed":0,"gold_gain":0,"player_choice":"Fight","damage_taken":0,"max_hp_gain":0,"max_hp_loss":0,"event_name":"Colosseum","floor":29,"gold_loss":0}],"is_beta":false,"boss_relics":[{"not_picked":["Orrery","Runic Dome"],"picked":"Empty Cage"}],"items_purged_floors":[5,20],"is_endless":false,"potions_floor_spawned":[1,11,12,19,22,24],"killed_by":"Colosseum Slavers","ascension_level":18}