{"gold_per_floor":[112,124,124,134,84,84,113,113,139,157,157,168,187,202,202,304,304,323,323,147,147,200,200,216,216,242,242,261,280,280],"floor_reached":30,"playtime":1070,"items_purged":[],"score":232,"play_id":"188aed77-d0c1-4869-9970-0ccded882835","local_time":"20190831150602","is_ascension_mode":false,"campfire_choices":[{"data":"Leap","floor":6,"key":"SMITH"},{"data":"Darkness","floor":8,"key":"SMITH"},{"data":"Fission","floor":11,"key":"SMITH"},{"data":"Recycle","floor":15,"key":"SMITH"},{"data":"Creative AI","floor":23,"key":"SMITH"},{"data":"Leap","floor":25,"key":"SMITH"},{"floor":27,"key":"RECALL"}],"neow_cost":"NONE","seed_source_timestamp":1525329040426536,"circlet_count":0,"master_deck":["Defend_B","Defend_B","Defend_B","Defend_B+1","Zap+1","Dualcast","Leap+1","Darkness+1","Ball Lightning","Auto Shields","Fission+1","Ball Lightning","Recycle+1","Defragment","Echo Form","Leap+1","Force Field","Creative AI+1","Steam","Hologram","Loop","White Noise","Defragment"],"relics":["Cracked Core","Art of War","War Paint","Inserter","Centennial Puzzle"],"potions_floor_usage":[29],"damage_taken":[{"damage":4,"enemies":"2 Louse","floor":1,"turns":3},{"damage":0,"enemies":"Jaw Worm","floor":2,"turns":4},{"damage":4,"enemies":"Cultist","floor":4,"turns":4},{"damage":19,"enemies":"Lagavulin","floor":7,"turns":6},{"damage":0,"enemies":"Large Slime","floor":10,"turns":4},{"damage":0,"enemies":"Blue Slaver","floor":12,"turns":2},{"damage":2,"enemies":"Looter","floor":13,"turns":3},{"damage":0,"enemies":"Large Slime","floor":14,"turns":2},{"damage":11,"enemies":"Slime Boss","floor":16,"turns":8},{"damage":14,"enemies":"Spheric Guardian","floor":18,"turns":4},{"damage":5,"enemies":"Chosen","floor":24,"turns":6},{"damage":18,"enemies":"Snecko","floor":28,"turns":6},{"damage":13,"enemies":"Shelled Parasite and Fungi","floor":29,"turns":6},{"damage":36,"enemies":"Book of Stabbing","floor":30,"turns":5}],"seed_played":"3926733015422771090","potions_obtained":[{"floor":4,"key":"Fire Potion"},{"floor":12,"key":"Regen Potion"},{"floor":13,"key":"GamblersBrew"},{"floor":14,"key":"Block Potion"}],"is_trial":false,"path_per_floor":["M","M","?","M","?","R","E","R","T","M","R","M","M","M","R","B",null,"M","?","$","?","T","R","M","R","T","R","M","M","E"],"character_chosen":"DEFECT","items_purchased":["Steam","Hologram","Loop"],"campfire_rested":0,"item_purchase_floors":[20,20,20],"current_hp_per_floor":[78,78,71,67,67,67,48,48,48,48,48,48,46,46,46,35,82,68,68,68,68,68,68,63,63,63,63,45,32,0],"gold":280,"neow_bonus":"TEN_PERCENT_HP_BONUS","is_prod":false,"is_daily":false,"chose_seed":false,"campfire_upgraded":6,"win_rate":0,"timestamp":1567256762,"path_taken":["M","M","?","M","?","R","E","R","T","M","R","M","M","M","R","BOSS","M","?","$","?","?","R","?","R","T","R","M","M","E"],"build_version":"2019-07-17","purchased_purges":0,"victory":false,"max_hp_per_floor":[82,82,82,82,82,82,82,82,82,82,82,82,82,82,82,82,82,82,82,82,82,82,82,82,82,82,82,82,82,82],"card_choices":[{"not_picked":["Barrage","Heatsinks"],"picked":"Leap","floor":1},{"not_picked":["Stack","Melter"],"picked":"Darkness","floor":2},{"not_picked":["Barrage","Genetic Algorithm"],"picked":"Ball Lightning","floor":4},{"not_picked":["Blizzard","Coolheaded"],"picked":"Auto Shields","floor":7},{"not_picked":["Steam Power","Go for the Eyes"],"picked":"Fission","floor":10},{"not_picked":["Auto Shields","Steam"],"picked":"Ball Lightning","floor":12},{"not_picked":["Streamline","Glacier"],"picked":"Recycle","floor":13},{"not_picked":["Lockon","Compile Driver"],"picked":"Defragment","floor":14},{"not_picked":["Meteor Strike","Hyperbeam"],"picked":"Echo Form","floor":16},{"not_picked":["Beam Cell","Gash"],"picked":"Leap","floor":18},{"not_picked":["Steam Power","Blizzard","Lockon"],"picked":"SKIP","floor":24},{"not_picked":["Barrage","Ball Lightning"],"picked":"Defragment","floor":28},{"not_picked":["Skim","Sunder","Machine Learning"],"picked":"SKIP","floor":29}],"player_experience":103225,"relics_obtained":[{"floor":7,"key":"Art of War"},{"floor":9,"key":"War Paint"},{"floor":26,"key":"Centennial Puzzle"}],"event_choices":[{"cards_removed":["Strike_B"],"damage_healed":0,"gold_gain":0,"player_choice":"Card Removal","damage_taken":7,"max_hp_gain":0,"max_hp_loss":0,"event_name":"Golden Wing","floor":3,"gold_loss":0},{"cards_removed":["Strike_B"],"damage_healed":0,"gold_gain":0,"player_choice":"Card Removal","damage_taken":0,"max_hp_gain":0,"max_hp_loss":0,"event_name":"The Cleric","floor":5,"gold_loss":50},{"damage_healed":0,"gold_gain":0,"cards_transformed":["Strike_B","Strike_B"],"player_choice":"Became Test Subject","damage_taken":0,"max_hp_gain":0,"max_hp_loss":0,"event_name":"Drug Dealer","floor":19,"gold_loss":0,"cards_obtained":["Force Field","Creative AI"]},{"damage_healed":0,"gold_gain":0,"player_choice":"Read","damage_taken":0,"max_hp_gain":0,"max_hp_loss":0,"event_name":"The Library","floor":21,"gold_loss":0,"cards_obtained":["White Noise"]}],"is_beta":false,"boss_relics":[{"not_picked":["Fusion Hammer","Astrolabe"],"picked":"Inserter"}],"items_purged_floors":[],"is_endless":false,"potions_floor_spawned":[4,12,13,14,28],"killed_by":"Book of Stabbing","ascension_level":0}