{"gold_per_floor":[116,7,7,20,36,36,62,62,87,87,97,115,115,40,40,140,140,158,29,29,48,24,24,123,141,165,80,80,90,106,122,122,221,221,233,32,52,2,18,351,351,351,375,395,405,416,416,433,433,433],"floor_reached":50,"playtime":3098,"items_purged":["Decay","Strike_G","Expertise","Strike_G"],"score":501,"play_id":"f4286a59-c605-4678-831d-641d49a5b780","local_time":"20190903231213","is_ascension_mode":false,"campfire_choices":[{"data":"Neutralize","floor":6,"key":"SMITH"},{"data":"Prepared","floor":8,"key":"SMITH"},{"data":"Backstab","floor":10,"key":"SMITH"},{"data":"Flechettes","floor":15,"key":"SMITH"},{"floor":23,"key":"REST"},{"floor":28,"key":"REST"},{"floor":32,"key":"REST"},{"floor":42,"key":"REST"},{"data":"Predator","floor":47,"key":"SMITH"},{"floor":49,"key":"REST"}],"neow_cost":"CURSE","seed_source_timestamp":1811675835162410,"circlet_count":0,"master_deck":["Defend_G","Defend_G","Defend_G","Defend_G","Defend_G","Survivor","Neutralize+1","Bullet Time","Well Laid Plans","Blur","Backstab+1","Adrenaline","Bane","Predator+1","Prepared+1","Flechettes+1","Terror","Corpse Explosion","Necronomicurse","Prepared","Dodge and Roll","Dagger Throw+1","Adrenaline","Sucker Punch+1","Deflect+1","Prepared+1","Backflip+1","Deflect+1"],"relics":["Ring of the Snake","Smiling Mask","Juzu Bracelet","Lizard Tail","Necronomicon","PreservedInsect","Meat on the Bone","Pen Nib","Old Coin","Ancient Tea Set"],"potions_floor_usage":[4,16,25,33,33,40,40,40],"damage_taken":[{"damage":1,"enemies":"2 Louse","floor":1,"turns":4},{"damage":0,"enemies":"Cultist","floor":4,"turns":6},{"damage":1,"enemies":"Jaw Worm","floor":5,"turns":7},{"damage":16,"enemies":"Gremlin Nob","floor":7,"turns":5},{"damage":0,"enemies":"2 Fungi Beasts","floor":11,"turns":4},{"damage":2,"enemies":"Looter","floor":12,"turns":2},{"damage":9,"enemies":"The Guardian","floor":16,"turns":11},{"damage":0,"enemies":"Shell Parasite","floor":18,"turns":6},{"damage":25,"enemies":"Spheric Guardian","floor":21,"turns":6},{"damage":24,"enemies":"Snake Plant","floor":25,"turns":4},{"damage":16,"enemies":"Chosen and Byrds","floor":29,"turns":7},{"damage":0,"enemies":"Snecko","floor":30,"turns":2},{"damage":14,"enemies":"Snake Plant","floor":31,"turns":5},{"damage":44,"enemies":"Champ","floor":33,"turns":15},{"damage":17,"enemies":"3 Shapes","floor":35,"turns":3},{"damage":11,"enemies":"3 Darklings","floor":37,"turns":3},{"damage":4,"enemies":"Sphere and 2 Shapes","floor":39,"turns":3},{"damage":29,"enemies":"Reptomancer","floor":40,"turns":5},{"damage":16,"enemies":"Maw","floor":44,"turns":7},{"damage":31,"enemies":"Spire Growth","floor":45,"turns":7},{"damage":29,"enemies":"3 Darklings","floor":46,"turns":3},{"damage":10,"enemies":"Maw","floor":48,"turns":5},{"damage":70,"enemies":"Time Eater","floor":50,"turns":6}],"seed_played":"5171714741965137459","potions_obtained":[{"floor":1,"key":"Poison Potion"},{"floor":7,"key":"Weak Potion"},{"floor":11,"key":"Weak Potion"},{"floor":12,"key":"Ancient Potion"},{"floor":21,"key":"FearPotion"},{"floor":29,"key":"Block Potion"},{"floor":31,"key":"PowerPotion"},{"floor":37,"key":"Poison Potion"},{"floor":39,"key":"Fire Potion"},{"floor":48,"key":"Fire Potion"}],"is_trial":false,"path_per_floor":["M","$","?","M","M","R","E","R","T","R","M","M","?","$","R","B",null,"M","$","?","M","$","R","?","M","T","?","R","M","M","M","R","B",null,"M","$","M","$","M","E","?","R","T","M","M","M","R","M","R","B"],"character_chosen":"THE_SILENT","items_purchased":["Backstab","Terror","Expertise","Dodge and Roll","Pen Nib"],"campfire_rested":5,"item_purchase_floors":[2,14,19,22,36],"current_hp_per_floor":[69,69,69,69,68,68,52,52,52,52,52,50,43,43,43,34,70,70,70,54,29,29,50,50,26,26,26,47,43,43,41,62,30,70,53,53,42,42,38,21,21,42,42,38,19,47,47,37,58,0],"gold":433,"neow_bonus":"TRANSFORM_TWO_CARDS","is_prod":false,"is_daily":false,"chose_seed":false,"campfire_upgraded":5,"win_rate":0,"timestamp":1567545133,"path_taken":["M","$","?","M","M","R","E","R","T","R","M","M","?","$","R","BOSS","M","$","?","M","?","R","?","M","T","?","R","M","M","M","R","BOSS","M","$","M","$","M","E","?","R","T","M","M","M","R","M","R","BOSS"],"build_version":"2019-07-17","purchased_purges":4,"victory":false,"max_hp_per_floor":[70,70,70,70,70,70,70,70,70,70,70,70,70,70,70,70,70,70,70,70,70,70,70,70,70,70,70,70,70,70,70,70,70,70,70,70,70,70,70,70,70,70,70,70,70,70,70,70,70,70],"card_choices":[{"not_picked":["Heel Hook","Backflip"],"picked":"Blur","floor":1},{"not_picked":["Endless Agony","Acrobatics"],"picked":"Bane","floor":4},{"not_picked":["Terror","Acrobatics"],"picked":"Predator","floor":5},{"not_picked":["Reflex","Underhanded Strike"],"picked":"Prepared","floor":7},{"not_picked":["Quick Slash","Prepared"],"picked":"Flechettes","floor":11},{"not_picked":["Blade Dance","Skewer","Endless Agony"],"picked":"SKIP","floor":12},{"not_picked":["Unload","Venomology"],"picked":"Corpse Explosion","floor":16},{"not_picked":["Slice","Dagger Throw","Blade Dance"],"picked":"SKIP","floor":18},{"not_picked":["PiercingWail","Slice"],"picked":"Prepared","floor":21},{"not_picked":["Flying Knee","Well Laid Plans+1","Skewer"],"picked":"SKIP","floor":25},{"not_picked":["Bane+1","Blade Dance","Terror"],"picked":"SKIP","floor":29},{"not_picked":["Dodge and Roll","Acrobatics","Night Terror"],"picked":"SKIP","floor":30},{"not_picked":["Cloak And Dagger","Acrobatics"],"picked":"Dagger Throw+1","floor":31},{"not_picked":["Corpse Explosion","Doppelganger"],"picked":"Adrenaline","floor":33},{"not_picked":["Flying Knee","Dagger Throw","Underhanded Strike+1"],"picked":"SKIP","floor":35},{"not_picked":["Grand Finale","Blade Dance+1"],"picked":"Sucker Punch+1","floor":37},{"not_picked":["Infinite Blades","Cloak And Dagger+1"],"picked":"Deflect+1","floor":39},{"not_picked":["Dash+1","PiercingWail"],"picked":"Prepared+1","floor":40},{"not_picked":["Blade Dance+1","Quick Slash+1","Dodge and Roll"],"picked":"SKIP","floor":44},{"not_picked":["Backstab","Cloak And Dagger"],"picked":"Backflip+1","floor":45},{"not_picked":["Masterful Stab","Bane","Dodge and Roll"],"picked":"SKIP","floor":46},{"not_picked":["Acrobatics+1","Die Die Die"],"picked":"Deflect+1","floor":48}],"player_experience":142600,"relics_obtained":[{"floor":7,"key":"Smiling Mask"},{"floor":9,"key":"Juzu Bracelet"},{"floor":20,"key":"Necronomicon"},{"floor":26,"key":"PreservedInsect"},{"floor":40,"key":"Old Coin"},{"floor":43,"key":"Ancient Tea Set"}],"event_choices":[{"damage_healed":0,"gold_gain":0,"cards_transformed":["Strike_G"],"player_choice":"Transformed","damage_taken":0,"max_hp_gain":0,"max_hp_loss":0,"event_name":"Transmorgrifier","floor":3,"gold_loss":0,"cards_obtained":["Adrenaline"]},{"damage_healed":0,"gold_gain":0,"player_choice":"Damaged","damage_taken":7,"max_hp_gain":0,"max_hp_loss":0,"event_name":"Wheel of Change","floor":13,"gold_loss":0},{"damage_healed":0,"gold_gain":0,"player_choice":"Obtained Book","damage_taken":16,"max_hp_gain":0,"max_hp_loss":0,"event_name":"Cursed Tome","floor":20,"gold_loss":0},{"damage_healed":0,"gold_gain":99,"player_choice":"Stole From Cult","damage_taken":0,"max_hp_gain":0,"max_hp_loss":0,"event_name":"Nest","floor":24,"gold_loss":0},{"damage_healed":0,"gold_gain":0,"player_choice":"Obtained Relic","damage_taken":0,"relics_obtained":["Meat on the Bone"],"max_hp_gain":0,"max_hp_loss":0,"event_name":"Addict","floor":27,"gold_loss":85},{"damage_healed":0,"gold_gain":0,"player_choice":"0 cards matched","damage_taken":0,"max_hp_gain":0,"max_hp_loss":0,"event_name":"Match and Keep!","floor":41,"gold_loss":0,"cards_obtained":[]}],"is_beta":false,"boss_relics":[{"not_picked":["Ectoplasm","Fusion Hammer"],"picked":"Lizard Tail"},{"not_picked":["Snecko Eye","Runic Dome","Eternal Feather"]}],"items_purged_floors":[2,19,36,38],"is_endless":false,"potions_floor_spawned":[1,7,11,12,21,29,31,37,39,48],"killed_by":"Time Eater","ascension_level":0}