{"gold_per_floor":[119,132,152,152,168,198,210,244,244,244,254,254,208,208],"floor_reached":14,"playtime":823,"items_purged":[],"score":107,"play_id":"47b60121-5fec-48e4-9859-c6c598098506","local_time":"20190820133601","is_ascension_mode":true,"campfire_choices":[{"data":"Dualcast","floor":10,"key":"SMITH"},{"data":"Echo Form","floor":12,"key":"SMITH"}],"neow_cost":"NONE","seed_source_timestamp":400346219451199,"circlet_count":0,"master_deck":["Strike_B+1","Strike_B","Strike_B+1","Defend_B","Defend_B","Defend_B","Defend_B","Zap","Dualcast+1","Darkness","Leap","Leap","Self Repair","Sweeping Beam","Echo Form+1","Turbo","Glacier","Conserve Battery"],"relics":["Cracked Core","NeowsBlessing","Whetstone","Strawberry","Ornamental Fan"],"potions_floor_usage":[6,7],"damage_taken":[{"damage":0,"enemies":"2 Louse","floor":1,"turns":1},{"damage":0,"enemies":"Cultist","floor":2,"turns":1},{"damage":0,"enemies":"Jaw Worm","floor":3,"turns":1},{"damage":7,"enemies":"Blue Slaver","floor":5,"turns":4},{"damage":40,"enemies":"Gremlin Nob","floor":6,"turns":6},{"damage":12,"enemies":"Gremlin Gang","floor":7,"turns":5},{"damage":3,"enemies":"Lagavulin","floor":8,"turns":7},{"damage":4,"enemies":"2 Fungi Beasts","floor":11,"turns":3},{"damage":54,"enemies":"Gremlin Nob","floor":14,"turns":6}],"seed_played":"-5693742274912104551","potions_obtained":[{"floor":2,"key":"SkillPotion"},{"floor":3,"key":"Weak Potion"},{"floor":7,"key":"SpeedPotion"},{"floor":8,"key":"SpeedPotion"}],"is_trial":false,"path_per_floor":["M","M","M","?","M","E","M","E","T","R","M","R","$","E"],"character_chosen":"DEFECT","items_purchased":["Conserve Battery"],"campfire_rested":0,"item_purchase_floors":[13],"current_hp_per_floor":[75,75,75,75,68,35,30,41,41,41,51,51,51,0],"gold":208,"neow_bonus":"THREE_ENEMY_KILL","is_prod":false,"is_daily":false,"chose_seed":false,"campfire_upgraded":2,"win_rate":0,"timestamp":1566297361,"path_taken":["M","M","M","?","M","E","M","E","T","R","?","R","?","E"],"build_version":"2019-07-17","purchased_purges":0,"victory":false,"max_hp_per_floor":[75,75,75,75,75,75,75,82,82,82,82,82,82,82],"card_choices":[{"not_picked":["Leap","Loop"],"picked":"Darkness","floor":1},{"not_picked":["Barrage","Turbo"],"picked":"Leap","floor":2},{"not_picked":["Hologram","Blizzard"],"picked":"Leap","floor":3},{"not_picked":["BootSequence","Undo"],"picked":"Self Repair","floor":5},{"not_picked":["Compile Driver","Undo"],"picked":"Sweeping Beam","floor":6},{"not_picked":["Stack","Steam"],"picked":"Echo Form","floor":7},{"not_picked":["Chaos","Coolheaded"],"picked":"Turbo","floor":8},{"not_picked":["Static Discharge","Cold Snap"],"picked":"Glacier","floor":11}],"player_experience":113193,"relics_obtained":[{"floor":6,"key":"Whetstone"},{"floor":8,"key":"Strawberry"},{"floor":9,"key":"Ornamental Fan"}],"event_choices":[{"cards_removed":["Strike_B"],"damage_healed":0,"gold_gain":0,"player_choice":"Offered Basic","damage_taken":0,"max_hp_gain":0,"max_hp_loss":0,"event_name":"Bonfire Elementals","floor":4,"gold_loss":0}],"is_beta":false,"boss_relics":[],"items_purged_floors":[],"is_endless":false,"potions_floor_spawned":[2,3,7,8],"killed_by":"Gremlin Nob","ascension_level":1}