{"gold_per_floor":[109,129,129,54,2,35,35,54,133,144,69,98,98,124,124,201,201,220,234,234,128,144,176,176,176,199,227,227,227,7,23,23,23],"floor_reached":33,"playtime":1412,"items_purged":["Strike_R"],"score":652,"play_id":"bc5fe1cf-500a-47e1-91f0-d4c7100027f1","local_time":"20190621195040","is_ascension_mode":true,"campfire_choices":[{"data":"Whirlwind","floor":7.0,"key":"SMITH"},{"data":"Bash","floor":13.0,"key":"SMITH"},{"data":"Clothesline","floor":15.0,"key":"SMITH"},{"data":"Offering","floor":25,"key":"SMITH"},{"floor":29,"key":"REST"},{"data":"Shrug It Off","floor":32,"key":"SMITH"}],"neow_cost":"NONE","seed_source_timestamp":717242121408340,"circlet_count":0,"master_deck":["AscendersBane","Strike_R+1","Strike_R+1","Strike_R+1","Defend_R+1","Defend_R+1","Defend_R+1","Defend_R+1","Bash+1","Anger+1","Shrug It Off+1","Clothesline+1","Whirlwind+1","Shrug It Off+1","Offering+1","PanicButton+1","Thunderclap"],"special_seed":0,"relics":["Burning Blood","NeowsBlessing","Orichalcum","Sundial","Oddly Smooth Stone","Pocketwatch","Runic Dome","Whetstone","PreservedInsect","Centennial Puzzle","MutagenicStrength","War Paint"],"potions_floor_usage":[19,33,33],"damage_taken":[{"damage":0.0,"enemies":"Cultist","floor":1.0,"turns":1.0},{"damage":0.0,"enemies":"Jaw Worm","floor":2.0,"turns":1.0},{"damage":0.0,"enemies":"Lagavulin","floor":6.0,"turns":1.0},{"damage":0.0,"enemies":"2 Louse","floor":8.0,"turns":2.0},{"damage":5.0,"enemies":"Looter","floor":10.0,"turns":2.0},{"damage":12.0,"enemies":"Gremlin Nob","floor":12.0,"turns":4.0},{"damage":25.0,"enemies":"Lagavulin","floor":14.0,"turns":5.0},{"damage":14.0,"enemies":"Hexaghost","floor":16.0,"turns":9.0},{"damage":6.0,"enemies":"Chosen","floor":18.0,"turns":3.0},{"damage":6,"enemies":"Spheric Guardian","floor":19,"turns":2},{"damage":12,"enemies":"Shelled Parasite and Fungi","floor":22,"turns":3},{"damage":32,"enemies":"Slavers","floor":23,"turns":4},{"damage":20,"enemies":"Book of Stabbing","floor":27,"turns":4},{"damage":8,"enemies":"Snecko","floor":31,"turns":6},{"damage":66,"enemies":"Champ","floor":33,"turns":11}],"seed_played":"7763473799296146022","potions_obtained":[{"floor":1.0,"key":"Strength Potion"},{"floor":6.0,"key":"Fire Potion"},{"floor":18.0,"key":"SteroidPotion"},{"floor":19,"key":"EssenceOfSteel"},{"floor":27,"key":"Poison Potion"}],"is_trial":false,"path_per_floor":["M","M","?","?","$","E","R","M","T","M","$","E","R","E","R","B",null,"M","M","?","$","M","E","?","R","T","E","?","R","$","M","R","B"],"character_chosen":"IRONCLAD","items_purchased":["Clothesline","PanicButton","War Paint","SkillPotion"],"campfire_rested":1,"item_purchase_floors":[5,21,30,30],"current_hp_per_floor":[74,75,80,80,80,80,80,80,80,80,80,74,74,55,55,47,72,72,72,72,72,66,40,40,40,40,26,26,50,50,48,48,0],"gold":23,"neow_bonus":"THREE_ENEMY_KILL","is_prod":false,"is_daily":false,"chose_seed":false,"campfire_upgraded":5,"win_rate":0,"timestamp":1561161040,"path_taken":["M","M","?","?","?","E","R","M","T","?","$","E","R","E","R","BOSS","M","M","?","$","M","E","?","R","T","E","?","R","$","M","R","BOSS"],"build_version":"2019-06-21","purchased_purges":1,"victory":false,"max_hp_per_floor":[75,75,80,80,80,80,80,80,80,80,80,80,80,80,80,80,80,80,80,80,80,80,80,80,80,80,80,80,80,80,80,80,80],"card_choices":[{"not_picked":["Inflame","Iron Wave"],"picked":"Anger","floor":1.0},{"not_picked":["Whirlwind","Thunderclap"],"picked":"Shrug It Off","floor":2.0},{"not_picked":["Twin Strike","Clash"],"picked":"Whirlwind","floor":6.0},{"not_picked":["Iron Wave","Twin Strike"],"picked":"Shrug It Off","floor":8.0},{"not_picked":["Cleave","Anger","Havoc"],"picked":"SKIP","floor":10.0},{"not_picked":["Brutality","Rupture","Bloodletting"],"picked":"SKIP","floor":12.0},{"not_picked":["Pommel Strike","Berserk","Warcry"],"picked":"SKIP","floor":14.0},{"not_picked":["Limit Break","Juggernaut"],"picked":"Offering","floor":16.0},{"not_picked":["Cleave+1","Perfected Strike+1","Reckless Charge+1"],"picked":"SKIP","floor":18.0},{"not_picked":["True Grit","Whirlwind","Twin Strike"],"picked":"SKIP","floor":19},{"not_picked":["Bloodletting","Cleave","Headbutt"],"picked":"SKIP","floor":22},{"not_picked":["Juggernaut","Whirlwind"],"picked":"Thunderclap","floor":23},{"not_picked":["Whirlwind","Evolve","Thunderclap+1"],"picked":"SKIP","floor":27},{"not_picked":["Heavy Blade+1","Dual Wield","Sword Boomerang"],"picked":"SKIP","floor":31}],"player_experience":989614,"relics_obtained":[{"floor":6.0,"key":"Orichalcum"},{"floor":9.0,"key":"Sundial"},{"floor":12.0,"key":"Oddly Smooth Stone"},{"floor":14.0,"key":"Pocketwatch"},{"floor":23,"key":"Whetstone"},{"floor":26,"key":"PreservedInsect"},{"floor":27,"key":"Centennial Puzzle"}],"event_choices":[{"damage_healed":0.0,"max_hp_gain":5.0,"max_hp_loss":0.0,"gold_gain":0.0,"event_name":"Big Fish","player_choice":"Donut","floor":3.0,"gold_loss":0.0,"damage_taken":0.0},{"cards_removed":["Strike_R"],"damage_healed":0.0,"max_hp_gain":0.0,"max_hp_loss":0.0,"gold_gain":0.0,"event_name":"The Cleric","player_choice":"Card Removal","floor":4.0,"gold_loss":75.0,"damage_taken":0.0},{"damage_healed":0,"gold_gain":0,"player_choice":"Ignored","damage_taken":0,"max_hp_gain":0,"max_hp_loss":0,"event_name":"Vampires","floor":20,"gold_loss":0},{"damage_healed":0,"gold_gain":0,"player_choice":"Simplicity","damage_taken":0,"max_hp_gain":0,"max_hp_loss":0,"event_name":"Back to Basics","floor":24,"gold_loss":0,"cards_upgraded":["Strike_R","Strike_R","Defend_R","Defend_R","Defend_R","Defend_R"]},{"damage_healed":0,"gold_gain":0,"player_choice":"Inject Mutagens","damage_taken":0,"relics_obtained":["MutagenicStrength"],"max_hp_gain":0,"max_hp_loss":0,"event_name":"Drug Dealer","floor":28,"gold_loss":0}],"is_beta":true,"boss_relics":[{"not_picked":["Runic Cube","Empty Cage"],"picked":"Runic Dome"}],"items_purged_floors":[11],"is_endless":false,"potions_floor_spawned":[1,6,12,14,18,19,27],"killed_by":"Champ","ascension_level":20}