{"gold_per_floor":[118,128,128,128,147,174,191,204,234,43,69,89,106,154,154,259,259,278,33,33,50,50,50,65,78,78,78,78,3,3,13,13,113,113,126,126,36,36],"floor_reached":38,"playtime":1389,"items_purged":[],"score":450,"play_id":"6938993e-818d-4d98-8b72-0c23dc04f615","local_time":"20190825173248","is_ascension_mode":true,"campfire_choices":[{"floor":15,"key":"REST"},{"data":"Dualcast","floor":23,"key":"SMITH"},{"data":"Consume","floor":27,"key":"SMITH"},{"floor":30,"key":"REST"},{"floor":32,"key":"REST"}],"neow_cost":"NONE","seed_source_timestamp":231748224177429,"circlet_count":0,"master_deck":["Zap+1","Dualcast+1","Consume+1","Streamline","Gash","Gash","Gash","Leap","Gash","All For One","Gash","Sunder","Buffer","Recycle","Storm+1","Loop","Thunder Strike","Coolheaded","Echo Form","Hologram","Gash+1","Go for the Eyes+1","Reinforced Body","Conserve Battery","Necronomicurse","Conserve Battery+1","Biased Cognition","Barrage+1","Echo Form","Redo+1"],"relics":["Cracked Core","NeowsBlessing","Matryoshka","Tiny Chest","Dream Catcher","Blood Vial","Bottled Lightning","Boot","Vajra","Pandora\u0027s Box","Molten Egg 2","Toxic Egg 2","Necronomicon","Nuclear Battery"],"potions_floor_usage":[7,25,33,33],"damage_taken":[{"damage":0,"enemies":"2 Louse","floor":1,"turns":1},{"damage":0,"enemies":"Cultist","floor":2,"turns":1},{"damage":0,"enemies":"Jaw Worm","floor":5,"turns":1},{"damage":15,"enemies":"3 Sentries","floor":6,"turns":6},{"damage":5,"enemies":"Large Slime","floor":7,"turns":5},{"damage":14,"enemies":"Red Slaver","floor":8,"turns":3},{"damage":9,"enemies":"Gremlin Nob","floor":11,"turns":4},{"damage":8,"enemies":"Blue Slaver","floor":12,"turns":3},{"damage":0,"enemies":"Large Slime","floor":13,"turns":4},{"damage":32,"enemies":"The Guardian","floor":16,"turns":5},{"damage":6,"enemies":"3 Byrds","floor":18,"turns":3},{"damage":12,"enemies":"Shell Parasite","floor":21,"turns":2},{"damage":29,"enemies":"Centurion and Healer","floor":24,"turns":3},{"damage":14,"enemies":"Cultist and Chosen","floor":25,"turns":4},{"damage":7,"enemies":"Chosen and Byrds","floor":31,"turns":5},{"damage":13,"enemies":"Collector","floor":33,"turns":7},{"damage":61,"enemies":"3 Shapes","floor":35,"turns":3},{"damage":17,"enemies":"Orb Walker","floor":38,"turns":2}],"seed_played":"1960536657196363468","potions_obtained":[{"floor":1,"key":"Weak Potion"},{"floor":7,"key":"Ancient Potion"},{"floor":8,"key":"FearPotion"},{"floor":12,"key":"SpeedPotion"},{"floor":24,"key":"Regen Potion"},{"floor":25,"key":"Energy Potion"}],"is_trial":false,"path_per_floor":["M","M","?","?","M","E","M","M","T","$","E","M","M","T","R","B",null,"M","$","?","M","$","R","M","M","T","R","?","?","R","M","R","B",null,"M","?","?","M"],"character_chosen":"DEFECT","items_purchased":["Leap","Blood Vial","Molten Egg 2"],"campfire_rested":3,"item_purchase_floors":[10,10,19],"current_hp_per_floor":[75,75,60,60,60,45,40,26,26,26,19,13,15,15,37,7,75,69,69,69,59,59,59,32,32,32,32,16,16,38,33,55,44,75,14,14,14,0],"gold":36,"neow_bonus":"THREE_ENEMY_KILL","is_prod":false,"is_daily":false,"chose_seed":false,"campfire_upgraded":2,"win_rate":0,"timestamp":1566743568,"path_taken":["M","M","?","?","?","E","M","M","T","?","E","M","M","?","R","BOSS","M","$","?","?","$","R","M","M","T","R","?","?","R","M","R","BOSS","M","?","?","?"],"build_version":"2019-07-17","purchased_purges":0,"victory":false,"max_hp_per_floor":[75,75,75,75,75,75,75,75,75,75,75,75,75,75,75,75,75,75,75,75,75,75,75,75,75,75,75,75,75,75,75,75,75,75,75,75,75,75],"card_choices":[{"not_picked":["Compile Driver","Steam"],"picked":"Consume","floor":1},{"not_picked":["Stack","Genetic Algorithm"],"picked":"Streamline","floor":2},{"not_picked":["Stack","Chill"],"picked":"Gash","floor":5},{"not_picked":["Steam","Beam Cell"],"picked":"Gash","floor":6},{"not_picked":["Go for the Eyes","Streamline"],"picked":"Undo","floor":7},{"not_picked":["Leap","Double Energy"],"picked":"Gash","floor":8},{"not_picked":["Gash","White Noise","Chaos"],"picked":"SKIP","floor":11},{"not_picked":["White Noise","Chaos"],"picked":"Gash","floor":11},{"not_picked":["Rebound","Redo"],"picked":"All For One","floor":12},{"not_picked":["Steam","Darkness"],"picked":"Gash","floor":13},{"not_picked":["Steam","Leap"],"picked":"Sunder","floor":15},{"not_picked":["Seek","Hyperbeam"],"picked":"Buffer","floor":16},{"not_picked":["Barrage+1","Darkness"],"picked":"Hologram","floor":18},{"not_picked":["Heatsinks","Hologram"],"picked":"Go for the Eyes+1","floor":21},{"not_picked":["Streamline+1","Double Energy+1"],"picked":"Reinforced Body","floor":24},{"not_picked":["Steam","Barrage+1"],"picked":"Conserve Battery","floor":25},{"not_picked":["Coolheaded+1","Steam+1"],"picked":"Conserve Battery+1","floor":30},{"not_picked":["Conserve Battery+1","White Noise+1"],"picked":"Biased Cognition","floor":31},{"not_picked":["Reprogram+1","Stack+1"],"picked":"Barrage+1","floor":32},{"not_picked":["Amplify+1","Biased Cognition"],"picked":"Echo Form","floor":33},{"not_picked":["Hologram+1","Stack+1"],"picked":"Redo+1","floor":35}],"player_experience":170284,"relics_obtained":[{"floor":6,"key":"Matryoshka"},{"floor":9,"key":"Tiny Chest"},{"floor":9,"key":"Dream Catcher"},{"floor":11,"key":"Bottled Lightning"},{"floor":14,"key":"Boot"},{"floor":14,"key":"Vajra"},{"floor":26,"key":"Toxic Egg 2"},{"floor":28,"key":"Necronomicon"}],"event_choices":[{"damage_healed":0,"gold_gain":0,"player_choice":"Entered Light","damage_taken":15,"max_hp_gain":0,"max_hp_loss":0,"event_name":"Shining Light","floor":3,"gold_loss":0,"cards_upgraded":["Defend_B","Defend_B"]},{"damage_healed":0,"gold_gain":0,"player_choice":"Upgraded","damage_taken":0,"max_hp_gain":0,"max_hp_loss":0,"event_name":"Upgrade Shrine","floor":4,"gold_loss":0,"cards_upgraded":["Zap"]},{"damage_healed":0,"gold_gain":0,"player_choice":"Copied","damage_taken":0,"max_hp_gain":0,"max_hp_loss":0,"event_name":"Duplicator","floor":20,"gold_loss":0,"cards_obtained":["Gash"]},{"damage_healed":0,"gold_gain":0,"player_choice":"Obtained Book","damage_taken":16,"max_hp_gain":0,"max_hp_loss":0,"event_name":"Cursed Tome","floor":28,"gold_loss":0},{"cards_removed":["Barrage"],"damage_healed":0,"gold_gain":0,"player_choice":"Gave Gold","damage_taken":0,"max_hp_gain":0,"max_hp_loss":0,"event_name":"Beggar","floor":29,"gold_loss":75},{"cards_removed":["Recycle"],"damage_healed":0,"gold_gain":0,"player_choice":"Removed Skill","damage_taken":0,"max_hp_gain":0,"max_hp_loss":0,"event_name":"Falling","floor":36,"gold_loss":0},{"cards_removed":["Undo"],"damage_healed":0,"gold_gain":0,"player_choice":"Upgrade and Remove","damage_taken":0,"max_hp_gain":0,"max_hp_loss":0,"event_name":"Designer","floor":37,"gold_loss":90,"cards_upgraded":["Storm"]}],"is_beta":false,"boss_relics":[{"not_picked":["Runic Pyramid","Fusion Hammer"],"picked":"Pandora\u0027s Box"},{"not_picked":["Philosopher\u0027s Stone","Cursed Key"],"picked":"Nuclear Battery"}],"items_purged_floors":[],"is_endless":false,"potions_floor_spawned":[1,7,8,12,18,24,25],"killed_by":"Orb Walker","ascension_level":2}