{"gold_per_floor":[115,129,142,160,171,202,202,217,242,242,242,269,269,295,295,397,397,415,430,238,238,258,258,268,280,328,328,363,375,9,0,0,97,97,110,125,176,176],"floor_reached":38,"playtime":3234,"items_purged":["Strike_B"],"score":485,"play_id":"3845cb09-b75f-4c81-8832-8a39a6ecf7b0","local_time":"20190826082033","is_ascension_mode":true,"campfire_choices":[{"data":"Sunder","floor":7.0,"key":"SMITH"},{"data":"Buffer","floor":10.0,"key":"SMITH"},{"data":"Dualcast","floor":13.0,"key":"SMITH"},{"data":"Static Discharge","floor":15.0,"key":"SMITH"},{"data":"Echo Form","floor":23.0,"key":"SMITH"},{"data":"Self Repair","floor":27.0,"key":"SMITH"},{"data":"White Noise","floor":32,"key":"SMITH"}],"neow_cost":"NONE","seed_source_timestamp":0,"circlet_count":0,"master_deck":["Strike_B","Strike_B","Strike_B","Defend_B","Defend_B","Defend_B","Defend_B+1","Zap","Dualcast+1","Buffer+1","Streamline","Ball Lightning","FTL","Static Discharge+1","Self Repair+1","Sunder+1","Seek+1","Conserve Battery","Hologram","Echo Form+1","Heatsinks","Static Discharge","Conserve Battery","Consume","Go for the Eyes","White Noise+1","Capacitor","Electrodynamics","Doubt","Doubt","Doubt","Self Repair","Sweeping Beam+1","Capacitor+1"],"special_seed":0,"relics":["Cracked Core","Blue Candle","Dream Catcher","War Paint","Bag of Preparation","Nuclear Battery","Lantern","MawBank","Art of War","OrangePellets","Calling Bell","Smiling Mask","Molten Egg 2","Torii","Ice Cream"],"potions_floor_usage":[28,33,33],"damage_taken":[{"damage":1.0,"enemies":"2 Louse","floor":1.0,"turns":2.0},{"damage":3.0,"enemies":"Small Slimes","floor":2.0,"turns":3.0},{"damage":2.0,"enemies":"Jaw Worm","floor":3.0,"turns":3.0},{"damage":1.0,"enemies":"3 Louse","floor":4.0,"turns":3.0},{"damage":0.0,"enemies":"2 Fungi Beasts","floor":5.0,"turns":2.0},{"damage":8.0,"enemies":"Gremlin Nob","floor":6.0,"turns":4.0},{"damage":0.0,"enemies":"Red Slaver","floor":8.0,"turns":1.0},{"damage":0.0,"enemies":"Lagavulin","floor":12.0,"turns":7.0},{"damage":13.0,"enemies":"3 Sentries","floor":14.0,"turns":5.0},{"damage":26.0,"enemies":"The Guardian","floor":16.0,"turns":5.0},{"damage":6.0,"enemies":"3 Byrds","floor":18.0,"turns":2.0},{"damage":11.0,"enemies":"Shell Parasite","floor":19.0,"turns":5.0},{"damage":14.0,"enemies":"Snake Plant","floor":22.0,"turns":4.0},{"damage":18.0,"enemies":"3 Cultists","floor":24.0,"turns":4.0},{"damage":3.0,"enemies":"Shelled Parasite and Fungi","floor":25.0,"turns":5.0},{"damage":34,"enemies":"Slavers","floor":28,"turns":5},{"damage":33,"enemies":"Collector","floor":33,"turns":10},{"damage":20,"enemies":"3 Darklings","floor":35,"turns":2},{"damage":1,"enemies":"Orb Walker","floor":36,"turns":3},{"damage":66,"enemies":"2 Orb Walkers","floor":37,"turns":5},{"damage":40,"enemies":"3 Darklings","floor":38,"turns":2}],"seed_played":"-1813925455354608573","potions_obtained":[{"floor":2.0,"key":"Fire Potion"},{"floor":5.0,"key":"Block Potion"},{"floor":6.0,"key":"FocusPotion"},{"floor":8.0,"key":"FocusPotion"},{"floor":16.0,"key":"SkillPotion"},{"floor":18.0,"key":"PowerPotion"},{"floor":19.0,"key":"Swift Potion"},{"floor":25.0,"key":"EssenceOfSteel"}],"is_trial":false,"path_per_floor":["M","M","M","M","M","E","R","M","T","R","$","E","R","E","R","B",null,"M","M","$","?","M","R","M","M","T","R","E","?","$","?","R","B",null,"M","M","?","M"],"character_chosen":"DEFECT","items_purchased":["Static Discharge","Conserve Battery","Capacitor","Art of War","OrangePellets"],"campfire_rested":0,"item_purchase_floors":[20,20,30,30,30],"current_hp_per_floor":[74,71,69,68,68,67,67,67,67,67,67,74,74,68,68,42,75,75,71,71,71,64,64,53,57,57,57,43,43,43,43,43,20,75,65,71,29,0],"gold":176,"neow_bonus":"ONE_RANDOM_RARE_CARD","is_prod":false,"is_daily":false,"chose_seed":false,"campfire_upgraded":7,"win_rate":0,"timestamp":1566796833,"path_taken":["M","M","M","M","M","E","R","M","T","R","$","E","R","E","R","BOSS","M","M","$","?","M","R","M","M","T","R","E","?","$","?","R","BOSS","M","M","?","M"],"build_version":"2019-07-17","purchased_purges":1,"victory":false,"max_hp_per_floor":[75,75,75,75,75,75,75,75,75,75,75,75,75,75,75,75,75,75,75,75,75,75,75,75,75,75,75,75,75,75,75,75,75,75,75,75,75,75],"card_choices":[{"not_picked":["Turbo","Ball Lightning"],"picked":"Streamline","floor":1.0},{"not_picked":["Blizzard","Fusion"],"picked":"Ball Lightning","floor":2.0},{"not_picked":["Compile Driver","Capacitor"],"picked":"FTL","floor":3.0},{"not_picked":["Turbo","Blizzard"],"picked":"Static Discharge","floor":4.0},{"not_picked":["Doom and Gloom","Recycle"],"picked":"Self Repair","floor":5.0},{"not_picked":["Cold Snap","Ball Lightning"],"picked":"Sunder","floor":6.0},{"not_picked":["Lockon","Conserve Battery"],"picked":"Seek","floor":8.0},{"not_picked":["Rebound","Genetic Algorithm"],"picked":"Conserve Battery","floor":12.0},{"not_picked":["Beam Cell","Ball Lightning"],"picked":"Hologram","floor":14.0},{"not_picked":["Rainbow","Thunder Strike"],"picked":"Echo Form","floor":16.0},{"not_picked":["Rebound","Compile Driver","Barrage"],"picked":"SKIP","floor":18.0},{"not_picked":["Redo","Stack"],"picked":"Heatsinks","floor":19.0},{"not_picked":["Compile Driver+1","Static Discharge","Darkness"],"picked":"SKIP","floor":22.0},{"not_picked":["Glacier","Steam","Stack"],"picked":"SKIP","floor":24.0},{"not_picked":["Ball Lightning","Conserve Battery"],"picked":"Go for the Eyes","floor":25.0},{"not_picked":["BootSequence","Double Energy"],"picked":"White Noise","floor":28},{"not_picked":["All For One","Reboot"],"picked":"Electrodynamics","floor":33},{"not_picked":["Leap","Conserve Battery"],"picked":"Self Repair","floor":35},{"not_picked":["Leap+1","Static Discharge"],"picked":"Sweeping Beam+1","floor":36},{"not_picked":["Doom and Gloom+1","Conserve Battery+1"],"picked":"Capacitor+1","floor":37}],"player_experience":178265,"relics_obtained":[{"floor":6.0,"key":"Blue Candle"},{"floor":9.0,"key":"Dream Catcher"},{"floor":12.0,"key":"War Paint"},{"floor":14.0,"key":"Bag of Preparation"},{"floor":26.0,"key":"Lantern"},{"floor":28,"key":"MawBank"},{"floor":34,"key":"Smiling Mask"},{"floor":34,"key":"Molten Egg 2"},{"floor":34,"key":"Torii"},{"floor":37,"key":"Ice Cream"}],"event_choices":[{"damage_healed":0.0,"max_hp_gain":0.0,"max_hp_loss":0.0,"gold_gain":0.0,"event_name":"The Library","player_choice":"Read","floor":21.0,"gold_loss":0.0,"damage_taken":0.0,"cards_obtained":["Consume"]},{"damage_healed":0,"gold_gain":0,"player_choice":"Ignored","damage_taken":0,"max_hp_gain":0,"max_hp_loss":0,"event_name":"Ghosts","floor":29,"gold_loss":0},{"damage_healed":0,"gold_gain":0,"player_choice":"Paid Fearfully","damage_taken":0,"max_hp_gain":0,"max_hp_loss":0,"event_name":"Masked Bandits","floor":31,"gold_loss":9},{"damage_healed":0,"gold_gain":0,"player_choice":"Fight","damage_taken":0,"max_hp_gain":0,"max_hp_loss":0,"event_name":"Mysterious Sphere","floor":37,"gold_loss":0}],"is_beta":false,"boss_relics":[{"not_picked":["Velvet Choker","Snecko Eye"],"picked":"Nuclear Battery"},{"not_picked":["Lizard Tail","Fusion Hammer"],"picked":"Calling Bell"}],"items_purged_floors":[20],"is_endless":false,"potions_floor_spawned":[2,5,6,8,16,18,19,25],"killed_by":"3 Darklings","ascension_level":2}