{"gold_per_floor":[118,128,128,57,57,85,85,99,99,99,114,114,114,132,132,234,234,219,229,246,186,202,202,215,215,242,270,270,270,270,305,305,407,407,424,443,495,506,506,506,518,438,461,1,101,114,114,127,127,127],"floor_reached":50,"playtime":2821,"items_purged":["Strike_R","Berserk+1","Defend_R"],"score":507,"play_id":"a8ec9ffa-a59d-40dd-b728-aa03c819840e","local_time":"20190828024620","is_ascension_mode":false,"campfire_choices":[{"data":"Bash","floor":7,"key":"SMITH"},{"data":"Bloodletting","floor":12,"key":"SMITH"},{"data":"Fiend Fire","floor":15,"key":"SMITH"},{"data":"Cleave","floor":23,"key":"SMITH"},{"data":"Berserk","floor":25,"key":"SMITH"},{"floor":28,"key":"REST"},{"floor":32,"key":"REST"},{"floor":40,"key":"REST"},{"floor":47,"key":"REST"},{"floor":49,"key":"REST"}],"neow_cost":"NONE","seed_source_timestamp":1219990177399109,"circlet_count":0,"master_deck":["Defend_R+1","Defend_R","Defend_R","Bash+1","Shrug It Off","Shrug It Off+1","Battle Trance","Pommel Strike","Bloodletting+1","Headbutt","Fiend Fire+1","Cleave+1","Burning Pact","Cleave","Flex+1","Reaper","J.A.X.","Metallicize","Limit Break","Immolate+1","Brutality+1","Whirlwind+1","Second Wind+1","Flex","Battle Trance","Ghostly Armor","Seeing Red","Ghostly Armor+1"],"relics":["Burning Blood","NeowsBlessing","The Courier","Happy Flower","Dodecahedron","Sozu","Pen Nib","Letter Opener","Matryoshka","Astrolabe","Du-Vu Doll","Darkstone Periapt","Omamori","Magic Flower"],"potions_floor_usage":[20,33,48],"damage_taken":[{"damage":0,"enemies":"Small Slimes","floor":1,"turns":1},{"damage":0,"enemies":"2 Louse","floor":2,"turns":1},{"damage":0,"enemies":"Gremlin Nob","floor":6,"turns":1},{"damage":6,"enemies":"Jaw Worm","floor":8,"turns":3},{"damage":1,"enemies":"2 Fungi Beasts","floor":11,"turns":4},{"damage":4,"enemies":"3 Louse","floor":14,"turns":3},{"damage":22,"enemies":"Slime Boss","floor":16,"turns":7},{"damage":15,"enemies":"2 Thieves","floor":18,"turns":4},{"damage":10,"enemies":"Spheric Guardian","floor":19,"turns":3},{"damage":12,"enemies":"Centurion and Healer","floor":20,"turns":8},{"damage":14,"enemies":"3 Cultists","floor":22,"turns":5},{"damage":33,"enemies":"Shelled Parasite and Fungi","floor":24,"turns":7},{"damage":31,"enemies":"Slavers","floor":27,"turns":4},{"damage":27,"enemies":"Gremlin Leader","floor":31,"turns":5},{"damage":72,"enemies":"Champ","floor":33,"turns":12},{"damage":17,"enemies":"Orb Walker","floor":35,"turns":4},{"damage":14,"enemies":"3 Darklings","floor":36,"turns":3},{"damage":36,"enemies":"2 Orb Walkers","floor":37,"turns":4},{"damage":41,"enemies":"4 Shapes","floor":38,"turns":3},{"damage":47,"enemies":"Spire Growth","floor":41,"turns":5},{"damage":13,"enemies":"Transient","floor":46,"turns":5},{"damage":22,"enemies":"Jaw Worm Horde","floor":48,"turns":3},{"damage":110,"enemies":"Time Eater","floor":50,"turns":7}],"seed_played":"5174881580044908486","potions_obtained":[{"floor":2,"key":"Fire Potion"},{"floor":8,"key":"SpeedPotion"},{"floor":14,"key":"Ancient Potion"},{"floor":16,"key":"Regen Potion"}],"is_trial":false,"path_per_floor":["M","M","?","$","?","E","R","M","T","?","M","R","?","M","R","B",null,"M","M","M","$","M","R","M","R","T","E","R","?","?","E","R","B",null,"M","M","?","M","$","R","M","$","T","$","?","M","R","M","R","B"],"character_chosen":"IRONCLAD","items_purchased":["Battle Trance","Magic Flower","Ghostly Armor","Seeing Red"],"campfire_rested":5,"item_purchase_floors":[4,44,44,44],"current_hp_per_floor":[80,80,64,64,61,67,67,67,67,67,72,72,72,74,74,58,80,71,67,76,76,68,68,41,41,41,16,40,40,40,39,63,7,80,69,73,43,32,32,56,25,25,25,25,25,33,57,58,80,0],"gold":127,"neow_bonus":"THREE_ENEMY_KILL","is_prod":false,"is_daily":false,"chose_seed":false,"campfire_upgraded":5,"win_rate":0,"timestamp":1566953180,"path_taken":["M","M","?","$","?","E","R","?","T","?","M","R","?","M","R","BOSS","M","M","M","$","M","R","M","R","T","E","R","?","?","E","R","BOSS","M","M","?","M","$","R","M","?","T","$","?","M","R","M","R","BOSS"],"build_version":"2019-07-17","purchased_purges":3,"victory":false,"max_hp_per_floor":[80,80,80,80,80,80,80,80,80,80,80,80,80,80,80,80,80,80,80,80,80,80,80,80,80,80,80,80,80,80,80,80,80,80,80,80,80,80,80,80,80,80,80,80,80,80,80,80,80,80],"card_choices":[{"not_picked":["Fire Breathing","Perfected Strike"],"picked":"Shrug It Off","floor":1},{"not_picked":["Clothesline","Sword Boomerang"],"picked":"Shrug It Off","floor":2},{"not_picked":["Power Through","Ghostly Armor"],"picked":"Pommel Strike","floor":6},{"not_picked":["Armaments","Thunderclap"],"picked":"Bloodletting","floor":8},{"not_picked":["Dropkick","Power Through"],"picked":"Headbutt","floor":11},{"not_picked":["Flame Barrier","Heavy Blade"],"picked":"Fiend Fire","floor":14},{"not_picked":["Brutality","Barricade"],"picked":"Berserk","floor":16},{"not_picked":["Shrug It Off","Heavy Blade+1"],"picked":"Cleave","floor":18},{"not_picked":["Sword Boomerang","Ghostly Armor","Twin Strike+1"],"picked":"SKIP","floor":19},{"not_picked":["Pummel+1","Wild Strike"],"picked":"Burning Pact","floor":20},{"not_picked":["Clash","Intimidate"],"picked":"Cleave","floor":22},{"not_picked":["Sword Boomerang","Wild Strike+1"],"picked":"Flex+1","floor":24},{"not_picked":["Flex+1","Combust"],"picked":"Reaper","floor":27},{"not_picked":["Clothesline","Clash"],"picked":"Metallicize","floor":31},{"not_picked":["Barricade","Feed"],"picked":"Limit Break","floor":33},{"not_picked":["Blood for Blood","Iron Wave"],"picked":"Second Wind+1","floor":35},{"not_picked":["Clash","Heavy Blade","Iron Wave+1"],"picked":"SKIP","floor":36},{"not_picked":["Perfected Strike+1","Pummel+1"],"picked":"Flex","floor":37},{"not_picked":["Flex","Clash","Pommel Strike"],"picked":"SKIP","floor":38},{"not_picked":["Second Wind+1","Pommel Strike"],"picked":"Battle Trance","floor":41},{"not_picked":["Dual Wield","Clothesline"],"picked":"Ghostly Armor+1","floor":46},{"not_picked":["Sword Boomerang","Armaments","Pummel"],"picked":"SKIP","floor":48}],"player_experience":56453,"relics_obtained":[{"floor":6,"key":"Happy Flower"},{"floor":9,"key":"Dodecahedron"},{"floor":26,"key":"Pen Nib"},{"floor":27,"key":"Letter Opener"},{"floor":31,"key":"Matryoshka"},{"floor":37,"key":"Du-Vu Doll"},{"floor":43,"key":"Darkstone Periapt"},{"floor":43,"key":"Omamori"}],"event_choices":[{"damage_healed":0,"gold_gain":0,"player_choice":"Entered Light","damage_taken":16,"max_hp_gain":0,"max_hp_loss":0,"event_name":"Shining Light","floor":3,"gold_loss":0,"cards_upgraded":["Defend_R","Shrug It Off"]},{"damage_healed":0,"gold_gain":0,"player_choice":"Success","damage_taken":3,"relics_obtained":["The Courier"],"max_hp_gain":0,"max_hp_loss":0,"event_name":"Scrap Ooze","floor":5,"gold_loss":0},{"damage_healed":0,"gold_gain":0,"player_choice":"Ignored","damage_taken":0,"max_hp_gain":0,"max_hp_loss":0,"event_name":"Liars Game","floor":10,"gold_loss":0},{"cards_removed":["Strike_R"],"damage_healed":0,"gold_gain":0,"player_choice":"Purged","damage_taken":0,"max_hp_gain":0,"max_hp_loss":0,"event_name":"Purifier","floor":13,"gold_loss":0},{"damage_healed":0,"gold_gain":0,"player_choice":"Obtain J.A.X.","damage_taken":0,"max_hp_gain":0,"max_hp_loss":0,"event_name":"Drug Dealer","floor":29,"gold_loss":0,"cards_obtained":["J.A.X."]},{"damage_healed":0,"gold_gain":0,"player_choice":"Ignored","damage_taken":0,"max_hp_gain":0,"max_hp_loss":0,"event_name":"Cursed Tome","floor":30,"gold_loss":0},{"damage_healed":0,"gold_gain":0,"player_choice":"Fight","damage_taken":0,"max_hp_gain":0,"max_hp_loss":0,"event_name":"Mysterious Sphere","floor":37,"gold_loss":0},{"damage_healed":0,"gold_gain":100,"player_choice":"Pray","damage_taken":0,"max_hp_gain":0,"max_hp_loss":0,"event_name":"Golden Shrine","floor":45,"gold_loss":0}],"is_beta":false,"boss_relics":[{"not_picked":["Tiny House","Snecko Eye"],"picked":"Sozu"},{"not_picked":["Runic Pyramid","White Beast Statue"],"picked":"Astrolabe"}],"items_purged_floors":[21,42,44],"is_endless":false,"potions_floor_spawned":[2,8,14,16,18,19,20,31,33,38,46,48],"killed_by":"Time Eater","ascension_level":0}