{"gold_per_floor":[109,40,58,70,80,80,93,93,93,93,120,131,144,160,160,264,264,279,298,298,314,160,160,160],"floor_reached":24,"playtime":1502,"items_purged":["Strike_B"],"score":227,"play_id":"076d1419-ac14-444d-93bf-b29b476f56a9","local_time":"20190819113702","is_ascension_mode":false,"campfire_choices":[{"data":"Fusion","floor":6,"key":"SMITH"},{"data":"Madness","floor":8,"key":"SMITH"},{"data":"Fission","floor":15,"key":"SMITH"},{"floor":23,"key":"REST"}],"neow_cost":"NONE","seed_source_timestamp":306124934183612,"circlet_count":0,"master_deck":["Strike_B","Strike_B","Defend_B","Defend_B","Defend_B","Defend_B","Zap","Dualcast","Madness+1","Genetic Algorithm","Fusion+1","Leap","Leap","Turbo","Sunder","Gash","Rebound","Beam Cell","Fission+1","Meteor Strike","Rip and Tear","Gash","Sweeping Beam","Melter","Undo","Loop","Go for the Eyes","Hologram+1","Capacitor"],"relics":["Cracked Core","Pocketwatch","Ginger","Orrery"],"potions_floor_usage":[18],"damage_taken":[{"damage":0,"enemies":"Cultist","floor":1,"turns":3},{"damage":10,"enemies":"Jaw Worm","floor":3,"turns":4},{"damage":2,"enemies":"Small Slimes","floor":4,"turns":5},{"damage":2,"enemies":"Blue Slaver","floor":5,"turns":4},{"damage":1,"enemies":"3 Louse","floor":7,"turns":4},{"damage":0,"enemies":"Lagavulin","floor":11,"turns":7},{"damage":0,"enemies":"2 Fungi Beasts","floor":12,"turns":3},{"damage":0,"enemies":"Red Slaver","floor":13,"turns":3},{"damage":0,"enemies":"Gremlin Gang","floor":14,"turns":4},{"damage":11,"enemies":"Slime Boss","floor":16,"turns":7},{"damage":6,"enemies":"3 Byrds","floor":18,"turns":5},{"damage":20,"enemies":"Spheric Guardian","floor":19,"turns":4},{"damage":30,"enemies":"Chosen and Byrds","floor":21,"turns":8},{"damage":41,"enemies":"Slavers","floor":24,"turns":3}],"seed_played":"6555817746729094193","potions_obtained":[{"floor":4,"key":"SpeedPotion"},{"floor":5,"key":"EssenceOfSteel"},{"floor":11,"key":"Energy Potion"},{"floor":18,"key":"SpeedPotion"}],"is_trial":false,"path_per_floor":["M","$","M","M","M","R","M","R","T","?","E","M","M","M","R","B",null,"M","M","$","M","$","R","E"],"character_chosen":"DEFECT","items_purchased":["Fusion","Capacitor"],"campfire_rested":1,"item_purchase_floors":[2,22],"current_hp_per_floor":[75,75,65,63,61,61,60,60,60,60,60,60,60,60,60,49,75,69,49,49,19,19,41,0],"gold":160,"neow_bonus":"RANDOM_COLORLESS","is_prod":false,"is_daily":false,"chose_seed":false,"campfire_upgraded":3,"win_rate":0,"timestamp":1566203822,"path_taken":["M","?","M","M","M","R","M","R","T","?","E","M","?","M","R","BOSS","M","M","?","M","$","R","E"],"build_version":"2019-07-17","purchased_purges":1,"victory":false,"max_hp_per_floor":[75,75,75,75,75,75,75,75,75,75,75,75,75,75,75,75,75,75,75,75,75,75,75,75],"card_choices":[{"not_picked":["Leap","Coolheaded"],"picked":"Genetic Algorithm","floor":1},{"not_picked":["Coolheaded","Skim"],"picked":"Leap","floor":3},{"not_picked":["Rebound","Cold Snap"],"picked":"Leap","floor":4},{"not_picked":["Cold Snap","Reinforced Body"],"picked":"Turbo","floor":5},{"not_picked":["Reprogram","Rip and Tear"],"picked":"Sunder","floor":7},{"not_picked":["Compile Driver","Leap"],"picked":"Gash","floor":11},{"not_picked":["Cold Snap","Tempest"],"picked":"Rebound","floor":12},{"not_picked":["Fusion","Compile Driver"],"picked":"Beam Cell","floor":13},{"not_picked":["Leap","Streamline"],"picked":"Fission","floor":14},{"not_picked":["Fission","Reboot"],"picked":"Meteor Strike","floor":16},{"not_picked":["Steam","Storm"],"picked":"Rip and Tear","floor":17},{"not_picked":["Stack","Barrage"],"picked":"Gash","floor":17},{"not_picked":["Beam Cell","Rebound"],"picked":"Sweeping Beam","floor":17},{"not_picked":["Redo","Fission"],"picked":"Melter","floor":17},{"not_picked":["Streamline","Coolheaded"],"picked":"Undo","floor":17},{"not_picked":["Rebound","Go for the Eyes"],"picked":"Loop","floor":18},{"not_picked":["Double Energy","Cold Snap"],"picked":"Go for the Eyes","floor":19},{"not_picked":["Barrage","Defragment"],"picked":"Hologram+1","floor":21}],"player_experience":73301,"relics_obtained":[{"floor":9,"key":"Pocketwatch"},{"floor":11,"key":"Ginger"}],"event_choices":[{"cards_removed":["Strike_B"],"damage_healed":0,"gold_gain":0,"player_choice":"Purged","damage_taken":0,"max_hp_gain":0,"max_hp_loss":0,"event_name":"Purifier","floor":10,"gold_loss":0}],"is_beta":false,"boss_relics":[{"not_picked":["Philosopher\u0027s Stone","Tiny House"],"picked":"Orrery"}],"items_purged_floors":[22],"is_endless":false,"potions_floor_spawned":[4,5,11,14,18],"killed_by":"Slavers","ascension_level":0}