{"gold_per_floor":[112,112,112,10,21,21,48,48,48,48,61,61,92,108,108,108],"floor_reached":16,"playtime":535,"items_purged":[],"score":133,"play_id":"587a0057-5069-4c67-b981-feda6e5961bb","local_time":"20190819111150","is_ascension_mode":false,"campfire_choices":[{"data":"Redo","floor":6,"key":"SMITH"},{"data":"Zap","floor":8,"key":"SMITH"},{"data":"Redo","floor":12,"key":"SMITH"},{"data":"Beam Cell","floor":15,"key":"SMITH"}],"neow_cost":"NONE","seed_source_timestamp":305581026643311,"circlet_count":0,"master_deck":["Strike_B","Strike_B","Strike_B","Strike_B","Defend_B","Defend_B","Defend_B","Defend_B","Zap+1","Dualcast+1","Leap","Redo+1","Melter","Redo+1","Double Energy","Recycle","Reinforced Body","Beam Cell+1"],"relics":["Cracked Core","NeowsBlessing","FossilizedHelix","Sundial","Juzu Bracelet"],"potions_floor_usage":[13,13,16],"damage_taken":[{"damage":0,"enemies":"2 Louse","floor":1,"turns":1},{"damage":0,"enemies":"Jaw Worm","floor":5,"turns":1},{"damage":0,"enemies":"Lagavulin","floor":7,"turns":1},{"damage":0,"enemies":"Small Slimes","floor":11,"turns":2},{"damage":3,"enemies":"Gremlin Nob","floor":13,"turns":4},{"damage":0,"enemies":"Blue Slaver","floor":14,"turns":3},{"damage":77,"enemies":"Slime Boss","floor":16,"turns":15}],"seed_played":"-5118682315229979820","potions_obtained":[{"floor":1,"key":"Weak Potion"},{"floor":11,"key":"Block Potion"},{"floor":14,"key":"Ancient Potion"}],"is_trial":false,"path_per_floor":["M","?","?","$","M","R","E","R","T","?","M","R","E","M","R","B"],"character_chosen":"DEFECT","items_purchased":["Redo","Melter"],"campfire_rested":0,"item_purchase_floors":[4,4],"current_hp_per_floor":[75,80,80,80,80,80,80,80,80,80,80,80,77,77,77,0],"gold":108,"neow_bonus":"THREE_ENEMY_KILL","is_prod":false,"is_daily":false,"chose_seed":false,"campfire_upgraded":4,"win_rate":0,"timestamp":1566202310,"path_taken":["M","?","?","?","M","R","E","R","T","?","?","R","E","M","R","BOSS"],"build_version":"2019-07-17","purchased_purges":0,"victory":false,"max_hp_per_floor":[75,80,80,80,80,80,80,80,80,80,80,80,80,80,80,80],"card_choices":[{"not_picked":["Skim","Go for the Eyes"],"picked":"Leap","floor":1},{"not_picked":["Rebound","Steam"],"picked":"Redo","floor":5},{"not_picked":["Hologram","Scrape"],"picked":"Double Energy","floor":7},{"not_picked":["Loop","Undo"],"picked":"Recycle","floor":11},{"not_picked":["Chill","Rebound"],"picked":"Reinforced Body","floor":13},{"not_picked":["Conserve Battery","Hologram"],"picked":"Beam Cell","floor":14}],"player_experience":72766,"relics_obtained":[{"floor":7,"key":"FossilizedHelix"},{"floor":9,"key":"Sundial"},{"floor":13,"key":"Juzu Bracelet"}],"event_choices":[{"damage_healed":0,"gold_gain":0,"player_choice":"Donut","damage_taken":0,"max_hp_gain":5,"max_hp_loss":0,"event_name":"Big Fish","floor":2,"gold_loss":0},{"damage_healed":0,"gold_gain":0,"player_choice":"Grow","damage_taken":0,"max_hp_gain":0,"max_hp_loss":0,"event_name":"Living Wall","floor":3,"gold_loss":0,"cards_upgraded":["Dualcast"]},{"damage_healed":0,"gold_gain":0,"player_choice":"Leave","damage_taken":0,"max_hp_gain":0,"max_hp_loss":0,"event_name":"The Cleric","floor":10,"gold_loss":0}],"is_beta":false,"boss_relics":[],"items_purged_floors":[],"is_endless":false,"potions_floor_spawned":[1,11,14],"killed_by":"Slime Boss","ascension_level":0}