{"gold_per_floor":[113,133,145,164,174,204,204,204],"floor_reached":8,"playtime":650,"items_purged":[],"score":120,"play_id":"8f07cf26-8a40-4b98-b05c-5042f15032c1","local_time":"20190629171344","is_ascension_mode":true,"campfire_choices":[{"data":"Neutralize","floor":7.0,"key":"SMITH"}],"neow_cost":"NONE","seed_source_timestamp":273361183355367,"circlet_count":0,"master_deck":["AscendersBane","Strike_G","Strike_G+1","Strike_G","Strike_G+1","Strike_G","Defend_G","Defend_G","Defend_G","Defend_G","Defend_G","Survivor","Neutralize+1","Sucker Punch","Cloak And Dagger","Leg Sweep","Predator"],"special_seed":0,"relics":["Ring of the Snake","Snake Skull","Whetstone"],"potions_floor_usage":[8],"damage_taken":[{"damage":1.0,"enemies":"2 Louse","floor":1.0,"turns":3.0},{"damage":0.0,"enemies":"Small Slimes","floor":2.0,"turns":4.0},{"damage":0.0,"enemies":"Cultist","floor":3.0,"turns":4.0},{"damage":6.0,"enemies":"3 Louse","floor":4.0,"turns":6.0},{"damage":0.0,"enemies":"Large Slime","floor":5.0,"turns":7.0},{"damage":31.0,"enemies":"3 Sentries","floor":6.0,"turns":13.0},{"damage":37,"enemies":"Gremlin Nob","floor":8,"turns":4}],"seed_played":"4573585175141458905","potions_obtained":[{"floor":5.0,"key":"Poison Potion"},{"floor":6.0,"key":"SteroidPotion"}],"is_trial":false,"path_per_floor":["M","M","M","M","M","E","R","E"],"character_chosen":"THE_SILENT","items_purchased":[],"campfire_rested":0,"item_purchase_floors":[],"current_hp_per_floor":[58,58,58,52,52,21,21,0],"gold":204,"neow_bonus":"RANDOM_COMMON_RELIC","is_prod":false,"is_daily":false,"chose_seed":false,"campfire_upgraded":1,"win_rate":0,"timestamp":1561842824,"path_taken":["M","M","M","M","M","E","R","E"],"build_version":"2019-06-28","purchased_purges":0,"victory":false,"max_hp_per_floor":[66,66,66,66,66,66,66,66],"card_choices":[{"not_picked":["Dodge and Roll","Slice"],"picked":"Sucker Punch","floor":1.0},{"not_picked":["Bane","Flying Knee"],"picked":"Cloak And Dagger","floor":2.0},{"not_picked":["Blade Dance","Masterful Stab"],"picked":"Leg Sweep","floor":3.0},{"not_picked":["Expertise","Bullet Time"],"picked":"Predator","floor":4.0},{"not_picked":["Expertise","Underhanded Strike","Acrobatics"],"picked":"SKIP","floor":5.0},{"not_picked":["Riddle With Holes","Bane","Concentrate"],"picked":"SKIP","floor":6.0}],"player_experience":991026,"relics_obtained":[{"floor":6.0,"key":"Whetstone"}],"event_choices":[],"is_beta":true,"boss_relics":[],"items_purged_floors":[],"is_endless":false,"potions_floor_spawned":[5,6],"killed_by":"Gremlin Nob","ascension_level":20}