{"gold_per_floor":[118,118,43,43,118,179,179,179,229,247,147,147],"floor_reached":12,"playtime":148,"items_purged":["Defend_R","Defend_R+1"],"score":74,"play_id":"cd43eaf2-54c0-47e6-867d-739cb40620bd","local_time":"20190814202238","is_ascension_mode":false,"campfire_choices":[{"data":"Bash","floor":8,"key":"SMITH"}],"neow_cost":"NONE","seed_source_timestamp":46589167276304,"circlet_count":0,"master_deck":["Strike_R","Strike_R","Strike_R","Strike_R","Strike_R","Defend_R+1","Bash+1"],"relics":["Burning Blood","Tiny Chest","Omamori","War Paint"],"potions_floor_usage":[],"damage_taken":[{"damage":1,"enemies":"Cultist","floor":1,"turns":3},{"damage":34,"enemies":"Gremlin Nob","floor":6,"turns":5},{"damage":0,"enemies":"2 Louse","floor":10,"turns":2},{"damage":47,"enemies":"Lagavulin","floor":12,"turns":6}],"seed_played":"5611361755896102800","potions_obtained":[{"floor":6,"key":"Ancient Potion"}],"is_trial":false,"path_per_floor":["M","?","$","?","?","E","T","R","T","M","$","E"],"character_chosen":"IRONCLAD","items_purchased":[],"campfire_rested":0,"item_purchase_floors":[],"current_hp_per_floor":[80,85,85,85,74,46,46,46,46,52,52,5],"gold":147,"neow_bonus":"REMOVE_CARD","is_prod":false,"is_daily":false,"chose_seed":false,"campfire_upgraded":1,"win_rate":0,"timestamp":1565828558,"path_taken":["M","?","$","?","?","E","?","R","T","?","?","E"],"build_version":"2019-07-18","purchased_purges":2,"victory":false,"max_hp_per_floor":[80,85,85,85,85,85,85,85,85,85,85,85],"card_choices":[{"not_picked":["Anger","Feel No Pain","Cleave"],"picked":"SKIP","floor":1},{"not_picked":["Searing Blow","Armaments","Rampage"],"picked":"SKIP","floor":6},{"not_picked":["Dual Wield","Body Slam","Entrench"],"picked":"SKIP","floor":10}],"player_experience":1013715,"relics_obtained":[{"floor":6,"key":"Tiny Chest"},{"floor":7,"key":"Omamori"},{"floor":9,"key":"War Paint"}],"event_choices":[{"damage_healed":0,"gold_gain":0,"player_choice":"Donut","damage_taken":0,"max_hp_gain":5,"max_hp_loss":0,"event_name":"Big Fish","floor":2,"gold_loss":0},{"damage_healed":0,"gold_gain":0,"player_choice":"Leave","damage_taken":0,"max_hp_gain":0,"max_hp_loss":0,"event_name":"The Cleric","floor":4,"gold_loss":0},{"damage_healed":0,"gold_gain":75,"player_choice":"Gather Gold","damage_taken":11,"max_hp_gain":0,"max_hp_loss":0,"event_name":"World of Goop","floor":5,"gold_loss":0}],"is_beta":true,"boss_relics":[],"items_purged_floors":[3,11],"is_endless":false,"potions_floor_spawned":[6],"killed_by":"Lagavulin","ascension_level":0}