{"gold_per_floor":[209,222,222,237,255,255,289,289,289,39,39,55,67,83,83,180,180,200,100,100,116,31,31,31,31,31,43,43,55,55,68,68,68],"floor_reached":33,"playtime":2678,"items_purged":["Strike_G","Strike_G"],"score":249,"play_id":"40abd177-a25f-4df8-9250-10b1c03905ec","local_time":"20190826195908","is_ascension_mode":false,"campfire_choices":[{"data":"Blade Dance","floor":6,"key":"SMITH"},{"floor":8,"key":"REST"},{"data":"Infinite Blades","floor":15,"key":"SMITH"},{"floor":23,"key":"REST"},{"floor":28,"key":"REST"},{"data":"Backflip","floor":30,"key":"SMITH"},{"floor":32,"key":"REST"}],"neow_cost":"NONE","seed_source_timestamp":1109297852025611,"circlet_count":0,"master_deck":["Strike_G","Strike_G","Defend_G","Defend_G","Defend_G","Defend_G","Defend_G","Survivor","Neutralize","Predator","Blade Dance+1","Iron Wave","Outmaneuver","Dagger Throw","Backflip+1","Backflip","Infinite Blades","Blade Dance","Dagger Spray","Infinite Blades+1","All Out Attack","Doppelganger","Dodge and Roll+1","Terror","Dodge and Roll+1","Choke+1","Backstab"],"relics":["Ring of the Snake","Bird Faced Urn","Gremlin Horn","Philosopher\u0027s Stone","Mummified Hand","The Specimen"],"potions_floor_usage":[31],"damage_taken":[{"damage":2,"enemies":"Small Slimes","floor":1,"turns":4},{"damage":0,"enemies":"Cultist","floor":2,"turns":3},{"damage":0,"enemies":"2 Louse","floor":4,"turns":2},{"damage":17,"enemies":"Exordium Thugs","floor":5,"turns":6},{"damage":29,"enemies":"Lagavulin","floor":7,"turns":10},{"damage":1,"enemies":"3 Louse","floor":12,"turns":3},{"damage":0,"enemies":"Red Slaver","floor":13,"turns":4},{"damage":7,"enemies":"Looter","floor":14,"turns":4},{"damage":27,"enemies":"Slime Boss","floor":16,"turns":9},{"damage":31,"enemies":"Chosen","floor":18,"turns":5},{"damage":16,"enemies":"3 Byrds","floor":21,"turns":5},{"damage":11,"enemies":"3 Cultists","floor":27,"turns":6},{"damage":22,"enemies":"Chosen and Byrds","floor":29,"turns":6},{"damage":34,"enemies":"Snake Plant","floor":31,"turns":6},{"damage":38,"enemies":"Collector","floor":33,"turns":5}],"seed_played":"627982265660228900","potions_obtained":[{"floor":1,"key":"FearPotion"},{"floor":2,"key":"EntropicBrew"},{"floor":11,"key":"Energy Potion"},{"floor":11,"key":"Fire Potion"},{"floor":31,"key":"Strength Potion"}],"is_trial":false,"path_per_floor":["M","M","?","M","M","R","E","R","T","$","?","M","M","M","R","B",null,"M","$","?","M","?","R","?","?","T","M","R","M","R","M","R","B"],"character_chosen":"THE_SILENT","items_purchased":["Backflip","Infinite Blades","Blade Dance"],"campfire_rested":4,"item_purchase_floors":[10,10,10],"current_hp_per_floor":[68,68,68,68,51,51,22,43,43,43,43,44,46,43,43,20,70,41,41,28,16,16,38,38,38,38,31,53,35,35,5,27,0],"gold":68,"neow_bonus":"HUNDRED_GOLD","is_prod":false,"is_daily":false,"chose_seed":false,"campfire_upgraded":3,"win_rate":0.0,"timestamp":1566842348,"path_taken":["M","M","?","?","M","R","E","R","T","$","?","M","M","M","R","BOSS","M","$","?","M","?","R","?","?","T","M","R","M","R","?","R","BOSS"],"build_version":"2019-07-17","purchased_purges":2,"victory":false,"max_hp_per_floor":[70,70,70,70,70,70,70,70,70,70,70,70,70,70,70,70,70,70,70,75,75,75,75,75,75,75,75,75,75,75,75,75,75],"card_choices":[{"not_picked":["Slice","Flying Knee"],"picked":"Predator","floor":1},{"not_picked":["Prepared","Outmaneuver"],"picked":"Blade Dance","floor":2},{"not_picked":["Bane","Sucker Punch"],"picked":"Outmaneuver","floor":4},{"not_picked":["Bouncing Flask","Underhanded Strike"],"picked":"Dagger Throw","floor":5},{"not_picked":["Acrobatics","Backstab"],"picked":"Backflip","floor":7},{"not_picked":["Outmaneuver","Slice"],"picked":"Dagger Spray","floor":12},{"not_picked":["Bane","Dagger Spray"],"picked":"Infinite Blades","floor":13},{"not_picked":["Dagger Spray","Malaise"],"picked":"All Out Attack","floor":14},{"not_picked":["Bullet Time","Malaise"],"picked":"Doppelganger","floor":16},{"not_picked":["Reflex","Bouncing Flask"],"picked":"Dodge and Roll+1","floor":18},{"not_picked":["Poisoned Stab","Prepared"],"picked":"Terror","floor":21},{"not_picked":["Endless Agony","Caltrops"],"picked":"Dodge and Roll+1","floor":27},{"not_picked":["Prepared","Dodge and Roll"],"picked":"Choke+1","floor":29},{"not_picked":["Blur","Deflect+1"],"picked":"Backstab","floor":31}],"player_experience":25379,"relics_obtained":[{"floor":7,"key":"Bird Faced Urn"},{"floor":9,"key":"Gremlin Horn"},{"floor":26,"key":"The Specimen"}],"event_choices":[{"cards_removed":["Strike_G"],"damage_healed":0,"gold_gain":0,"player_choice":"Took Card","damage_taken":0,"max_hp_gain":0,"max_hp_loss":0,"event_name":"NoteForYourself","floor":3,"gold_loss":0,"cards_obtained":["Iron Wave"]},{"damage_healed":0,"gold_gain":0,"player_choice":"Got Potions","damage_taken":0,"max_hp_gain":0,"max_hp_loss":0,"event_name":"Lab","floor":11,"gold_loss":0},{"damage_healed":0,"gold_gain":0,"player_choice":"Shed Blood","damage_taken":18,"max_hp_gain":5,"max_hp_loss":0,"event_name":"Forgotten Altar","floor":20,"gold_loss":0},{"damage_healed":0,"gold_gain":0,"player_choice":"Obtained Relic","damage_taken":0,"relics_obtained":["Mummified Hand"],"max_hp_gain":0,"max_hp_loss":0,"event_name":"Addict","floor":22,"gold_loss":85},{"damage_healed":0,"gold_gain":0,"player_choice":"Ignored","damage_taken":0,"max_hp_gain":0,"max_hp_loss":0,"event_name":"Ghosts","floor":24,"gold_loss":0},{"damage_healed":0,"gold_gain":0,"player_choice":"Ignored","damage_taken":0,"max_hp_gain":0,"max_hp_loss":0,"event_name":"N\u0027loth","floor":25,"gold_loss":0}],"is_beta":false,"boss_relics":[{"not_picked":["Fusion Hammer","Busted Crown"],"picked":"Philosopher\u0027s Stone"}],"items_purged_floors":[10,19],"is_endless":false,"potions_floor_spawned":[1,2,12,16,27,31],"killed_by":"Collector","ascension_level":0}