{"gold_per_floor":[117,131,131,131,131,145,145,29,54,19,30,47,47,67,67,167,167,180,81,95,95,115,115,38,38],"floor_reached":25,"playtime":1624,"items_purged":["Defend_G"],"score":193,"play_id":"24f42d5f-cd60-48d4-b9d0-5577f7a38218","local_time":"20190827161755","is_ascension_mode":false,"campfire_choices":[{"data":"Caltrops","floor":13,"key":"SMITH"},{"data":"Backflip","floor":15,"key":"SMITH"},{"data":"Deflect","floor":23,"key":"SMITH"}],"neow_cost":"NONE","seed_source_timestamp":1183483070285947,"circlet_count":0,"master_deck":["Strike_G+1","Defend_G","Defend_G","Defend_G+1","Defend_G","Survivor","Neutralize+1","Caltrops+1","Bouncing Flask","Backflip+1","Noxious Fumes","PiercingWail","Crippling Poison","Tools of the Trade","Infinite Blades+1","Escape Plan+1","Storm of Steel+1","Dagger Throw","Accuracy","Blade Dance","Acrobatics","Deflect+1","Footwork"],"relics":["Ring of the Snake","PreservedInsect","Regal Pillow","Astrolabe"],"potions_floor_usage":[16,16,22,25],"damage_taken":[{"damage":0,"enemies":"Small Slimes","floor":1,"turns":3},{"damage":2,"enemies":"Jaw Worm","floor":2,"turns":5},{"damage":0,"enemies":"2 Louse","floor":6,"turns":4},{"damage":1,"enemies":"Red Slaver","floor":11,"turns":5},{"damage":2,"enemies":"Looter","floor":12,"turns":3},{"damage":6,"enemies":"Exordium Wildlife","floor":14,"turns":4},{"damage":34,"enemies":"Slime Boss","floor":16,"turns":11},{"damage":0,"enemies":"Shell Parasite","floor":18,"turns":6},{"damage":8,"enemies":"Spheric Guardian","floor":20,"turns":6},{"damage":36,"enemies":"Centurion and Healer","floor":22,"turns":11},{"damage":41,"enemies":"Slavers","floor":25,"turns":5}],"seed_played":"-6274891514809234303","potions_obtained":[{"floor":1,"key":"EssenceOfSteel"},{"floor":6,"key":"Regen Potion"},{"floor":14,"key":"Explosive Potion"},{"floor":18,"key":"Strength Potion"},{"floor":20,"key":"Regen Potion"}],"is_trial":false,"path_per_floor":["M","M","?","?","?","M","?","$","T","?","M","M","R","M","R","B",null,"M","$","M","?","M","R","$","E"],"character_chosen":"THE_SILENT","items_purchased":["Noxious Fumes","Accuracy","Blade Dance","Footwork"],"campfire_rested":0,"item_purchase_floors":[8,19,19,24],"current_hp_per_floor":[70,68,54,47,47,47,47,47,47,64,63,61,61,55,55,33,70,70,70,62,62,41,41,41,0],"gold":38,"neow_bonus":"REMOVE_CARD","is_prod":false,"is_daily":false,"chose_seed":false,"campfire_upgraded":3,"win_rate":0.0,"timestamp":1566915475,"path_taken":["M","M","?","?","?","M","?","$","T","?","M","?","R","M","R","BOSS","M","$","M","?","M","R","$","E"],"build_version":"2019-07-17","purchased_purges":1,"victory":false,"max_hp_per_floor":[70,70,70,70,70,70,70,70,70,70,70,70,70,70,70,70,70,70,70,70,70,70,70,70,70],"card_choices":[{"not_picked":["Masterful Stab","Dodge and Roll"],"picked":"Caltrops","floor":1},{"not_picked":["Slice","Deadly Poison"],"picked":"Bouncing Flask","floor":2},{"not_picked":["Underhanded Strike","Sucker Punch"],"picked":"Backflip","floor":6},{"not_picked":["Eviscerate","Crippling Poison"],"picked":"PiercingWail","floor":11},{"not_picked":["Sucker Punch","Underhanded Strike"],"picked":"Crippling Poison","floor":12},{"not_picked":["Outmaneuver","Masterful Stab","Tactician"],"picked":"SKIP","floor":14},{"not_picked":["A Thousand Cuts","Venomology"],"picked":"Tools of the Trade","floor":16},{"not_picked":["Underhanded Strike+1","Choke"],"picked":"Dagger Throw","floor":18},{"not_picked":["Crippling Poison","Outmaneuver"],"picked":"Acrobatics","floor":20},{"not_picked":["Endless Agony","Dash"],"picked":"Deflect","floor":22}],"player_experience":42556,"relics_obtained":[{"floor":9,"key":"Regal Pillow"}],"event_choices":[{"damage_healed":0,"gold_gain":0,"player_choice":"Entered Light","damage_taken":14,"max_hp_gain":0,"max_hp_loss":0,"event_name":"Shining Light","floor":3,"gold_loss":0,"cards_upgraded":["Strike_G","Defend_G"]},{"damage_healed":0,"gold_gain":0,"player_choice":"Success","damage_taken":7,"relics_obtained":["PreservedInsect"],"max_hp_gain":0,"max_hp_loss":0,"event_name":"Scrap Ooze","floor":4,"gold_loss":0},{"damage_healed":0,"gold_gain":0,"player_choice":"Grow","damage_taken":0,"max_hp_gain":0,"max_hp_loss":0,"event_name":"Living Wall","floor":5,"gold_loss":0,"cards_upgraded":["Neutralize"]},{"damage_healed":0,"gold_gain":0,"player_choice":"Ignored","damage_taken":0,"max_hp_gain":0,"max_hp_loss":0,"event_name":"Liars Game","floor":7,"gold_loss":0},{"damage_healed":17,"gold_gain":0,"player_choice":"Healed","damage_taken":0,"max_hp_gain":0,"max_hp_loss":0,"event_name":"The Cleric","floor":10,"gold_loss":35},{"damage_healed":0,"gold_gain":0,"player_choice":"Ignored","damage_taken":0,"max_hp_gain":0,"max_hp_loss":0,"event_name":"Vampires","floor":21,"gold_loss":0}],"is_beta":false,"boss_relics":[{"not_picked":["Fusion Hammer","Busted Crown"],"picked":"Astrolabe"}],"items_purged_floors":[8],"is_endless":false,"potions_floor_spawned":[1,6,14,18,20],"killed_by":"Slavers","ascension_level":0}