{"gold_per_floor":[109,284,298,26,26,26,60,74,74,92,107,27,27,44,44,141,141,161,4,18,34,133,133,133,153,201,201,213,224,250,29,29,134,134,144,192,12,12,30,30,8,24,73,108,120,140,140,152,152,152],"floor_reached":50,"playtime":3620,"items_purged":["Doubt","Defend_B","Doubt","Clumsy","Parasite"],"score":571,"play_id":"a08c43c4-9cc4-4795-b3b0-ab76730f34ee","local_time":"20190816150138","is_ascension_mode":false,"campfire_choices":[{"data":"Leap","floor":6,"key":"SMITH"},{"data":"Gash","floor":13,"key":"SMITH"},{"floor":15,"key":"REST"},{"data":"Electrodynamics","floor":23,"key":"SMITH"},{"data":"Bite","floor":27,"key":"SMITH"},{"floor":32,"key":"REST"},{"data":"Electrodynamics","floor":40,"key":"SMITH"},{"data":"FTL","floor":47,"key":"SMITH"},{"floor":49,"key":"REST"}],"neow_cost":"NONE","seed_source_timestamp":39698814701767,"circlet_count":0,"master_deck":["Defend_B","Defend_B","Defend_B","Zap","Dualcast","Trip","Leap+1","Go for the Eyes+1","Gash+1","Beam Cell","Amplify","Turbo","Cold Snap","Gash","Electrodynamics+1","Gash","Coolheaded","Ball Lightning","FTL+1","Bite+1","Bite","Bite","Bite","Bite","Go for the Eyes","Beam Cell","Loop+1","Ball Lightning","Melter","Gash","Electrodynamics+1","Turbo+1","Sweeping Beam","Redo","BootSequence","Ball Lightning","Hello World","Gash+1","Compile Driver+1","Lockon+1","Beam Cell"],"relics":["Cracked Core","Lantern","The Courier","Mercury Hourglass","Calling Bell","Oddly Smooth Stone","Pear","Incense Burner","Boot","Strawberry","Runic Pyramid","Bird Faced Urn","Omamori","Frozen Egg 2"],"potions_floor_usage":[3,7,14,25,30,36,45,45,48,50],"damage_taken":[{"damage":6,"enemies":"Jaw Worm","floor":1,"turns":3},{"damage":0,"enemies":"Cultist","floor":3,"turns":3},{"damage":5,"enemies":"Lagavulin","floor":7,"turns":6},{"damage":0,"enemies":"Small Slimes","floor":8,"turns":3},{"damage":17,"enemies":"Exordium Wildlife","floor":10,"turns":4},{"damage":0,"enemies":"Blue Slaver","floor":11,"turns":2},{"damage":19,"enemies":"Exordium Thugs","floor":14,"turns":4},{"damage":30,"enemies":"Slime Boss","floor":16,"turns":9},{"damage":4,"enemies":"3 Byrds","floor":18,"turns":2},{"damage":17,"enemies":"Shell Parasite","floor":20,"turns":5},{"damage":6,"enemies":"Chosen and Byrds","floor":21,"turns":5},{"damage":22,"enemies":"3 Cultists","floor":25,"turns":5},{"damage":1,"enemies":"Centurion and Healer","floor":28,"turns":2},{"damage":14,"enemies":"Snecko","floor":29,"turns":4},{"damage":25,"enemies":"Book of Stabbing","floor":30,"turns":5},{"damage":57,"enemies":"Collector","floor":33,"turns":8},{"damage":14,"enemies":"Orb Walker","floor":35,"turns":3},{"damage":30,"enemies":"2 Orb Walkers","floor":36,"turns":4},{"damage":7,"enemies":"3 Shapes","floor":39,"turns":4},{"damage":17,"enemies":"Sphere and 2 Shapes","floor":42,"turns":4},{"damage":27,"enemies":"Nemesis","floor":44,"turns":6},{"damage":25,"enemies":"3 Darklings","floor":45,"turns":4},{"damage":0,"enemies":"Transient","floor":46,"turns":5},{"damage":19,"enemies":"Jaw Worm Horde","floor":48,"turns":4},{"damage":75,"enemies":"Awakened One","floor":50,"turns":5}],"seed_played":"329498591158532565","potions_obtained":[{"floor":1,"key":"Swift Potion"},{"floor":3,"key":"Fruit Juice"},{"floor":10,"key":"Regen Potion"},{"floor":20,"key":"Dexterity Potion"},{"floor":21,"key":"FearPotion"},{"floor":28,"key":"EssenceOfSteel"},{"floor":35,"key":"Weak Potion"},{"floor":39,"key":"Energy Potion"},{"floor":44,"key":"Swift Potion"},{"floor":46,"key":"Weak Potion"}],"is_trial":false,"path_per_floor":["M","?","M","$","?","R","E","M","T","M","M","$","R","M","R","B",null,"M","$","M","M","?","R","?","M","T","R","M","M","E","$","R","B",null,"M","?","$","?","M","R","$","M","T","E","M","M","R","M","R","B"],"character_chosen":"DEFECT","items_purchased":["Lantern","Gash","Gash","Coolheaded","Melter","Gash","Redo","Ball Lightning"],"campfire_rested":3,"item_purchase_floors":[4,4,19,19,31,31,37,41],"current_hp_per_floor":[69,69,74,74,74,74,69,69,69,52,52,52,52,45,69,39,90,86,86,69,63,63,63,62,42,42,42,48,41,32,32,52,10,69,57,33,33,58,56,56,56,44,44,29,15,37,37,26,43,0],"gold":152,"neow_bonus":"RANDOM_COLORLESS","is_prod":false,"is_daily":false,"chose_seed":false,"campfire_upgraded":6,"win_rate":0.0,"timestamp":1565982098,"path_taken":["M","?","M","$","?","R","E","M","T","?","?","?","R","M","R","BOSS","M","$","M","?","?","R","?","M","T","R","M","M","E","?","R","BOSS","M","?","?","?","M","R","$","M","T","E","M","?","R","M","R","BOSS"],"build_version":"2019-07-17","purchased_purges":5,"victory":false,"max_hp_per_floor":[75,75,80,80,80,80,80,80,80,80,80,80,80,80,80,80,90,90,90,90,90,90,90,62,62,62,62,62,62,69,69,69,69,69,69,69,66,58,58,58,58,58,58,58,58,58,58,58,58,58],"card_choices":[{"not_picked":["Darkness","Tempest"],"picked":"Leap","floor":1},{"not_picked":["Beam Cell","Steam"],"picked":"Go for the Eyes","floor":3},{"not_picked":["Recycle","Cold Snap"],"picked":"Beam Cell","floor":7},{"not_picked":["Tempest","Aggregate"],"picked":"Amplify","floor":8},{"not_picked":["White Noise","Leap"],"picked":"Turbo","floor":10},{"not_picked":["Hologram","Force Field"],"picked":"Cold Snap","floor":11},{"not_picked":["Steam","Rebound"],"picked":"Gash","floor":14},{"not_picked":["Fission","Buffer"],"picked":"Electrodynamics","floor":16},{"not_picked":["Barrage","Capacitor","Reprogram+1"],"picked":"SKIP","floor":18},{"not_picked":["Hologram","Aggregate+1"],"picked":"Ball Lightning","floor":20},{"not_picked":["Streamline","Fusion"],"picked":"FTL","floor":21},{"not_picked":["Streamline","Gash"],"picked":"Go for the Eyes","floor":25},{"not_picked":["Rebound","Cold Snap"],"picked":"Beam Cell","floor":28},{"not_picked":["Turbo","Stack"],"picked":"Loop+1","floor":29},{"not_picked":["Barrage","Reinforced Body"],"picked":"Ball Lightning","floor":30},{"not_picked":["Hyperbeam","Fission"],"picked":"Electrodynamics","floor":33},{"not_picked":["Leap+1","Capacitor"],"picked":"Turbo+1","floor":35},{"not_picked":["Steam+1","Gash+1"],"picked":"Sweeping Beam","floor":36},{"not_picked":["Chill","Redo+1"],"picked":"BootSequence","floor":39},{"not_picked":["Reinforced Body","Stack+1"],"picked":"Hello World","floor":42},{"not_picked":["Fission","Loop+1"],"picked":"Gash+1","floor":44},{"not_picked":["Coolheaded","Steam Power"],"picked":"Compile Driver+1","floor":45},{"not_picked":["Coolheaded","Streamline+1"],"picked":"Lockon+1","floor":46},{"not_picked":["Rebound","Sunder"],"picked":"Beam Cell","floor":48}],"player_experience":123786,"relics_obtained":[{"floor":7,"key":"The Courier"},{"floor":9,"key":"Mercury Hourglass"},{"floor":17,"key":"Oddly Smooth Stone"},{"floor":17,"key":"Pear"},{"floor":17,"key":"Incense Burner"},{"floor":26,"key":"Boot"},{"floor":30,"key":"Strawberry"},{"floor":36,"key":"Bird Faced Urn"},{"floor":43,"key":"Omamori"},{"floor":44,"key":"Frozen Egg 2"}],"event_choices":[{"damage_healed":0,"gold_gain":175,"player_choice":"AGREE","damage_taken":0,"max_hp_gain":0,"max_hp_loss":0,"event_name":"Liars Game","floor":2,"gold_loss":0,"cards_obtained":["Doubt"]},{"damage_healed":0,"gold_gain":0,"player_choice":"Forge","damage_taken":0,"max_hp_gain":0,"max_hp_loss":0,"event_name":"Accursed Blacksmith","floor":5,"gold_loss":0,"cards_upgraded":["Go for the Eyes"]},{"damage_healed":0,"gold_gain":99,"player_choice":"Stole From Cult","damage_taken":0,"max_hp_gain":0,"max_hp_loss":0,"event_name":"Nest","floor":22,"gold_loss":0},{"damage_healed":0,"gold_gain":0,"player_choice":"Became a vampire","damage_taken":0,"max_hp_gain":0,"max_hp_loss":28,"event_name":"Vampires","floor":24,"gold_loss":0,"cards_obtained":["Bite","Bite","Bite","Bite","Bite"]},{"damage_healed":0,"gold_gain":0,"player_choice":"Fight","damage_taken":0,"max_hp_gain":0,"max_hp_loss":0,"event_name":"Mysterious Sphere","floor":36,"gold_loss":0},{"damage_healed":58,"gold_gain":0,"player_choice":"Heal","damage_taken":0,"max_hp_gain":0,"max_hp_loss":8,"event_name":"The Moai Head","floor":38,"gold_loss":0}],"is_beta":false,"boss_relics":[{"not_picked":["Astrolabe","Orrery"],"picked":"Calling Bell"},{"not_picked":["Cursed Key","White Beast Statue"],"picked":"Runic Pyramid"}],"items_purged_floors":[4,12,19,31,37],"is_endless":false,"potions_floor_spawned":[1,3,10,20,21,28,35,39,44,46],"killed_by":"Awakened One","ascension_level":0}