{"gold_per_floor":[118,135,60,60,78,78,90,90,117,292,292,192,225,225,225,225],"floor_reached":16,"playtime":260,"items_purged":["Defend_R","Doubt"],"score":98,"play_id":"c6bb2370-58b1-498f-ba48-2805cd70ede0","local_time":"20190814195729","is_ascension_mode":false,"campfire_choices":[{"data":"Bash","floor":6,"key":"SMITH"},{"data":"Strike_R","floor":8,"key":"SMITH"},{"data":"Anger","floor":15,"key":"SMITH"}],"neow_cost":"NONE","seed_source_timestamp":44966264215035,"circlet_count":0,"master_deck":["Strike_R+1","Strike_R","Strike_R+1","Defend_R","Defend_R","Defend_R+1","Bash+1","Anger+1"],"relics":["Burning Blood","Regal Pillow","Anchor","Dream Catcher"],"potions_floor_usage":[16,16],"damage_taken":[{"damage":8,"enemies":"Small Slimes","floor":1,"turns":4},{"damage":1,"enemies":"Cultist","floor":2,"turns":3},{"damage":1,"enemies":"2 Louse","floor":5,"turns":3},{"damage":17,"enemies":"2 Fungi Beasts","floor":7,"turns":4},{"damage":28,"enemies":"Gremlin Nob","floor":13,"turns":4},{"damage":36,"enemies":"The Guardian","floor":16,"turns":7}],"seed_played":"8041942615210095605","potions_obtained":[{"floor":2,"key":"LiquidBronze"},{"floor":5,"key":"Block Potion"},{"floor":13,"key":"Swift Potion"}],"is_trial":false,"path_per_floor":["M","M","$","?","M","R","M","R","T","?","?","$","E","?","R","B"],"character_chosen":"IRONCLAD","items_purchased":[],"campfire_rested":0,"item_purchase_floors":[],"current_hp_per_floor":[78,80,80,80,80,80,69,69,69,69,53,53,31,31,31,0],"gold":225,"neow_bonus":"REMOVE_CARD","is_prod":false,"is_daily":false,"chose_seed":false,"campfire_upgraded":3,"win_rate":0,"timestamp":1565827049,"path_taken":["M","M","$","?","M","R","?","R","T","?","?","?","E","?","R","BOSS"],"build_version":"2019-07-18","purchased_purges":2,"victory":false,"max_hp_per_floor":[80,80,80,80,80,80,80,80,80,80,80,80,80,80,80,80],"card_choices":[{"not_picked":["Flex","Headbutt","Dropkick"],"picked":"SKIP","floor":1},{"not_picked":["Pommel Strike","True Grit","Clothesline"],"picked":"SKIP","floor":2},{"not_picked":["Perfected Strike","Twin Strike","Flex"],"picked":"SKIP","floor":5},{"not_picked":["Bludgeon","Iron Wave","Heavy Blade"],"picked":"SKIP","floor":7},{"not_picked":["Anger","Heavy Blade","Disarm"],"picked":"SKIP","floor":13}],"player_experience":1012167,"relics_obtained":[{"floor":9,"key":"Anchor"},{"floor":13,"key":"Dream Catcher"}],"event_choices":[{"damage_healed":0,"gold_gain":0,"player_choice":"Gave Potion","damage_taken":0,"relics_obtained":["Regal Pillow"],"max_hp_gain":0,"max_hp_loss":0,"event_name":"WeMeetAgain","floor":4,"gold_loss":0},{"damage_healed":0,"gold_gain":175,"player_choice":"AGREE","damage_taken":0,"max_hp_gain":0,"max_hp_loss":0,"event_name":"Liars Game","floor":10,"gold_loss":0,"cards_obtained":["Doubt"]},{"damage_healed":0,"gold_gain":0,"player_choice":"Entered Light","damage_taken":16,"max_hp_gain":0,"max_hp_loss":0,"event_name":"Shining Light","floor":11,"gold_loss":0,"cards_upgraded":["Strike_R","Defend_R"]},{"damage_healed":0,"gold_gain":0,"cards_transformed":["Strike_R"],"player_choice":"Change","damage_taken":0,"max_hp_gain":0,"max_hp_loss":0,"event_name":"Living Wall","floor":14,"gold_loss":0,"cards_obtained":["Anger"]}],"is_beta":true,"boss_relics":[],"items_purged_floors":[3,12],"is_endless":false,"potions_floor_spawned":[2,5,13],"killed_by":"The Guardian","ascension_level":0}