{"gold_per_floor":[116,2,77,2,2,38,38,65,65,65,65,98,116,134,134,232,232,246,246,246,271,286,286,319,319,345,368,24,48,48,68,68,164,164,184,16,0,50,75,75,94,129,129,129,54,72,72,96,96,96],"floor_reached":50,"playtime":1511,"items_purged":["Strike_R"],"score":1171,"play_id":"f0fcf20a-06e0-40a5-9598-66d191160876","local_time":"20190823213947","is_ascension_mode":true,"campfire_choices":[{"data":"Bash","floor":7.0,"key":"SMITH"},{"floor":11.0,"key":"REST"},{"data":"Shockwave","floor":15.0,"key":"SMITH"},{"floor":23.0,"key":"REST"},{"data":"J.A.X.","floor":25.0,"key":"SMITH"},{"floor":30.0,"key":"REST"},{"floor":32.0,"key":"REST"},{"data":"Offering","floor":40.0,"key":"SMITH"},{"floor":49.0,"key":"REST"}],"neow_cost":"NONE","seed_source_timestamp":827280590804982,"circlet_count":0,"master_deck":["AscendersBane","Strike_R","Strike_R","Strike_R","Defend_R","Defend_R+1","Defend_R","Defend_R+1","Bash+1","Carnage","Shrug It Off+1","Headbutt","Pommel Strike","Battle Trance+1","Shockwave+1","Offering+1","J.A.X.+1","Clothesline+1","Shrug It Off","Shrug It Off","Heavy Blade+1","Cleave+1","Iron Wave+1","Heavy Blade+1","Reaper+1","Shrug It Off+1","Reaper+1","Combust+1","Trip"],"special_seed":0,"relics":["Burning Blood","NeowsBlessing","Golden Idol","Pantograph","Dream Catcher","Self Forming Clay","Sundial","Sozu","Red Skull","War Paint","Molten Egg 2","Velvet Choker","Red Mask","StoneCalendar","Kunai"],"potions_floor_usage":[],"damage_taken":[{"damage":0.0,"enemies":"2 Louse","floor":1.0,"turns":1.0},{"damage":0.0,"enemies":"Lagavulin","floor":6.0,"turns":1.0},{"damage":0.0,"enemies":"Gremlin Nob","floor":12.0,"turns":1.0},{"damage":13.0,"enemies":"Small Slimes","floor":13.0,"turns":3.0},{"damage":0.0,"enemies":"Jaw Worm","floor":14.0,"turns":3.0},{"damage":47.0,"enemies":"Slime Boss","floor":16.0,"turns":12.0},{"damage":7.0,"enemies":"Chosen","floor":18.0,"turns":3.0},{"damage":28.0,"enemies":"Shell Parasite","floor":21.0,"turns":3.0},{"damage":24.0,"enemies":"Cultist and Chosen","floor":22.0,"turns":5.0},{"damage":33.0,"enemies":"Slavers","floor":24.0,"turns":5.0},{"damage":20.0,"enemies":"Snecko","floor":27.0,"turns":4.0},{"damage":17.0,"enemies":"Sentry and Sphere","floor":29.0,"turns":3.0},{"damage":9.0,"enemies":"Shelled Parasite and Fungi","floor":31.0,"turns":3.0},{"damage":60.0,"enemies":"Automaton","floor":33.0,"turns":8.0},{"damage":12.0,"enemies":"Orb Walker","floor":35.0,"turns":2.0},{"damage":52.0,"enemies":"3 Darklings","floor":39.0,"turns":8.0},{"damage":39.0,"enemies":"4 Shapes","floor":41.0,"turns":4.0},{"damage":75.0,"enemies":"Giant Head","floor":42.0,"turns":9.0},{"damage":44.0,"enemies":"Jaw Worm Horde","floor":46.0,"turns":4.0},{"damage":12.0,"enemies":"Transient","floor":48.0,"turns":6.0},{"damage":91,"enemies":"Time Eater","floor":50,"turns":7}],"seed_played":"1740289970979997258","potions_obtained":[{"floor":12.0,"key":"Block Potion"},{"floor":13.0,"key":"Regen Potion"}],"is_trial":false,"path_per_floor":["M","$","?","?","?","E","R","T","T","?","R","E","M","M","R","B",null,"M","?","?","M","M","R","E","R","T","M","$","M","R","M","R","B",null,"M","$","?","?","M","R","M","E","T","?","$","M","?","M","R","B"],"character_chosen":"IRONCLAD","items_purchased":["Carnage","Shrug It Off","Molten Egg 2","Heavy Blade+1","Reaper+1"],"campfire_rested":5,"item_purchase_floors":[2,2,28,28,36],"current_hp_per_floor":[74,74,63,63,37,43,43,43,43,20,42,48,41,47,47,31,64,63,63,63,41,23,45,32,32,32,18,18,7,29,26,48,19,61,71,71,71,71,75,75,75,33,33,33,33,37,37,31,52,0],"gold":96,"neow_bonus":"THREE_ENEMY_KILL","is_prod":false,"is_daily":false,"chose_seed":false,"campfire_upgraded":4,"win_rate":0,"timestamp":1566610787,"path_taken":["M","$","?","?","?","E","R","?","T","?","R","E","M","?","R","BOSS","M","?","?","M","M","R","E","R","T","M","$","M","R","M","R","BOSS","M","$","?","?","?","R","M","E","T","?","$","M","?","M","R","BOSS"],"build_version":"2019-08-23","purchased_purges":1,"victory":false,"max_hp_per_floor":[75,75,75,75,75,75,75,75,75,75,75,75,75,75,75,75,75,75,75,75,75,75,75,75,75,75,75,75,75,75,75,75,75,75,75,75,75,75,75,75,75,75,75,75,75,75,71,71,71,71],"card_choices":[{"not_picked":["Flex","Body Slam","Havoc"],"picked":"SKIP","floor":1.0},{"not_picked":["Armaments","True Grit"],"picked":"Headbutt","floor":6.0},{"not_picked":["Searing Blow","Warcry"],"picked":"Pommel Strike","floor":11.0},{"not_picked":["Fire Breathing","Flex"],"picked":"Battle Trance","floor":12.0},{"not_picked":["Thunderclap","Body Slam","Exhume"],"picked":"SKIP","floor":13.0},{"not_picked":["Uppercut","True Grit"],"picked":"Shockwave","floor":14.0},{"not_picked":["Impervious","Bludgeon"],"picked":"Offering","floor":16.0},{"not_picked":["Perfected Strike","Wild Strike","Thunderclap"],"picked":"SKIP","floor":18.0},{"not_picked":["Battle Trance","Second Wind","Metallicize"],"picked":"SKIP","floor":21.0},{"not_picked":["Havoc+1","Wild Strike"],"picked":"Clothesline+1","floor":22.0},{"not_picked":["Dropkick","Rage"],"picked":"Shrug It Off","floor":23.0},{"not_picked":["Anger","Clash"],"picked":"Shrug It Off","floor":24.0},{"not_picked":["Whirlwind","Wild Strike","Anger"],"picked":"SKIP","floor":27.0},{"not_picked":["True Grit","Fire Breathing"],"picked":"Cleave+1","floor":29.0},{"not_picked":["True Grit","Wild Strike+1"],"picked":"Iron Wave+1","floor":30.0},{"not_picked":["Armaments","Anger+1"],"picked":"Heavy Blade+1","floor":31.0},{"not_picked":["Double Tap","Limit Break"],"picked":"Reaper+1","floor":33.0},{"not_picked":["Iron Wave+1","Perfected Strike+1"],"picked":"Shrug It Off+1","floor":35.0},{"not_picked":["Shrug It Off+1","Corruption","Entrench"],"picked":"SKIP","floor":39.0},{"not_picked":["Armaments","Warcry"],"picked":"Combust+1","floor":41.0},{"not_picked":["Body Slam+1","Havoc+1","Double Tap"],"picked":"SKIP","floor":42.0},{"not_picked":["PanicButton","Finesse"],"picked":"Trip","floor":44.0},{"not_picked":["Perfected Strike+1","Dual Wield","Clothesline+1"],"picked":"SKIP","floor":46.0},{"not_picked":["Clash+1","Pommel Strike+1","Twin Strike+1"],"picked":"SKIP","floor":48.0}],"player_experience":1022268,"relics_obtained":[{"floor":6.0,"key":"Pantograph"},{"floor":8.0,"key":"Dream Catcher"},{"floor":9.0,"key":"Self Forming Clay"},{"floor":12.0,"key":"Sundial"},{"floor":24.0,"key":"Red Skull"},{"floor":26.0,"key":"War Paint"},{"floor":42.0,"key":"StoneCalendar"},{"floor":43.0,"key":"Kunai"}],"event_choices":[{"damage_healed":0.0,"max_hp_gain":0.0,"max_hp_loss":0.0,"gold_gain":75.0,"event_name":"World of Goop","player_choice":"Gather Gold","floor":3.0,"gold_loss":0.0,"damage_taken":11.0},{"cards_removed":["Strike_R"],"damage_healed":0.0,"max_hp_gain":0.0,"max_hp_loss":0.0,"gold_gain":0.0,"event_name":"The Cleric","player_choice":"Card Removal","floor":4.0,"gold_loss":75.0,"damage_taken":0.0},{"damage_healed":0.0,"max_hp_gain":0.0,"max_hp_loss":0.0,"gold_gain":0.0,"event_name":"Golden Idol","player_choice":"Take Damage","floor":5.0,"gold_loss":0.0,"damage_taken":26.0,"relics_obtained":["Golden Idol"]},{"damage_healed":0.0,"max_hp_gain":0.0,"max_hp_loss":0.0,"gold_gain":0.0,"event_name":"Shining Light","player_choice":"Entered Light","floor":10.0,"gold_loss":0.0,"damage_taken":23.0,"cards_upgraded":["Shrug It Off","Defend_R"]},{"damage_healed":0.0,"max_hp_gain":0.0,"max_hp_loss":0.0,"gold_gain":0.0,"event_name":"Vampires","player_choice":"Ignored","floor":19.0,"gold_loss":0.0,"damage_taken":0.0},{"damage_healed":0.0,"max_hp_gain":0.0,"max_hp_loss":0.0,"gold_gain":0.0,"event_name":"Drug Dealer","player_choice":"Obtain J.A.X.","floor":20.0,"gold_loss":0.0,"damage_taken":0.0,"cards_obtained":["J.A.X."]},{"damage_healed":0.0,"max_hp_gain":0.0,"max_hp_loss":0.0,"gold_gain":0.0,"event_name":"Tomb of Lord Red Mask","player_choice":"Paid","floor":37.0,"gold_loss":16.0,"damage_taken":0.0,"relics_obtained":["Red Mask"]},{"damage_healed":0.0,"max_hp_gain":0.0,"max_hp_loss":0.0,"gold_gain":50.0,"event_name":"Golden Shrine","player_choice":"Pray","floor":38.0,"gold_loss":0.0,"damage_taken":0.0},{"damage_healed":0.0,"max_hp_gain":0.0,"max_hp_loss":0.0,"gold_gain":0.0,"event_name":"SensoryStone","player_choice":"Memory 1","floor":44.0,"gold_loss":0.0,"damage_taken":0.0},{"damage_healed":0.0,"max_hp_gain":0.0,"max_hp_loss":4.0,"gold_gain":0.0,"event_name":"Winding Halls","player_choice":"Max HP","floor":47.0,"gold_loss":0.0,"damage_taken":0.0}],"is_beta":true,"boss_relics":[{"not_picked":["Coffee Dripper","Black Blood"],"picked":"Sozu"},{"not_picked":["Snecko Eye","Runic Pyramid"],"picked":"Velvet Choker"}],"items_purged_floors":[45],"is_endless":false,"potions_floor_spawned":[12,13,16,21,22,29,33,39,46],"killed_by":"Time Eater","ascension_level":20}