{"gold_per_floor":[119,119,138,138,153,153,171,194,220,220,258,283,326,3,3,3],"floor_reached":16,"playtime":555,"items_purged":[],"score":213,"play_id":"98fdb900-b43b-40dd-9e6d-44a4308979f2","local_time":"20190904123907","is_ascension_mode":true,"campfire_choices":[{"data":"Wild Strike","floor":6,"key":"SMITH"},{"data":"Cleave","floor":10,"key":"SMITH"},{"data":"True Grit","floor":15,"key":"SMITH"}],"neow_cost":"NONE","seed_source_timestamp":322016958510900,"circlet_count":0,"master_deck":["AscendersBane","Strike_R","Strike_R","Strike_R","Strike_R","Strike_R","Defend_R","Defend_R","Defend_R","Defend_R","Bash","Cleave+1","Wild Strike+1","Reckless Charge","Battle Trance","Clothesline","Feed","Ghostly Armor","True Grit+1"],"relics":["Burning Blood","NeowsBlessing","Golden Idol","Vajra","Strawberry","Juzu Bracelet","Happy Flower","Ornamental Fan"],"potions_floor_usage":[7,11],"damage_taken":[{"damage":0,"enemies":"Small Slimes","floor":1,"turns":1},{"damage":0,"enemies":"Cultist","floor":3,"turns":1},{"damage":0,"enemies":"2 Louse","floor":5,"turns":1},{"damage":22,"enemies":"Exordium Thugs","floor":7,"turns":3},{"damage":9,"enemies":"3 Louse","floor":8,"turns":3},{"damage":8,"enemies":"Gremlin Nob","floor":11,"turns":3},{"damage":8,"enemies":"Blue Slaver","floor":12,"turns":2},{"damage":15,"enemies":"3 Sentries","floor":13,"turns":6},{"damage":43,"enemies":"Hexaghost","floor":16,"turns":11}],"seed_played":"-3227730943832878899","potions_obtained":[{"floor":5,"key":"Energy Potion"},{"floor":7,"key":"SteroidPotion"},{"floor":13,"key":"Energy Potion"}],"is_trial":false,"path_per_floor":["M","?","M","?","M","R","M","M","T","R","E","M","E","$","R","B"],"character_chosen":"IRONCLAD","items_purchased":["Ornamental Fan","True Grit"],"campfire_rested":0,"item_purchase_floors":[14,14],"current_hp_per_floor":[74,48,54,54,60,60,44,41,48,48,46,44,38,38,38,0],"gold":3,"neow_bonus":"THREE_ENEMY_KILL","is_prod":false,"is_daily":false,"chose_seed":false,"campfire_upgraded":3,"win_rate":0,"timestamp":1567618747,"path_taken":["M","?","M","?","?","R","M","?","T","R","E","M","E","$","R","BOSS"],"build_version":"2019-07-17","purchased_purges":0,"victory":false,"max_hp_per_floor":[75,75,75,75,75,75,75,75,82,82,82,82,85,85,85,85],"card_choices":[{"not_picked":["True Grit","Reckless Charge"],"picked":"Twin Strike","floor":1},{"not_picked":["Pommel Strike","Barricade"],"picked":"Cleave","floor":3},{"not_picked":["Warcry","Evolve"],"picked":"Wild Strike","floor":5},{"not_picked":["Wild Strike","Perfected Strike"],"picked":"Reckless Charge","floor":7},{"not_picked":["Flex","Whirlwind"],"picked":"Battle Trance","floor":8},{"not_picked":["Hemokinesis","Flex"],"picked":"Clothesline","floor":11},{"not_picked":["Flex","Havoc"],"picked":"Feed","floor":12},{"not_picked":["Thunderclap","Clothesline"],"picked":"Ghostly Armor","floor":13}],"player_experience":822567,"relics_obtained":[{"floor":9,"key":"Strawberry"},{"floor":11,"key":"Juzu Bracelet"},{"floor":13,"key":"Happy Flower"}],"event_choices":[{"damage_healed":0,"gold_gain":0,"player_choice":"Take Damage","damage_taken":26,"relics_obtained":["Golden Idol"],"max_hp_gain":0,"max_hp_loss":0,"event_name":"Golden Idol","floor":2,"gold_loss":0},{"cards_removed":["Twin Strike"],"damage_healed":0,"gold_gain":0,"player_choice":"Gave Card","damage_taken":0,"relics_obtained":["Vajra"],"max_hp_gain":0,"max_hp_loss":0,"event_name":"WeMeetAgain","floor":4,"gold_loss":0}],"is_beta":false,"boss_relics":[],"items_purged_floors":[],"is_endless":false,"potions_floor_spawned":[5,7,13],"killed_by":"Hexaghost","ascension_level":18}