{"gold_per_floor":[109,123,298,298,298,298,342,342,367,380,380,401,117,141,141,264,264,284,304,229,144,144,144,188,204,204,204,218,27,45,60,60,188,188,208,208,36,50,68,68,343,24,24,37,37,37,37],"floor_reached":47,"playtime":2218,"items_purged":["Doubt"],"score":520,"play_id":"defdf522-c028-44f9-bf04-bcf72bc3774e","local_time":"20190827155002","is_ascension_mode":false,"campfire_choices":[{"data":"Neutralize","floor":6,"key":"SMITH"},{"data":"Dagger Spray","floor":8,"key":"SMITH"},{"data":"Blade Dance","floor":11,"key":"SMITH"},{"data":"Footwork","floor":15,"key":"SMITH"},{"data":"Noxious Fumes","floor":23,"key":"SMITH"},{"floor":27,"key":"REST"},{"floor":32,"key":"REST"},{"data":"Apotheosis","floor":40,"key":"SMITH"},{"floor":46,"key":"REST"}],"neow_cost":"NONE","seed_source_timestamp":397553254492087,"circlet_count":0,"master_deck":["Survivor","Neutralize+1","Footwork+1","Dagger Spray+1","Sucker Punch","Blade Dance+1","Finisher","Backstab","Backflip","Infinite Blades","PiercingWail","Wraith Form v2","Noxious Fumes+1","Skewer","PiercingWail","Bullet Time","Dagger Spray","Noxious Fumes","Blur","Adrenaline","Cloak And Dagger+1","Endless Agony","Cloak And Dagger","Terror","A Thousand Cuts+1","Tactician","Backflip","Underhanded Strike","A Thousand Cuts+1","Envenom+1","Bullet Time","A Thousand Cuts+1","Terror","Infinite Blades+1","Acrobatics+1","Apotheosis+1","Crippling Poison+1","Quick Slash+1","Well Laid Plans+1","Deadly Poison","Riddle With Holes+1"],"relics":["Ring of the Snake","NeowsBlessing","Golden Idol","Shuriken","Darkstone Periapt","Omamori","Orrery","Snake Skull","FossilizedHelix","Frozen Egg 2","OrangePellets","Pandora\u0027s Box","TwistedFunnel","Molten Egg 2"],"potions_floor_usage":[28,33,33,33,38,47],"damage_taken":[{"damage":0,"enemies":"2 Louse","floor":1,"turns":1},{"damage":0,"enemies":"Small Slimes","floor":2,"turns":1},{"damage":0,"enemies":"Lagavulin","floor":7,"turns":2},{"damage":3,"enemies":"Jaw Worm","floor":10,"turns":4},{"damage":0,"enemies":"2 Fungi Beasts","floor":12,"turns":3},{"damage":0,"enemies":"Gremlin Gang","floor":14,"turns":3},{"damage":22,"enemies":"The Guardian","floor":16,"turns":12},{"damage":17,"enemies":"Chosen","floor":18,"turns":5},{"damage":7,"enemies":"3 Byrds","floor":19,"turns":4},{"damage":38,"enemies":"Slavers","floor":24,"turns":6},{"damage":0,"enemies":"Centurion and Healer","floor":25,"turns":4},{"damage":10,"enemies":"Snake Plant","floor":28,"turns":5},{"damage":0,"enemies":"Cultist and Chosen","floor":30,"turns":4},{"damage":0,"enemies":"Snecko","floor":31,"turns":4},{"damage":15,"enemies":"Collector","floor":33,"turns":5},{"damage":34,"enemies":"3 Darklings","floor":35,"turns":4},{"damage":13,"enemies":"Orb Walker","floor":38,"turns":5},{"damage":0,"enemies":"Transient","floor":39,"turns":5},{"damage":10,"enemies":"Spire Growth","floor":44,"turns":5},{"damage":34,"enemies":"4 Shapes","floor":47,"turns":2}],"seed_played":"2396473077691004803","potions_obtained":[{"floor":2,"key":"GhostInAJar"},{"floor":7,"key":"SneckoOil"},{"floor":10,"key":"SteroidPotion"},{"floor":30,"key":"Block Potion"},{"floor":31,"key":"Regen Potion"},{"floor":35,"key":"Dexterity Potion"},{"floor":44,"key":"Poison Potion"}],"is_trial":false,"path_per_floor":["M","M","?","?","?","R","E","R","T","M","R","M","$","M","R","B",null,"M","M","?","?","?","R","E","M","T","R","M","$","M","M","R","B",null,"M","?","$","M","M","R","?","$","T","M","$","R","M"],"character_chosen":"THE_SILENT","items_purchased":["Backstab","Backflip","Infinite Blades","OrangePellets","Apotheosis","TwistedFunnel","Well Laid Plans+1","Deadly Poison"],"campfire_rested":3,"item_purchase_floors":[13,13,13,29,37,42,42,42],"current_hp_per_floor":[70,70,70,53,46,46,46,46,46,43,43,43,43,43,43,21,70,53,46,46,46,46,46,8,8,8,29,19,19,19,19,40,39,70,36,36,36,23,23,23,23,23,23,13,13,34,0],"gold":37,"neow_bonus":"THREE_ENEMY_KILL","is_prod":false,"is_daily":false,"chose_seed":false,"campfire_upgraded":6,"win_rate":0,"timestamp":1566910202,"path_taken":["M","M","?","?","?","R","E","R","T","M","R","M","$","M","R","BOSS","M","M","?","?","?","R","E","M","T","R","M","$","M","M","R","BOSS","M","?","?","M","M","R","?","$","T","?","$","R","M"],"build_version":"2019-07-17","purchased_purges":1,"victory":false,"max_hp_per_floor":[70,70,70,70,70,70,70,70,70,70,70,70,70,70,70,70,70,70,70,70,70,70,70,70,70,70,70,70,70,70,70,70,70,70,70,70,70,70,70,70,70,70,70,70,70,70,70],"card_choices":[{"not_picked":["Sucker Punch","Dagger Throw"],"picked":"Footwork","floor":1},{"not_picked":["Concentrate","Underhanded Strike"],"picked":"Dagger Spray","floor":2},{"not_picked":["Outmaneuver","Bane"],"picked":"Sucker Punch","floor":7},{"not_picked":["Tactician","Dodge and Roll"],"picked":"Blade Dance","floor":10},{"not_picked":["Flying Knee","Catalyst"],"picked":"Finisher","floor":12},{"not_picked":["Deadly Poison","Glass Knife"],"picked":"PiercingWail","floor":14},{"not_picked":["Doppelganger","Venomology"],"picked":"Wraith Form v2","floor":16},{"not_picked":["Flechettes","All Out Attack"],"picked":"Noxious Fumes","floor":17},{"not_picked":["Sucker Punch","Eviscerate"],"picked":"Skewer","floor":17},{"not_picked":["Dodge and Roll","Backflip"],"picked":"PiercingWail","floor":17},{"not_picked":["Prepared","Setup"],"picked":"Bullet Time","floor":17},{"not_picked":["Bane","Flechettes"],"picked":"Dagger Spray","floor":17},{"not_picked":["Underhanded Strike+1","Outmaneuver"],"picked":"Noxious Fumes","floor":18},{"not_picked":["Slice","Quick Slash"],"picked":"Blur","floor":19},{"not_picked":["Deadly Poison","Prepared"],"picked":"Adrenaline","floor":24},{"not_picked":["Deflect","PiercingWail"],"picked":"Cloak And Dagger+1","floor":25},{"not_picked":["Acrobatics+1","Escape Plan"],"picked":"Endless Agony","floor":28},{"not_picked":["Terror","Backstab"],"picked":"Cloak And Dagger","floor":30},{"not_picked":["Blade Dance","Sucker Punch"],"picked":"Terror","floor":31},{"not_picked":["Venomology","Doppelganger"],"picked":"A Thousand Cuts+1","floor":33},{"not_picked":["PiercingWail+1","All Out Attack+1"],"picked":"Acrobatics+1","floor":35},{"not_picked":["Bane","Cloak And Dagger"],"picked":"Crippling Poison+1","floor":38},{"not_picked":["Dagger Spray","Flying Knee+1"],"picked":"Quick Slash+1","floor":39},{"not_picked":["Underhanded Strike+1","Dodge and Roll"],"picked":"Riddle With Holes+1","floor":44}],"player_experience":196775,"relics_obtained":[{"floor":7,"key":"Darkstone Periapt"},{"floor":9,"key":"Omamori"},{"floor":24,"key":"FossilizedHelix"},{"floor":26,"key":"Frozen Egg 2"},{"floor":43,"key":"Molten Egg 2"}],"event_choices":[{"damage_healed":0,"gold_gain":175,"player_choice":"AGREE","damage_taken":0,"max_hp_gain":0,"max_hp_loss":0,"event_name":"Liars Game","floor":3,"gold_loss":0,"cards_obtained":["Doubt"]},{"damage_healed":0,"gold_gain":0,"player_choice":"Take Damage","damage_taken":17,"relics_obtained":["Golden Idol"],"max_hp_gain":0,"max_hp_loss":0,"event_name":"Golden Idol","floor":4,"gold_loss":0},{"damage_healed":0,"gold_gain":0,"player_choice":"Success","damage_taken":7,"relics_obtained":["Shuriken"],"max_hp_gain":0,"max_hp_loss":0,"event_name":"Scrap Ooze","floor":5,"gold_loss":0},{"cards_removed":["Strike_G"],"damage_healed":0,"gold_gain":0,"player_choice":"Gave Gold","damage_taken":0,"max_hp_gain":0,"max_hp_loss":0,"event_name":"Beggar","floor":20,"gold_loss":75},{"damage_healed":0,"gold_gain":0,"player_choice":"Obtained Relic","damage_taken":0,"relics_obtained":["Snake Skull"],"max_hp_gain":0,"max_hp_loss":0,"event_name":"Addict","floor":21,"gold_loss":85},{"damage_healed":0,"gold_gain":0,"player_choice":"Simplicity","damage_taken":0,"max_hp_gain":0,"max_hp_loss":0,"event_name":"Back to Basics","floor":22,"gold_loss":0,"cards_upgraded":["Strike_G","Strike_G","Strike_G","Strike_G","Defend_G","Defend_G","Defend_G","Defend_G","Defend_G"]},{"damage_healed":0,"gold_gain":0,"player_choice":"Ignored","damage_taken":0,"max_hp_gain":0,"max_hp_loss":0,"event_name":"Tomb of Lord Red Mask","floor":36,"gold_loss":0},{"damage_healed":0,"gold_gain":275,"player_choice":"Desecrate","damage_taken":0,"max_hp_gain":0,"max_hp_loss":0,"event_name":"Golden Shrine","floor":41,"gold_loss":0,"cards_obtained":["Regret"]}],"is_beta":false,"boss_relics":[{"not_picked":["Eternal Feather","Velvet Choker"],"picked":"Orrery"},{"not_picked":["HoveringKite","Empty Cage"],"picked":"Pandora\u0027s Box"}],"items_purged_floors":[13],"is_endless":false,"potions_floor_spawned":[2,7,10,16,25,30,31,35,44],"killed_by":"4 Shapes","ascension_level":0}