{"gold_per_floor":[113,8,8,8,83,126,126,160,160,199,217,217,230,248,248,338,338,357,357,372,217,235,274,274,274,327,327,352,352,371,389,389,389],"floor_reached":33,"playtime":1036,"items_purged":["Strike_R","Strike_R"],"score":670,"play_id":"d2b5b052-848a-4270-bde9-c36d935b5442","local_time":"20190828125040","is_ascension_mode":true,"campfire_choices":[{"data":"Inflame","floor":7.0,"key":"SMITH"},{"data":"Bash","floor":12.0,"key":"SMITH"},{"data":"Berserk","floor":15.0,"key":"SMITH"},{"floor":25.0,"key":"REST"},{"data":"Disarm","floor":27.0,"key":"SMITH"},{"floor":32,"key":"REST"}],"neow_cost":"NONE","seed_source_timestamp":1228152203484686,"circlet_count":0,"master_deck":["AscendersBane","Strike_R","Strike_R","Defend_R","Defend_R","Defend_R","Defend_R","Bash+1","Inflame+1","True Grit","Headbutt","Iron Wave","Impervious","Flame Barrier","Disarm+1","Berserk+1","Reaper","Evolve+1","Shrug It Off","Shrug It Off","Cleave+1","Pommel Strike","Flame Barrier","Shrug It Off"],"special_seed":0,"relics":["Burning Blood","NeowsBlessing","Golden Idol","Shuriken","Red Skull","Letter Opener","Self Forming Clay","Mark of Pain","Unceasing Top","Tiny Chest"],"potions_floor_usage":[33,33],"damage_taken":[{"damage":0.0,"enemies":"Small Slimes","floor":1.0,"turns":1.0},{"damage":0.0,"enemies":"Lagavulin","floor":6.0,"turns":2.0},{"damage":0.0,"enemies":"3 Sentries","floor":8.0,"turns":2.0},{"damage":32.0,"enemies":"Gremlin Nob","floor":10.0,"turns":4.0},{"damage":2.0,"enemies":"2 Louse","floor":11.0,"turns":2.0},{"damage":1.0,"enemies":"Cultist","floor":13.0,"turns":3.0},{"damage":8.0,"enemies":"2 Fungi Beasts","floor":14.0,"turns":4.0},{"damage":26.0,"enemies":"Slime Boss","floor":16.0,"turns":6.0},{"damage":0.0,"enemies":"3 Byrds","floor":18.0,"turns":2.0},{"damage":7.0,"enemies":"Chosen","floor":20.0,"turns":6.0},{"damage":10.0,"enemies":"3 Cultists","floor":22.0,"turns":6.0},{"damage":40.0,"enemies":"Slavers","floor":23.0,"turns":6.0},{"damage":37.0,"enemies":"Sentry and Sphere","floor":28.0,"turns":9.0},{"damage":15,"enemies":"Snecko","floor":30,"turns":7},{"damage":27,"enemies":"Cultist and Chosen","floor":31,"turns":6},{"damage":65,"enemies":"Collector","floor":33,"turns":9}],"seed_played":"-61886365139703927","potions_obtained":[{"floor":1.0,"key":"FearPotion"},{"floor":8.0,"key":"Fire Potion"},{"floor":13.0,"key":"Explosive Potion"},{"floor":16.0,"key":"Explosive Potion"},{"floor":22.0,"key":"EssenceOfSteel"},{"floor":23.0,"key":"Strength Potion"},{"floor":28.0,"key":"Energy Potion"}],"is_trial":false,"path_per_floor":["M","$","?","?","?","E","R","E","T","E","M","R","M","M","R","B",null,"M","?","M","$","M","E","?","R","T","R","M","?","M","M","R","B"],"character_chosen":"IRONCLAD","items_purchased":["True Grit","Shrug It Off"],"campfire_rested":2,"item_purchase_floors":[2,21],"current_hp_per_floor":[74,74,67,67,56,62,62,68,68,42,46,46,51,49,49,29,58,64,64,68,68,64,34,34,54,54,54,23,23,23,16,36,0],"gold":389,"neow_bonus":"THREE_ENEMY_KILL","is_prod":false,"is_daily":false,"chose_seed":false,"campfire_upgraded":4,"win_rate":0,"timestamp":1567011040,"path_taken":["M","$","?","?","?","E","R","E","T","E","M","R","M","M","R","BOSS","M","?","?","$","M","E","?","R","T","R","M","?","M","M","R","BOSS"],"build_version":"2019-08-26","purchased_purges":2,"victory":false,"max_hp_per_floor":[75,75,75,68,68,68,68,68,68,68,68,68,68,68,68,68,68,68,68,68,68,68,68,68,68,68,68,68,68,68,68,68,68],"card_choices":[{"not_picked":["Twin Strike","Anger"],"picked":"Inflame","floor":1.0},{"not_picked":["Intimidate","Feel No Pain"],"picked":"Headbutt","floor":6.0},{"not_picked":["Pommel Strike","Anger"],"picked":"Iron Wave","floor":8.0},{"not_picked":["Armaments","Body Slam"],"picked":"Impervious","floor":10.0},{"not_picked":["Searing Blow","Clash"],"picked":"Flame Barrier","floor":11.0},{"not_picked":["Metallicize","Rage"],"picked":"Disarm","floor":13.0},{"not_picked":["Dual Wield","Warcry"],"picked":"Berserk","floor":14.0},{"not_picked":["Offering","Brutality"],"picked":"Reaper","floor":16.0},{"not_picked":["Ghostly Armor","Reckless Charge"],"picked":"Evolve","floor":18.0},{"not_picked":["Perfected Strike","Thunderclap"],"picked":"Shrug It Off","floor":20.0},{"not_picked":["Body Slam","Sword Boomerang"],"picked":"Cleave+1","floor":22.0},{"not_picked":["Juggernaut","Dropkick"],"picked":"Pommel Strike","floor":23.0},{"not_picked":["Reckless Charge","Clash"],"picked":"Flame Barrier","floor":28.0},{"not_picked":["Battle Trance","Intimidate"],"picked":"Shrug It Off","floor":30},{"not_picked":["Anger","Armaments","Ghostly Armor"],"picked":"SKIP","floor":31}],"player_experience":1035288,"relics_obtained":[{"floor":6.0,"key":"Shuriken"},{"floor":8.0,"key":"Red Skull"},{"floor":9.0,"key":"Letter Opener"},{"floor":10.0,"key":"Self Forming Clay"},{"floor":23.0,"key":"Unceasing Top"},{"floor":26.0,"key":"Tiny Chest"}],"event_choices":[{"cards_removed":["Strike_R"],"damage_healed":0.0,"max_hp_gain":0.0,"max_hp_loss":0.0,"gold_gain":0.0,"event_name":"Golden Wing","player_choice":"Card Removal","floor":3.0,"gold_loss":0.0,"damage_taken":7.0},{"damage_healed":0.0,"max_hp_gain":0.0,"max_hp_loss":7.0,"gold_gain":0.0,"event_name":"Golden Idol","player_choice":"Lose Max HP","floor":4.0,"gold_loss":0.0,"damage_taken":0.0,"relics_obtained":["Golden Idol"]},{"damage_healed":0.0,"max_hp_gain":0.0,"max_hp_loss":0.0,"gold_gain":75.0,"event_name":"World of Goop","player_choice":"Gather Gold","floor":5.0,"gold_loss":0.0,"damage_taken":11.0},{"damage_healed":0.0,"max_hp_gain":0.0,"max_hp_loss":0.0,"gold_gain":0.0,"event_name":"Accursed Blacksmith","player_choice":"Forge","floor":19.0,"gold_loss":0.0,"damage_taken":0.0,"cards_upgraded":["Evolve"]},{"damage_healed":0.0,"max_hp_gain":0.0,"max_hp_loss":0.0,"gold_gain":0.0,"event_name":"Ghosts","player_choice":"Ignored","floor":24.0,"gold_loss":0.0,"damage_taken":0.0},{"damage_healed":0,"gold_gain":0,"player_choice":"Ignored","damage_taken":0,"max_hp_gain":0,"max_hp_loss":0,"event_name":"The Mausoleum","floor":29,"gold_loss":0}],"is_beta":true,"boss_relics":[{"not_picked":["Runic Cube","Pandora\u0027s Box"],"picked":"Mark of Pain"}],"items_purged_floors":[2,21],"is_endless":false,"potions_floor_spawned":[1,8,13,16,18,22,23,28],"killed_by":"Collector","ascension_level":20}