{"gold_per_floor":[109,184,201,201,211,241,253,287,287,287,287,298,331,343,343,420,420,439,54,64,79,97,124,138,168,168,168,93,121,121,136,136,136],"floor_reached":33,"playtime":1094,"items_purged":["Defend_R"],"score":658,"play_id":"7d73a260-db5a-4978-b2dd-40350c85ae8c","local_time":"20190709223327","is_ascension_mode":true,"campfire_choices":[{"floor":11.0,"key":"REST"},{"data":"Perfected Strike","floor":15.0,"key":"SMITH"},{"floor":32.0,"key":"REST"}],"neow_cost":"NONE","seed_source_timestamp":441181331509945,"circlet_count":0,"master_deck":["AscendersBane","Strike_R","Strike_R","Strike_R","Strike_R","Strike_R","Defend_R","Bash+1","Perfected Strike+1","Shockwave","Clothesline","Twin Strike","Pommel Strike","Shrug It Off","Wild Strike","Perfected Strike+1","Disarm","Wild Strike","Headbutt","Immolate","Pommel Strike"],"special_seed":0,"relics":["Sozu","Ginger","Meat on the Bone","Peace Pipe","Turnip","Empty Cage","Gambling Chip","Mango","Blood Vial","Du-Vu Doll","Shuriken"],"potions_floor_usage":[],"damage_taken":[{"damage":7.0,"enemies":"Jaw Worm","floor":1.0,"turns":3.0},{"damage":0.0,"enemies":"Small Slimes","floor":3.0,"turns":2.0},{"damage":0.0,"enemies":"2 Louse","floor":5.0,"turns":3.0},{"damage":3.0,"enemies":"Gremlin Nob","floor":6.0,"turns":3.0},{"damage":10.0,"enemies":"Gremlin Gang","floor":7.0,"turns":5.0},{"damage":10.0,"enemies":"Lagavulin","floor":8.0,"turns":5.0},{"damage":1.0,"enemies":"Exordium Thugs","floor":12.0,"turns":4.0},{"damage":15.0,"enemies":"3 Sentries","floor":13.0,"turns":5.0},{"damage":9.0,"enemies":"Blue Slaver","floor":14.0,"turns":2.0},{"damage":15.0,"enemies":"The Guardian","floor":16.0,"turns":7.0},{"damage":6.0,"enemies":"Spheric Guardian","floor":18.0,"turns":3.0},{"damage":7.0,"enemies":"3 Byrds","floor":20.0,"turns":7.0},{"damage":10.0,"enemies":"Snake Plant","floor":21.0,"turns":2.0},{"damage":0.0,"enemies":"Snecko","floor":22.0,"turns":2.0},{"damage":24.0,"enemies":"Book of Stabbing","floor":23.0,"turns":3.0},{"damage":0.0,"enemies":"Centurion and Healer","floor":24.0,"turns":3.0},{"damage":35.0,"enemies":"Slavers","floor":25.0,"turns":4.0},{"damage":19.0,"enemies":"Book of Stabbing","floor":29.0,"turns":3.0},{"damage":12.0,"enemies":"Snake Plant","floor":31.0,"turns":3.0},{"damage":109,"enemies":"Automaton","floor":33,"turns":6}],"seed_played":"7799330230241729703","potions_obtained":[],"is_trial":false,"path_per_floor":["M","?","M","?","M","E","M","E","T","?","R","M","E","M","R","B",null,"M","$","M","M","M","E","M","E","T","?","$","E","?","M","R","B"],"character_chosen":"IRONCLAD","items_purchased":["Wild Strike","Gambling Chip"],"campfire_rested":2,"item_purchase_floors":[19,19],"current_hp_per_floor":[61,50,50,27,27,24,14,4,4,4,26,37,34,37,37,34,65,59,59,52,42,42,44,56,33,33,33,33,28,28,30,56,0],"gold":136,"neow_bonus":"BOSS_RELIC","is_prod":false,"is_daily":false,"chose_seed":false,"campfire_upgraded":1,"win_rate":0,"timestamp":1562726007,"path_taken":["M","?","M","?","M","E","M","E","T","?","R","M","E","M","R","BOSS","M","$","?","M","M","E","M","E","T","?","$","E","?","?","R","BOSS"],"build_version":"2019-07-03","purchased_purges":1,"victory":false,"max_hp_per_floor":[75,75,75,75,75,75,75,75,75,75,75,75,75,75,75,75,75,75,75,75,75,75,89,89,89,89,89,89,89,89,89,89,89],"card_choices":[{"not_picked":["Twin Strike","Wild Strike"],"picked":"Perfected Strike","floor":1.0},{"not_picked":["Metallicize","Anger"],"picked":"Shockwave","floor":3.0},{"not_picked":["Whirlwind","Clash"],"picked":"Clothesline","floor":5.0},{"not_picked":["Demon Form","Fire Breathing"],"picked":"Twin Strike","floor":6.0},{"not_picked":["Second Wind","Shockwave"],"picked":"Pommel Strike","floor":7.0},{"not_picked":["Rupture","Warcry","Power Through"],"picked":"SKIP","floor":8.0},{"not_picked":["Clothesline","Armaments"],"picked":"Wild Strike","floor":12.0},{"not_picked":["Juggernaut","Bloodletting"],"picked":"Perfected Strike","floor":13.0},{"not_picked":["Carnage","Armaments"],"picked":"Disarm","floor":14.0},{"not_picked":["Iron Wave","Heavy Blade","Armaments"],"picked":"SKIP","floor":18.0},{"not_picked":["Rage","Armaments"],"picked":"Headbutt","floor":20.0},{"not_picked":["True Grit","Feel No Pain"],"picked":"Immolate","floor":21.0},{"not_picked":["Warcry","Clash","Pummel+1"],"picked":"SKIP","floor":22.0},{"not_picked":["Dual Wield","Clothesline","Fire Breathing+1"],"picked":"SKIP","floor":23.0},{"not_picked":["Anger+1","Warcry","Sword Boomerang+1"],"picked":"SKIP","floor":24.0},{"not_picked":["Combust","Infernal Blade","Iron Wave"],"picked":"SKIP","floor":25.0},{"not_picked":["Metallicize","Headbutt"],"picked":"Pommel Strike","floor":29.0},{"not_picked":["Body Slam","Whirlwind","Havoc"],"picked":"SKIP","floor":31.0}],"player_experience":996089,"relics_obtained":[{"floor":6.0,"key":"Ginger"},{"floor":8.0,"key":"Meat on the Bone"},{"floor":9.0,"key":"Peace Pipe"},{"floor":13.0,"key":"Turnip"},{"floor":23.0,"key":"Mango"},{"floor":25.0,"key":"Blood Vial"},{"floor":26.0,"key":"Du-Vu Doll"},{"floor":29.0,"key":"Shuriken"}],"event_choices":[{"damage_healed":0.0,"max_hp_gain":0.0,"max_hp_loss":0.0,"gold_gain":75.0,"event_name":"World of Goop","player_choice":"Gather Gold","floor":2.0,"gold_loss":0.0,"damage_taken":11.0},{"damage_healed":0.0,"max_hp_gain":0.0,"max_hp_loss":0.0,"gold_gain":0.0,"event_name":"Shining Light","player_choice":"Entered Light","floor":4.0,"gold_loss":0.0,"damage_taken":23.0,"cards_upgraded":["Bash","Perfected Strike"]},{"damage_healed":0.0,"max_hp_gain":0.0,"max_hp_loss":0.0,"gold_gain":0.0,"event_name":"Match and Keep!","player_choice":"1 cards matched","floor":10.0,"gold_loss":0.0,"damage_taken":0.0,"cards_obtained":["Shrug It Off"]},{"damage_healed":0.0,"max_hp_gain":0.0,"max_hp_loss":0.0,"gold_gain":0.0,"event_name":"Cursed Tome","player_choice":"Ignored","floor":27.0,"gold_loss":0.0,"damage_taken":0.0},{"damage_healed":0.0,"max_hp_gain":0.0,"max_hp_loss":0.0,"gold_gain":0.0,"event_name":"Ghosts","player_choice":"Ignored","floor":30.0,"gold_loss":0.0,"damage_taken":0.0}],"is_beta":true,"boss_relics":[{"not_picked":["Runic Cube","Busted Crown"],"picked":"Empty Cage"}],"items_purged_floors":[28],"is_endless":false,"potions_floor_spawned":[3,13,14,21,22,23,29,31],"killed_by":"Automaton","ascension_level":20}