{"gold_per_floor":[117,130,149,159,174,174,188,188,188,188,201,60,60,60,60,161,161],"floor_reached":17,"playtime":592,"items_purged":[],"score":164,"play_id":"9b04e420-c67a-4b54-9d09-39162c7a870f","local_time":"20190821140603","is_ascension_mode":true,"campfire_choices":[{"data":"Echo Form","floor":6,"key":"SMITH"},{"floor":8,"key":"REST"},{"data":"Zap","floor":10,"key":"SMITH"},{"data":"Dualcast","floor":13,"key":"SMITH"},{"data":"Sweeping Beam","floor":15,"key":"SMITH"}],"neow_cost":"NONE","seed_source_timestamp":488781265731679,"circlet_count":0,"master_deck":["Strike_B","Strike_B","Strike_B","Strike_B","Defend_B","Defend_B","Defend_B","Defend_B","Zap+1","Dualcast+1","Echo Form+1","Conserve Battery","Sweeping Beam+1","Gash","Leap","Gash","Rebound","Conserve Battery","Self Repair","FTL","Creative AI","Sweeping Beam","Cold Snap","Barrage","Barrage","Consume"],"relics":["Cracked Core","Bottled Flame","Orrery"],"potions_floor_usage":[],"damage_taken":[{"damage":0,"enemies":"Cultist","floor":1,"turns":3},{"damage":7,"enemies":"Jaw Worm","floor":2,"turns":3},{"damage":3,"enemies":"2 Louse","floor":3,"turns":3},{"damage":13,"enemies":"Red Slaver","floor":4,"turns":3},{"damage":8,"enemies":"3 Louse","floor":5,"turns":3},{"damage":36,"enemies":"Exordium Thugs","floor":7,"turns":5},{"damage":0,"enemies":"Large Slime","floor":11,"turns":4},{"damage":22,"enemies":"Hexaghost","floor":16,"turns":10}],"seed_played":"-5403986814820033536","potions_obtained":[{"floor":3,"key":"FocusPotion"},{"floor":5,"key":"FairyPotion"}],"is_trial":false,"path_per_floor":["M","M","M","M","M","R","M","R","T","R","M","$","R","$","R","B",null],"character_chosen":"DEFECT","items_purchased":["Self Repair","FTL"],"campfire_rested":1,"item_purchase_floors":[12,12],"current_hp_per_floor":[75,68,65,52,44,44,8,30,30,30,30,30,30,30,30,15,75],"gold":161,"neow_bonus":"ONE_RANDOM_RARE_CARD","is_prod":false,"is_daily":false,"chose_seed":false,"campfire_upgraded":4,"win_rate":0,"timestamp":1566385563,"path_taken":["M","M","M","M","M","R","M","R","T","R","M","$","R","$","R","BOSS"],"build_version":"2019-07-17","purchased_purges":0,"victory":false,"max_hp_per_floor":[75,75,75,75,75,75,75,75,75,75,75,75,75,75,75,75,75],"card_choices":[{"not_picked":["Rebound","Loop"],"picked":"Conserve Battery","floor":1},{"not_picked":["Genetic Algorithm","Chill"],"picked":"Sweeping Beam","floor":2},{"not_picked":["Reprogram","Heatsinks"],"picked":"Gash","floor":3},{"not_picked":["Stack","Steam"],"picked":"Leap","floor":4},{"not_picked":["Barrage","White Noise"],"picked":"Gash","floor":5},{"not_picked":["Undo","Tempest"],"picked":"Rebound","floor":7},{"not_picked":["Consume","Redo"],"picked":"Conserve Battery","floor":11},{"not_picked":["Biased Cognition","Thunder Strike"],"picked":"Creative AI","floor":16},{"not_picked":["Thunder Strike","Reinforced Body"],"picked":"Sweeping Beam","floor":17},{"not_picked":["Streamline","FTL"],"picked":"Cold Snap","floor":17},{"not_picked":["Leap","Turbo"],"picked":"Barrage","floor":17},{"not_picked":["Ball Lightning","Compile Driver"],"picked":"Barrage","floor":17},{"not_picked":["Chill","Beam Cell"],"picked":"Consume","floor":17}],"player_experience":138956,"relics_obtained":[{"floor":9,"key":"Bottled Flame"}],"event_choices":[],"is_beta":false,"boss_relics":[{"not_picked":["Runic Dome","FrozenCore"],"picked":"Orrery"}],"items_purged_floors":[],"is_endless":false,"potions_floor_spawned":[3,5],"ascension_level":2}