{"gold_per_floor":[112,124,124,134,134,134,168,187,187,187,152,195,233,47,47,140,140,113,113,27,77,102,102,102],"floor_reached":24,"playtime":1402,"items_purged":[],"score":409,"play_id":"f0fccbb9-70d1-4af2-8da5-d40f95551f9d","local_time":"20190903224615","is_ascension_mode":true,"campfire_choices":[{"data":"Wild Strike","floor":6,"key":"SMITH"},{"data":"Flex","floor":10,"key":"SMITH"},{"data":"Bash","floor":15,"key":"SMITH"},{"floor":23,"key":"REST"}],"neow_cost":"NONE","seed_source_timestamp":271197312428899,"circlet_count":0,"master_deck":["AscendersBane","Defend_R","Defend_R","Defend_R","Defend_R+1","Bash+1","Impervious","Flex+1","Wild Strike+1","Shrug It Off","Spot Weakness","Seeing Red","Thunderclap","Whirlwind","Second Wind","Limit Break","Shrug It Off+1","Exhume+1","Uppercut+1","Feel No Pain","Bite","Bite","Bite","Bite","Bite","Inflame","Armaments"],"relics":["Burning Blood","Golden Idol","Pantograph","Pear","Odd Mushroom","Astrolabe"],"potions_floor_usage":[7,16,22],"damage_taken":[{"damage":7,"enemies":"2 Louse","floor":1,"turns":4},{"damage":3,"enemies":"Small Slimes","floor":2,"turns":4},{"damage":4,"enemies":"Jaw Worm","floor":4,"turns":2},{"damage":8,"enemies":"Gremlin Nob","floor":7,"turns":4},{"damage":4,"enemies":"Looter","floor":8,"turns":3},{"damage":27,"enemies":"Lagavulin","floor":12,"turns":7},{"damage":15,"enemies":"The Mushroom Lair","floor":13,"turns":6},{"damage":75,"enemies":"The Guardian","floor":16,"turns":12},{"damage":22,"enemies":"2 Thieves","floor":18,"turns":4},{"damage":34,"enemies":"Chosen","floor":22,"turns":8},{"damage":53,"enemies":"Slavers","floor":24,"turns":5}],"seed_played":"4031489878452567092","potions_obtained":[{"floor":2,"key":"Explosive Potion"},{"floor":8,"key":"Ancient Potion"},{"floor":13,"key":"BloodPotion"},{"floor":18,"key":"Swift Potion"}],"is_trial":false,"path_per_floor":["M","M","?","M","?","R","E","M","T","R","?","E","?","$","R","B",null,"M","?","$","?","M","R","E"],"character_chosen":"IRONCLAD","items_purchased":["Thunderclap","Whirlwind","Second Wind","Inflame"],"campfire_rested":1,"item_purchase_floors":[14,14,14,20],"current_hp_per_floor":[67,70,47,49,49,49,47,49,59,59,78,57,48,48,48,23,64,48,48,48,48,28,44,0],"gold":102,"neow_bonus":"ONE_RANDOM_RARE_CARD","is_prod":false,"is_daily":false,"chose_seed":false,"campfire_upgraded":3,"win_rate":0,"timestamp":1567568775,"path_taken":["M","M","?","M","?","R","E","M","T","R","?","E","?","$","R","BOSS","M","?","$","?","M","R","E"],"build_version":"2019-07-17","purchased_purges":0,"victory":false,"max_hp_per_floor":[75,75,75,75,68,68,68,68,78,78,78,78,78,78,78,78,78,78,54,54,54,54,54,54],"card_choices":[{"not_picked":["Shrug It Off","Havoc"],"picked":"Perfected Strike","floor":1},{"not_picked":["Heavy Blade","Havoc"],"picked":"Flex","floor":2},{"not_picked":["Dual Wield","Evolve"],"picked":"Wild Strike","floor":4},{"not_picked":["Infernal Blade","Corruption","Dark Embrace"],"picked":"SKIP","floor":7},{"not_picked":["Armaments","Anger"],"picked":"Shrug It Off","floor":8},{"not_picked":["Searing Blow","Sentinel"],"picked":"Spot Weakness","floor":12},{"not_picked":["Pummel","Havoc"],"picked":"Seeing Red","floor":13},{"not_picked":["Dark Embrace","Fiend Fire"],"picked":"Limit Break","floor":16},{"not_picked":["Sentinel","Flex"],"picked":"Feel No Pain","floor":18},{"not_picked":["Clash","Bloodletting"],"picked":"Armaments","floor":22}],"player_experience":817775,"relics_obtained":[{"floor":7,"key":"Pantograph"},{"floor":9,"key":"Pear"},{"floor":13,"key":"Odd Mushroom"}],"event_choices":[{"damage_healed":0,"gold_gain":0,"player_choice":"Entered Light","damage_taken":23,"max_hp_gain":0,"max_hp_loss":0,"event_name":"Shining Light","floor":3,"gold_loss":0,"cards_upgraded":["Defend_R","Perfected Strike"]},{"damage_healed":0,"gold_gain":0,"player_choice":"Lose Max HP","damage_taken":0,"relics_obtained":["Golden Idol"],"max_hp_gain":0,"max_hp_loss":7,"event_name":"Golden Idol","floor":5,"gold_loss":0},{"damage_healed":19,"gold_gain":0,"player_choice":"Healed","damage_taken":0,"max_hp_gain":0,"max_hp_loss":0,"event_name":"The Cleric","floor":11,"gold_loss":35},{"damage_healed":0,"gold_gain":0,"player_choice":"Fought Mushrooms","damage_taken":0,"max_hp_gain":0,"max_hp_loss":0,"event_name":"Mushrooms","floor":13,"gold_loss":0},{"damage_healed":0,"gold_gain":0,"player_choice":"Became a vampire","damage_taken":0,"max_hp_gain":0,"max_hp_loss":24,"event_name":"Vampires","floor":19,"gold_loss":0,"cards_obtained":["Bite","Bite","Bite","Bite","Bite"]},{"damage_healed":0,"gold_gain":50,"player_choice":"Stole From Cult","damage_taken":0,"max_hp_gain":0,"max_hp_loss":0,"event_name":"Nest","floor":21,"gold_loss":0}],"is_beta":false,"boss_relics":[{"not_picked":["Philosopher\u0027s Stone","Ectoplasm"],"picked":"Astrolabe"}],"items_purged_floors":[],"is_endless":false,"potions_floor_spawned":[2,8,13,18],"killed_by":"Slavers","ascension_level":18}