{"gold_per_floor":[117,117,167,182,195,213,213,269,269,10,0],"floor_reached":11,"playtime":273,"items_purged":["Strike_G"],"score":126,"play_id":"655d4f1a-f525-4120-8235-3dfbba41a5eb","local_time":"20190813190314","is_ascension_mode":true,"campfire_choices":[{"data":"Phantasmal Killer","floor":7.0,"key":"SMITH"}],"neow_cost":"TEN_PERCENT_HP_LOSS","seed_source_timestamp":174652408427285,"circlet_count":0,"master_deck":["AscendersBane","Strike_G","Strike_G","Strike_G","Strike_G","Defend_G","Defend_G","Defend_G","Defend_G","Defend_G","Survivor","Neutralize","Phantasmal Killer+1","Masterful Stab","PiercingWail","Well Laid Plans","Cloak And Dagger","Terror","Cloak And Dagger","Backstab"],"special_seed":0,"relics":["Ring of the Snake","Golden Idol","Paper Crane"],"potions_floor_usage":[],"damage_taken":[{"damage":6.0,"enemies":"Small Slimes","floor":1.0,"turns":5.0},{"damage":0.0,"enemies":"2 Louse","floor":4.0,"turns":3.0},{"damage":0.0,"enemies":"Cultist","floor":5.0,"turns":5.0},{"damage":5.0,"enemies":"3 Louse","floor":6.0,"turns":3.0},{"damage":21,"enemies":"Exordium Thugs","floor":11,"turns":3}],"seed_played":"-1282445954705347902","potions_obtained":[{"floor":5.0,"key":"SkillPotion"}],"is_trial":false,"path_per_floor":["M","?","?","M","M","M","R","?","T","$","M"],"character_chosen":"THE_SILENT","items_purchased":["Terror","Cloak And Dagger","Backstab"],"campfire_rested":0,"item_purchase_floors":[10,10,10],"current_hp_per_floor":[53,32,26,26,26,21,21,21,21,21,0],"gold":0,"neow_bonus":"THREE_RARE_CARDS","is_prod":false,"is_daily":false,"chose_seed":false,"campfire_upgraded":1,"win_rate":0,"timestamp":1565737394,"path_taken":["M","?","?","M","?","M","R","?","T","?","M"],"build_version":"2019-07-18","purchased_purges":1,"victory":false,"max_hp_per_floor":[60,60,60,60,60,60,60,60,60,60,60],"card_choices":[{"not_picked":["Envenom","Burst"],"picked":"Phantasmal Killer","floor":0.0},{"not_picked":["Deflect","Flechettes"],"picked":"Masterful Stab","floor":1.0},{"not_picked":["Heel Hook","Outmaneuver"],"picked":"PiercingWail","floor":4.0},{"not_picked":["Poisoned Stab","Underhanded Strike"],"picked":"Well Laid Plans","floor":5.0},{"not_picked":["Expertise","Flying Knee"],"picked":"Cloak And Dagger","floor":6.0}],"player_experience":1009221,"relics_obtained":[{"floor":9.0,"key":"Paper Crane"}],"event_choices":[{"damage_healed":0.0,"max_hp_gain":0.0,"max_hp_loss":0.0,"gold_gain":0.0,"event_name":"Golden Idol","player_choice":"Take Damage","floor":2.0,"gold_loss":0.0,"damage_taken":21.0,"relics_obtained":["Golden Idol"]},{"damage_healed":0.0,"max_hp_gain":0.0,"max_hp_loss":0.0,"gold_gain":50.0,"event_name":"FaceTrader","player_choice":"Touch","floor":3.0,"gold_loss":0.0,"damage_taken":6.0},{"damage_healed":0.0,"max_hp_gain":0.0,"max_hp_loss":0.0,"gold_gain":56.0,"event_name":"Golden Wing","player_choice":"Gained Gold","floor":8.0,"gold_loss":0.0,"damage_taken":0.0}],"is_beta":true,"boss_relics":[],"items_purged_floors":[10],"is_endless":false,"potions_floor_spawned":[5],"killed_by":"Exordium Thugs","ascension_level":20}