{"gold_per_floor":[111,127,50,50,25,25,59,124,148,148,198,226,287,68,68,142,142,156,175,188,208,222,222,249,249,274,369,395,418,480,559,571,583],"floor_reached":33,"playtime":2765,"items_purged":["Strike_B"],"score":593,"play_id":"a5748cad-dba2-4b4c-9625-e99103005600","local_time":"20190413200716","is_ascension_mode":true,"campfire_choices":[{"data":"Sunder","floor":6,"key":"SMITH"},{"data":"Beam Cell","floor":10,"key":"SMITH"},{"data":"Streamline","floor":15,"key":"SMITH"},{"data":"Sweeping Beam","floor":23,"key":"SMITH"},{"floor":25,"key":"REST"},{"floor":32,"key":"REST"}],"neow_cost":"NONE","seed_source_timestamp":182668784852190,"circlet_count":0,"master_deck":["AscendersBane","Strike_B","Strike_B","Defend_B","Defend_B","Defend_B","Defend_B","Dualcast","Sweeping Beam+1","Reinforced Body","Sunder+1","Beam Cell+1","Streamline+1","Adrenaline","Headbutt","Thunderclap","Dark Shackles+1","Disarm"],"relics":["Cracked Core","NeowsBlessing","SsserpentHead","Lantern","Boot","Dream Catcher","PrismaticShard","Nuclear Battery","Letter Opener","MawBank","Red Mask"],"potions_floor_usage":[16,20,21,31,33],"damage_taken":[{"damage":0,"enemies":"Cultist","floor":1,"turns":1},{"damage":0,"enemies":"Small Slimes","floor":2,"turns":1},{"damage":0,"enemies":"Gremlin Nob","floor":7,"turns":1},{"damage":0,"enemies":"2 Louse","floor":8,"turns":1},{"damage":30,"enemies":"Lagavulin","floor":12,"turns":5},{"damage":9,"enemies":"Exordium Wildlife","floor":13,"turns":3},{"damage":20,"enemies":"The Guardian","floor":16,"turns":11},{"damage":11,"enemies":"3 Byrds","floor":18,"turns":4},{"damage":6,"enemies":"2 Thieves","floor":19,"turns":3},{"damage":4,"enemies":"Centurion and Healer","floor":20,"turns":6},{"damage":0,"enemies":"Chosen and Byrds","floor":21,"turns":3},{"damage":0,"enemies":"Snecko","floor":22,"turns":3},{"damage":48,"enemies":"Gremlin Leader","floor":24,"turns":5},{"damage":7,"enemies":"Masked Bandits","floor":27,"turns":2},{"damage":0,"enemies":"3 Cultists","floor":28,"turns":3},{"damage":0,"enemies":"Centurion and Healer","floor":29,"turns":5},{"damage":5,"enemies":"Snecko","floor":31,"turns":3},{"damage":41,"enemies":"Automaton","floor":33,"turns":4}],"seed_played":"-4735362818092207990","potions_obtained":[{"floor":1,"key":"Weak Potion"},{"floor":8,"key":"Fire Potion"},{"floor":16,"key":"Regen Potion"},{"floor":24,"key":"Swift Potion"},{"floor":27,"key":"Dexterity Potion"}],"is_trial":false,"path_per_floor":["M","M","$","?","$","R","E","M","T","R","?","E","M","$","R","B",null,"M","M","M","M","M","R","E","R","T","?","M","M","?","M","R","B"],"character_chosen":"DEFECT","items_purchased":["Sunder","PrismaticShard"],"campfire_rested":2,"item_purchase_floors":[3,14],"current_hp_per_floor":[64,64,64,64,64,64,64,64,64,64,64,34,25,25,25,5,55,44,38,49,49,49,49,1,22,22,15,15,15,15,10,31,0],"gold":583,"neow_bonus":"THREE_ENEMY_KILL","is_prod":false,"is_daily":false,"chose_seed":false,"campfire_upgraded":4,"win_rate":0,"timestamp":1555200436,"path_taken":["M","M","$","?","?","R","E","?","T","R","?","E","?","$","R","BOSS","M","M","M","M","M","R","E","R","T","?","M","M","?","?","R","BOSS"],"build_version":"2019-04-04","purchased_purges":1,"victory":false,"max_hp_per_floor":[71,71,71,71,71,71,71,71,71,71,71,71,71,71,71,71,71,71,71,71,71,71,71,71,71,71,71,71,71,71,71,71,71],"card_choices":[{"not_picked":["Self Repair","Loop"],"picked":"Sweeping Beam","floor":1},{"not_picked":["Steam Power","Compile Driver"],"picked":"Reinforced Body","floor":2},{"not_picked":["Turbo","Steam Power","FTL"],"picked":"SKIP","floor":7},{"not_picked":["Capacitor","Steam"],"picked":"Beam Cell","floor":8},{"not_picked":["Force Field","Core Surge"],"picked":"Streamline","floor":12},{"not_picked":["Barrage","Streamline","Double Energy"],"picked":"SKIP","floor":13},{"not_picked":["Violence","Mayhem"],"picked":"Adrenaline","floor":16},{"not_picked":["Escape Plan","Flex"],"picked":"Headbutt","floor":18},{"not_picked":["Tactician","True Grit","Blur"],"picked":"SKIP","floor":19},{"not_picked":["Armaments","Twin Strike","Thunderclap"],"picked":"SKIP","floor":20},{"not_picked":["Armaments","Twin Strike"],"picked":"Thunderclap","floor":20},{"not_picked":["Blur","Corruption"],"picked":"Dark Shackles+1","floor":21},{"not_picked":["Dropkick","Fusion","Acrobatics"],"picked":"SKIP","floor":22},{"not_picked":["Go for the Eyes","Flash of Steel","Endless Agony+1"],"picked":"SKIP","floor":24},{"not_picked":["Twin Strike","Setup"],"picked":"Disarm","floor":27},{"not_picked":["Flex","Redo","Clash"],"picked":"SKIP","floor":28},{"not_picked":["Dagger Spray","Slice","Seeing Red"],"picked":"SKIP","floor":29},{"not_picked":["Body Slam","Prepared","Force Field"],"picked":"SKIP","floor":31}],"player_experience":968978,"relics_obtained":[{"floor":7,"key":"Lantern"},{"floor":9,"key":"Boot"},{"floor":12,"key":"Dream Catcher"},{"floor":24,"key":"Letter Opener"},{"floor":26,"key":"MawBank"},{"floor":27,"key":"Red Mask"}],"event_choices":[{"damage_healed":0,"gold_gain":0,"player_choice":"Trade","damage_taken":0,"relics_obtained":["SsserpentHead"],"max_hp_gain":0,"max_hp_loss":0,"event_name":"FaceTrader","floor":4,"gold_loss":0},{"cards_removed":["Strike_B"],"damage_healed":0,"gold_gain":0,"player_choice":"Purged","damage_taken":0,"max_hp_gain":0,"max_hp_loss":0,"event_name":"Purifier","floor":11,"gold_loss":0},{"damage_healed":0,"gold_gain":0,"player_choice":"Fought Bandits","damage_taken":0,"max_hp_gain":0,"max_hp_loss":0,"event_name":"Masked Bandits","floor":27,"gold_loss":0},{"cards_removed":["Zap"],"damage_healed":0,"gold_gain":0,"player_choice":"Card Removal","damage_taken":0,"max_hp_gain":0,"max_hp_loss":0,"event_name":"Wheel of Change","floor":30,"gold_loss":0}],"is_beta":true,"boss_relics":[{"not_picked":["Eternal Feather","Orrery"],"picked":"Nuclear Battery"}],"items_purged_floors":[5],"is_endless":false,"potions_floor_spawned":[1,8,16,18,24,27,28],"killed_by":"Automaton","ascension_level":19}