{"gold_per_floor":[109,119,129,141,141,141,156,156,156,0,49,59,59,5,5,107,157,168,181,81,97,28,39,39,39,39,39,39,57,74,87,87,192,192,211,211,311,322,26,26,37,52,103,103],"floor_reached":44,"playtime":2315,"items_purged":["Strike_B","Strike_B","Decay"],"score":404,"play_id":"9b294f00-61d0-4c6c-9262-1dff3917db17","local_time":"20190806154619","is_ascension_mode":false,"campfire_choices":[{"data":"Tempest","floor":6,"key":"SMITH"},{"data":"Ball Lightning","floor":8,"key":"SMITH"},{"floor":15,"key":"REST"},{"floor":25,"key":"REST"},{"floor":28,"key":"REST"},{"floor":32,"key":"REST"},{"floor":40,"key":"REST"}],"neow_cost":"TEN_PERCENT_HP_LOSS","seed_source_timestamp":62875287858520,"circlet_count":0,"master_deck":["Strike_B","Strike_B","Defend_B","Defend_B","Defend_B","Defend_B","Auto Shields","Ball Lightning+1","Tempest+1","Turbo","Multi-Cast","Core Surge+1","Ball Lightning+1","Electrodynamics+1","Capacitor","Double Energy","Turbo+1","Melter+1","Tempest","Ball Lightning+1","Static Discharge","White Noise","FTL+1","Sweeping Beam+1","Barrage+1","Gash+1","Dramatic Entrance+1","Discovery","Leap","Master of Strategy","Double Energy+1","Defragment+1"],"relics":["Cracked Core","Mercury Hourglass","Molten Egg 2","Bag of Marbles","Tiny House","Regal Pillow","Orrery","FossilizedHelix","Anchor"],"potions_floor_usage":[23,23,30,33,41],"damage_taken":[{"damage":2,"enemies":"2 Louse","floor":1,"turns":2},{"damage":1,"enemies":"Cultist","floor":2,"turns":4},{"damage":0,"enemies":"Small Slimes","floor":3,"turns":3},{"damage":11,"enemies":"Gremlin Gang","floor":4,"turns":5},{"damage":0,"enemies":"Looter","floor":7,"turns":2},{"damage":7,"enemies":"Blue Slaver","floor":12,"turns":3},{"damage":27,"enemies":"The Guardian","floor":16,"turns":9},{"damage":5,"enemies":"Spheric Guardian","floor":18,"turns":3},{"damage":5,"enemies":"Chosen","floor":19,"turns":2},{"damage":31,"enemies":"Shelled Parasite and Fungi","floor":21,"turns":4},{"damage":17,"enemies":"Snake Plant","floor":23,"turns":4},{"damage":14,"enemies":"Centurion and Healer","floor":29,"turns":3},{"damage":8,"enemies":"Snecko","floor":30,"turns":4},{"damage":17,"enemies":"Shelled Parasite and Fungi","floor":31,"turns":3},{"damage":60,"enemies":"Automaton","floor":33,"turns":8},{"damage":15,"enemies":"3 Darklings","floor":35,"turns":2},{"damage":36,"enemies":"Mind Bloom Boss Battle","floor":37,"turns":6},{"damage":9,"enemies":"3 Shapes","floor":38,"turns":3},{"damage":22,"enemies":"Maw","floor":41,"turns":7},{"damage":5,"enemies":"4 Shapes","floor":42,"turns":3},{"damage":24,"enemies":"Jaw Worm Horde","floor":44,"turns":1}],"seed_played":"-8372812553449719505","potions_obtained":[{"floor":2,"key":"Dexterity Potion"},{"floor":7,"key":"Swift Potion"},{"floor":16,"key":"GamblersBrew"},{"floor":17,"key":"Ancient Potion"},{"floor":19,"key":"FocusPotion"},{"floor":23,"key":"SkillPotion"},{"floor":30,"key":"Ancient Potion"},{"floor":37,"key":"PowerPotion"},{"floor":38,"key":"Ancient Potion"},{"floor":41,"key":"Fire Potion"}],"is_trial":false,"path_per_floor":["M","M","M","M","?","R","M","R","T","$","T","M","?","$","R","B",null,"M","M","$","M","$","M","?","R","T","?","R","M","M","M","R","B",null,"M","?","?","M","$","R","M","M","T","M"],"character_chosen":"DEFECT","items_purchased":["Multi-Cast","Ball Lightning+1","Melter+1","Master of Strategy"],"campfire_rested":5,"item_purchase_floors":[10,14,22,39],"current_hp_per_floor":[66,65,65,54,54,54,54,54,54,54,54,47,47,47,67,40,73,68,63,63,32,32,15,15,36,36,36,72,58,50,33,69,9,73,58,53,17,8,8,44,22,17,17,0],"gold":103,"neow_bonus":"REMOVE_TWO","is_prod":false,"is_daily":false,"chose_seed":false,"campfire_upgraded":2,"win_rate":0.0,"timestamp":1565120779,"path_taken":["M","M","M","M","?","R","M","R","T","$","?","M","?","$","R","BOSS","M","M","$","M","$","?","?","R","T","?","R","M","?","M","R","BOSS","M","?","?","M","?","R","M","M","T","?"],"build_version":"2019-07-17","purchased_purges":3,"victory":false,"max_hp_per_floor":[68,68,68,68,68,68,68,68,68,68,68,68,68,68,68,68,73,73,73,73,73,73,73,73,73,73,73,73,73,73,73,73,73,73,73,73,73,73,73,73,73,73,73,73],"card_choices":[{"not_picked":["Coolheaded","Self Repair"],"picked":"Auto Shields","floor":1},{"not_picked":["Blizzard","Steam"],"picked":"Ball Lightning","floor":2},{"not_picked":["Auto Shields","Stack"],"picked":"Tempest","floor":3},{"not_picked":["Chaos","Redo","Consume"],"picked":"SKIP","floor":4},{"not_picked":["Steam","Go for the Eyes"],"picked":"Turbo","floor":7},{"not_picked":["Steam","Go for the Eyes+1"],"picked":"Core Surge+1","floor":12},{"not_picked":["Echo Form","Biased Cognition"],"picked":"Electrodynamics","floor":16},{"not_picked":["Leap","Fusion"],"picked":"Capacitor","floor":17},{"not_picked":["Leap+1","Gash+1"],"picked":"Double Energy","floor":18},{"not_picked":["Aggregate","Rebound+1"],"picked":"Turbo+1","floor":19},{"not_picked":["Redo","Doom and Gloom+1","Rip and Tear+1"],"picked":"SKIP","floor":21},{"not_picked":["Scrape+1","Coolheaded+1"],"picked":"Tempest","floor":23},{"not_picked":["Beam Cell+1","Go for the Eyes+1"],"picked":"Static Discharge","floor":29},{"not_picked":["Cold Snap+1","Heatsinks"],"picked":"White Noise","floor":30},{"not_picked":["Storm","Beam Cell+1"],"picked":"FTL+1","floor":31},{"not_picked":["Streamline+1","Tempest"],"picked":"Sweeping Beam+1","floor":34},{"not_picked":["Redo","Rebound+1"],"picked":"Barrage+1","floor":34},{"not_picked":["Compile Driver+1","Turbo"],"picked":"Gash+1","floor":35},{"not_picked":["Madness","Swift Strike+1"],"picked":"Dramatic Entrance+1","floor":36},{"not_picked":["Magnetism","Dark Shackles"],"picked":"Discovery","floor":36},{"not_picked":["Coolheaded+1","Compile Driver+1"],"picked":"Leap","floor":37},{"not_picked":["Tempest","Compile Driver+1","Double Energy"],"picked":"SKIP","floor":38},{"not_picked":["Barrage+1","Stack+1"],"picked":"Double Energy+1","floor":41},{"not_picked":["Coolheaded+1","Biased Cognition"],"picked":"Defragment+1","floor":42}],"player_experience":88484,"relics_obtained":[{"floor":9,"key":"Molten Egg 2"},{"floor":11,"key":"Bag of Marbles"},{"floor":26,"key":"Regal Pillow"},{"floor":37,"key":"FossilizedHelix"},{"floor":43,"key":"Anchor"}],"event_choices":[{"damage_healed":0,"gold_gain":0,"player_choice":"Gave Potion","damage_taken":0,"relics_obtained":["Mercury Hourglass"],"max_hp_gain":0,"max_hp_loss":0,"event_name":"WeMeetAgain","floor":5,"gold_loss":0},{"damage_healed":0,"gold_gain":0,"player_choice":"Bought 0 Potions","damage_taken":0,"max_hp_gain":0,"max_hp_loss":0,"event_name":"The Woman in Blue","floor":13,"gold_loss":0},{"damage_healed":0,"gold_gain":0,"player_choice":"Smashed Altar","damage_taken":0,"max_hp_gain":0,"max_hp_loss":0,"event_name":"Forgotten Altar","floor":24,"gold_loss":0,"cards_obtained":["Decay"]},{"damage_healed":0,"gold_gain":0,"player_choice":"Read","damage_taken":0,"max_hp_gain":0,"max_hp_loss":0,"event_name":"The Library","floor":27,"gold_loss":0,"cards_obtained":["Ball Lightning"]},{"damage_healed":0,"gold_gain":0,"player_choice":"Memory 2","damage_taken":5,"max_hp_gain":0,"max_hp_loss":0,"event_name":"SensoryStone","floor":36,"gold_loss":0},{"damage_healed":0,"gold_gain":0,"player_choice":"Fight","damage_taken":0,"max_hp_gain":0,"max_hp_loss":0,"event_name":"MindBloom","floor":37,"gold_loss":0}],"is_beta":false,"boss_relics":[{"not_picked":["White Beast Statue","Empty Cage"],"picked":"Tiny House"},{"not_picked":["Black Star","Fusion Hammer"],"picked":"Orrery"}],"items_purged_floors":[10,20,39],"is_endless":false,"potions_floor_spawned":[2,7,16,19,21,23,30,37,38,41],"killed_by":"Jaw Worm Horde","ascension_level":0}