{"gold_per_floor":[109,122,297,310,235,264,276,307,319,389,401,413,454,481,493,505],"floor_reached":16,"playtime":471,"items_purged":["Doubt"],"score":116,"play_id":"5251e859-8685-4aa8-b25a-cb4622ea9c88","local_time":"20190904082807","is_ascension_mode":true,"campfire_choices":[{"data":"Zap","floor":7,"key":"SMITH"},{"floor":11,"key":"REST"},{"floor":15,"key":"RECALL"}],"neow_cost":"NONE","seed_source_timestamp":1063984029909609,"circlet_count":0,"master_deck":["Strike_B","Strike_B","Strike_B+1","Strike_B","Defend_B","Defend_B","Defend_B","Defend_B","Zap+1","Dualcast","Go for the Eyes","Gash+1","Gash","Sweeping Beam","Ball Lightning","Hyperbeam","Conserve Battery"],"relics":["Cracked Core","MawBank","Oddly Smooth Stone","Gremlin Horn","Singing Bowl"],"potions_floor_usage":[],"damage_taken":[{"damage":0,"enemies":"Cultist","floor":1,"turns":3},{"damage":0,"enemies":"2 Louse","floor":2,"turns":1},{"damage":3,"enemies":"Jaw Worm","floor":4,"turns":3},{"damage":16,"enemies":"Lagavulin","floor":6,"turns":6},{"damage":7,"enemies":"Looter","floor":8,"turns":2},{"damage":36,"enemies":"3 Sentries","floor":10,"turns":6},{"damage":18,"enemies":"3 Sentries","floor":13,"turns":4},{"damage":0,"enemies":"Large Slime","floor":14,"turns":4},{"damage":39,"enemies":"The Guardian","floor":16,"turns":4}],"seed_played":"-5593106779593356740","potions_obtained":[{"floor":2,"key":"FairyPotion"},{"floor":10,"key":"GamblersBrew"},{"floor":13,"key":"Energy Potion"}],"is_trial":false,"path_per_floor":["M","M","?","M","$","E","R","M","T","?","R","?","E","M","R","B"],"character_chosen":"DEFECT","items_purchased":[],"campfire_rested":1,"item_purchase_floors":[],"current_hp_per_floor":[75,75,75,72,72,56,56,49,49,13,35,20,2,2,2,0],"gold":505,"neow_bonus":"THREE_CARDS","is_prod":false,"is_daily":false,"chose_seed":false,"campfire_upgraded":1,"win_rate":0,"timestamp":1567574887,"path_taken":["M","?","?","M","$","E","R","M","T","?","R","?","E","M","R","BOSS"],"build_version":"2019-07-17","purchased_purges":1,"victory":false,"max_hp_per_floor":[75,75,75,75,75,75,75,75,75,75,75,75,75,75,75,75],"card_choices":[{"not_picked":["Aggregate","Beam Cell"],"picked":"Go for the Eyes","floor":0},{"not_picked":["Barrage","Sweeping Beam"],"picked":"Gash","floor":1},{"not_picked":["Barrage","Reprogram"],"picked":"Gash","floor":2},{"not_picked":["Barrage","Defragment"],"picked":"Sweeping Beam","floor":4},{"not_picked":["Go for the Eyes","Storm","Barrage"],"picked":"SKIP","floor":6},{"not_picked":["Chill","Redo","Stack"],"picked":"SKIP","floor":8},{"not_picked":["Double Energy","Rip and Tear"],"picked":"Ball Lightning","floor":10},{"not_picked":["Fusion","Stack"],"picked":"Hyperbeam","floor":13},{"not_picked":["Stack","Consume"],"picked":"Conserve Battery","floor":14}],"player_experience":257293,"relics_obtained":[{"floor":6,"key":"MawBank"},{"floor":9,"key":"Oddly Smooth Stone"},{"floor":10,"key":"Gremlin Horn"},{"floor":13,"key":"Singing Bowl"}],"event_choices":[{"damage_healed":0,"gold_gain":175,"player_choice":"AGREE","damage_taken":0,"max_hp_gain":0,"max_hp_loss":0,"event_name":"Liars Game","floor":3,"gold_loss":0,"cards_obtained":["Doubt"]},{"damage_healed":0,"gold_gain":0,"player_choice":"Searched \u00271\u0027 times","damage_taken":0,"max_hp_gain":0,"max_hp_loss":0,"event_name":"Dead Adventurer","floor":10,"gold_loss":0},{"damage_healed":0,"gold_gain":0,"player_choice":"Entered Light","damage_taken":15,"max_hp_gain":0,"max_hp_loss":0,"event_name":"Shining Light","floor":12,"gold_loss":0,"cards_upgraded":["Strike_B","Gash"]}],"is_beta":false,"boss_relics":[],"items_purged_floors":[5],"is_endless":false,"potions_floor_spawned":[2,10,13],"killed_by":"The Guardian","ascension_level":1}