{"gold_per_floor":[110,130,144,219,219,219,233,283,283,310,31,31,48,76,76,147,147,157,167,184,184,184,211,211,136,136,162,174,174,192,209,209,285,285,301,301,22,0,100,100,100,131,200,268,283,293,303,327,327,327,327],"floor_reached":52,"playtime":2357,"items_purged":["Strike_R+1"],"score":1845,"play_id":"b0834876-2d7c-4454-a5e7-823f92d98850","local_time":"20190831193740","is_ascension_mode":true,"campfire_choices":[{"floor":6.0,"key":"REST"},{"data":"Carnage","floor":15.0,"key":"SMITH"},{"data":"Demon Form","floor":24.0,"key":"SMITH"},{"floor":29.0,"key":"REST"},{"data":"Heavy Blade","floor":32.0,"key":"SMITH"},{"data":"Uppercut","floor":40.0,"key":"SMITH"},{"data":"Berserk","floor":49.0,"key":"SMITH"}],"neow_cost":"PERCENT_DAMAGE","seed_source_timestamp":1510367753020490,"circlet_count":0,"master_deck":["AscendersBane","Strike_R+1","Strike_R+1","Strike_R+1","Strike_R+1","Defend_R+1","Defend_R+1","Defend_R+1","Defend_R+1","Bash","Twin Strike","Clothesline","Sword Boomerang","Carnage","Carnage+1","Demon Form+1","Shrug It Off","Cleave","Seeing Red+1","True Grit+1","Sword Boomerang","Shockwave+1","Shockwave+1","Pummel","Heavy Blade+1","Offering+1","Berserk+1","Limit Break+1","Uppercut+1","Corruption+1","Demon Form","Flame Barrier+1"],"special_seed":0,"relics":["Burning Blood","Prayer Wheel","Regal Pillow","Strawberry","Happy Flower","Torii","Pantograph","War Paint","Snecko Eye","Toxic Egg 2","Lantern","Orichalcum","Velvet Choker","Paper Frog","Red Mask","Champion Belt","Dream Catcher","Blue Candle","Singing Bowl","Oddly Smooth Stone"],"potions_floor_usage":[],"damage_taken":[{"damage":1.0,"enemies":"Cultist","floor":1.0,"turns":3.0},{"damage":5.0,"enemies":"Small Slimes","floor":2.0,"turns":3.0},{"damage":2.0,"enemies":"Jaw Worm","floor":3.0,"turns":3.0},{"damage":2.0,"enemies":"3 Louse","floor":7.0,"turns":2.0},{"damage":55.0,"enemies":"3 Sentries","floor":10.0,"turns":9.0},{"damage":23.0,"enemies":"Exordium Thugs","floor":13.0,"turns":4.0},{"damage":35.0,"enemies":"Lagavulin","floor":14.0,"turns":5.0},{"damage":32.0,"enemies":"Hexaghost","floor":16.0,"turns":10.0},{"damage":9.0,"enemies":"Chosen","floor":18.0,"turns":3.0},{"damage":12.0,"enemies":"Spheric Guardian","floor":19.0,"turns":4.0},{"damage":18.0,"enemies":"3 Cultists","floor":20.0,"turns":4.0},{"damage":13.0,"enemies":"Slavers","floor":23.0,"turns":4.0},{"damage":7.0,"enemies":"Centurion and Healer","floor":28.0,"turns":3.0},{"damage":1.0,"enemies":"Sentry and Sphere","floor":30.0,"turns":3.0},{"damage":15.0,"enemies":"3 Cultists","floor":31.0,"turns":4.0},{"damage":41.0,"enemies":"Collector","floor":33.0,"turns":6.0},{"damage":1.0,"enemies":"Orb Walker","floor":35.0,"turns":2.0},{"damage":0.0,"enemies":"Mind Bloom Boss Battle","floor":39.0,"turns":4.0},{"damage":7.0,"enemies":"Giant Head","floor":42.0,"turns":4.0},{"damage":10.0,"enemies":"3 Shapes","floor":45.0,"turns":4.0},{"damage":12.0,"enemies":"Writhing Mass","floor":46.0,"turns":3.0},{"damage":15.0,"enemies":"4 Shapes","floor":47.0,"turns":6.0},{"damage":52,"enemies":"Awakened One","floor":50,"turns":9},{"damage":69,"enemies":"Time Eater","floor":51,"turns":8}],"seed_played":"-8389626298149830680","potions_obtained":[{"floor":1.0,"key":"EntropicBrew"},{"floor":10.0,"key":"Ancient Potion"}],"is_trial":false,"path_per_floor":["M","M","M","?","?","R","M","T","T","E","$","?","M","E","R","B",null,"M","M","M","?","?","E","R","$","T","T","M","R","M","M","R","B",null,"M","?","$","?","?","R","?","E","T","T","M","M","M","T","R","B","B",null],"character_chosen":"IRONCLAD","items_purchased":["Pantograph","Paper Frog"],"campfire_rested":2,"item_purchase_floors":[11,37],"current_hp_per_floor":[55,56,60,49,14,51,55,62,62,13,13,82,65,36,36,35,70,67,61,49,49,49,42,42,42,42,42,41,80,82,73,73,47,73,78,78,78,78,78,78,78,77,77,77,77,73,66,66,66,40,13],"gold":327,"neow_bonus":"ONE_RARE_RELIC","is_prod":false,"is_daily":false,"chose_seed":false,"campfire_upgraded":5,"win_rate":0,"timestamp":1567294660,"path_taken":["M","M","?","?","?","R","M","?","T","E","$","?","M","E","R","BOSS","M","M","M","?","?","E","R","$","T","?","M","R","M","M","R","BOSS","M","?","$","?","?","R","?","E","T","?","M","M","?","?","R","BOSS","BOSS"],"build_version":"2019-08-26","purchased_purges":1,"victory":true,"max_hp_per_floor":[75,75,75,75,75,75,75,82,82,82,82,82,82,82,82,82,82,82,82,82,82,82,82,82,82,82,82,82,82,82,82,82,82,82,82,78,78,78,78,78,78,78,78,78,82,84,86,86,86,86,86],"card_choices":[{"not_picked":["Evolve","Shockwave"],"picked":"Twin Strike","floor":1.0},{"not_picked":["Bloodletting","Hemokinesis"],"picked":"Ghostly Armor","floor":1.0},{"not_picked":["Dropkick","Sword Boomerang"],"picked":"Clothesline","floor":2.0},{"not_picked":["Fire Breathing","Dual Wield"],"picked":"Sword Boomerang","floor":2.0},{"not_picked":["Ghostly Armor","Heavy Blade"],"picked":"Thunderclap","floor":3.0},{"not_picked":["Intimidate","Clash","Clothesline"],"picked":"SKIP","floor":3.0},{"not_picked":["Fire Breathing","Flex"],"picked":"Carnage","floor":7.0},{"not_picked":["Uppercut","Limit Break","Sword Boomerang"],"picked":"SKIP","floor":7.0},{"not_picked":["Sword Boomerang","Heavy Blade","Thunderclap"],"picked":"SKIP","floor":10.0},{"not_picked":["Rage","Sentinel"],"picked":"Carnage","floor":13.0},{"not_picked":["Fire Breathing","Wild Strike","Rage"],"picked":"SKIP","floor":13.0},{"not_picked":["Combust","Flex","Burning Pact"],"picked":"SKIP","floor":14.0},{"not_picked":["Offering","Bludgeon"],"picked":"Demon Form","floor":16.0},{"not_picked":["Body Slam","Iron Wave"],"picked":"Shrug It Off","floor":18.0},{"not_picked":["Iron Wave","Dropkick"],"picked":"Cleave","floor":18.0},{"not_picked":["Warcry","Iron Wave"],"picked":"Seeing Red+1","floor":19.0},{"not_picked":["Thunderclap","Body Slam"],"picked":"True Grit+1","floor":19.0},{"not_picked":["Thunderclap","Clash+1"],"picked":"Sword Boomerang","floor":20.0},{"not_picked":["Wild Strike+1","Whirlwind+1","Dropkick"],"picked":"SKIP","floor":20.0},{"not_picked":["Dark Embrace","Iron Wave"],"picked":"Shockwave","floor":23.0},{"not_picked":["Body Slam","Clothesline"],"picked":"Shockwave+1","floor":28.0},{"not_picked":["Iron Wave","Rage+1"],"picked":"Pummel","floor":28.0},{"not_picked":["Sever Soul+1","Anger"],"picked":"Heavy Blade","floor":30.0},{"not_picked":["Sword Boomerang","Body Slam"],"picked":"Offering+1","floor":30.0},{"not_picked":["Iron Wave","Hemokinesis"],"picked":"Berserk","floor":31.0},{"not_picked":["Twin Strike+1","Thunderclap","Perfected Strike"],"picked":"SKIP","floor":31.0},{"not_picked":["Dark Embrace","Double Tap+1"],"picked":"Limit Break+1","floor":33.0},{"not_picked":["Wild Strike+1","Perfected Strike"],"picked":"Uppercut","floor":35.0},{"not_picked":["Fire Breathing+1","Anger"],"picked":"Corruption+1","floor":35.0},{"not_picked":["Rupture","Thunderclap+1","Brutality"],"picked":"SKIP","floor":42.0},{"not_picked":["Thunderclap","Pommel Strike+1","Perfected Strike+1"],"picked":"Singing Bowl","floor":45.0},{"not_picked":["Bloodletting+1","Shrug It Off+1","Hemokinesis"],"picked":"Singing Bowl","floor":45.0},{"not_picked":["Sword Boomerang","Twin Strike"],"picked":"Demon Form","floor":46.0},{"not_picked":["Hemokinesis","Perfected Strike","Uppercut"],"picked":"Singing Bowl","floor":46.0},{"not_picked":["Body Slam+1","Sever Soul+1"],"picked":"Flame Barrier+1","floor":47.0},{"not_picked":["Disarm+1","Clothesline","Clash"],"picked":"Singing Bowl","floor":47.0}],"player_experience":1041517,"relics_obtained":[{"floor":8.0,"key":"Strawberry"},{"floor":9.0,"key":"Happy Flower"},{"floor":10.0,"key":"Torii"},{"floor":14.0,"key":"War Paint"},{"floor":23.0,"key":"Toxic Egg 2"},{"floor":26.0,"key":"Lantern"},{"floor":27.0,"key":"Orichalcum"},{"floor":39.0,"key":"Champion Belt"},{"floor":42.0,"key":"Dream Catcher"},{"floor":43.0,"key":"Blue Candle"},{"floor":44.0,"key":"Singing Bowl"},{"floor":48.0,"key":"Oddly Smooth Stone"}],"event_choices":[{"damage_healed":0.0,"max_hp_gain":0.0,"max_hp_loss":0.0,"gold_gain":75.0,"event_name":"World of Goop","player_choice":"Gather Gold","floor":4.0,"gold_loss":0.0,"damage_taken":11.0},{"damage_healed":0.0,"max_hp_gain":0.0,"max_hp_loss":0.0,"gold_gain":0.0,"event_name":"Scrap Ooze","player_choice":"Success","floor":5.0,"gold_loss":0.0,"damage_taken":35.0,"relics_obtained":["Regal Pillow"]},{"cards_removed":["Ghostly Armor"],"damage_healed":69.0,"max_hp_gain":0.0,"max_hp_loss":0.0,"gold_gain":0.0,"event_name":"Bonfire Elementals","player_choice":"Offered Uncommon","floor":12.0,"gold_loss":0.0,"damage_taken":0.0},{"damage_healed":0.0,"max_hp_gain":0.0,"max_hp_loss":0.0,"gold_gain":0.0,"event_name":"Ghosts","player_choice":"Ignored","floor":21.0,"gold_loss":0.0,"damage_taken":0.0},{"damage_healed":0.0,"max_hp_gain":0.0,"max_hp_loss":0.0,"gold_gain":0.0,"event_name":"Back to Basics","player_choice":"Simplicity","floor":22.0,"gold_loss":0.0,"damage_taken":0.0,"cards_upgraded":["Strike_R","Strike_R","Strike_R","Strike_R","Strike_R","Defend_R","Defend_R"]},{"damage_healed":0.0,"max_hp_gain":0.0,"max_hp_loss":4.0,"gold_gain":0.0,"event_name":"Winding Halls","player_choice":"Max HP","floor":36.0,"gold_loss":0.0,"damage_taken":0.0},{"damage_healed":0.0,"max_hp_gain":0.0,"max_hp_loss":0.0,"gold_gain":0.0,"event_name":"Tomb of Lord Red Mask","player_choice":"Paid","floor":38.0,"gold_loss":22.0,"damage_taken":0.0,"relics_obtained":["Red Mask"]},{"damage_healed":0.0,"max_hp_gain":0.0,"max_hp_loss":0.0,"gold_gain":0.0,"event_name":"MindBloom","player_choice":"Fight","floor":39.0,"gold_loss":0.0,"damage_taken":0.0},{"cards_removed":["Thunderclap"],"damage_healed":0.0,"max_hp_gain":0.0,"max_hp_loss":0.0,"gold_gain":0.0,"event_name":"Falling","player_choice":"Removed Attack","floor":41.0,"gold_loss":0.0,"damage_taken":0.0}],"is_beta":true,"boss_relics":[{"not_picked":["Philosopher\u0027s Stone","Empty Cage"],"picked":"Snecko Eye"},{"not_picked":["Calling Bell","Astrolabe"],"picked":"Velvet Choker"}],"items_purged_floors":[25],"is_endless":false,"potions_floor_spawned":[1,3,10,13,23,28,33,39,45,47],"ascension_level":20}