{"gold_per_floor":[115,131,131,142,142,142,152,166,166,184,199,199],"floor_reached":12,"playtime":993,"items_purged":[],"score":74,"play_id":"0ce14d60-8858-4fe4-aa1d-8437ed6947c1","local_time":"20190814134431","is_ascension_mode":false,"campfire_choices":[{"data":"Skewer","floor":6,"key":"SMITH"}],"neow_cost":"NONE","seed_source_timestamp":153181122842812,"circlet_count":0,"master_deck":["Strike_G","Strike_G","Strike_G","Strike_G","Strike_G","Defend_G","Defend_G","Defend_G","Defend_G","Defend_G","Survivor","Neutralize+1","Skewer+1","PiercingWail","Crippling Poison","Poisoned Stab","Flechettes","Deadly Poison","Acrobatics"],"relics":["Ring of the Snake","Dream Catcher","Bronze Scales"],"potions_floor_usage":[8,12],"damage_taken":[{"damage":1,"enemies":"2 Louse","floor":1,"turns":4},{"damage":0,"enemies":"Cultist","floor":2,"turns":4},{"damage":0,"enemies":"Small Slimes","floor":4,"turns":4},{"damage":0,"enemies":"Blue Slaver","floor":7,"turns":5},{"damage":15,"enemies":"Large Slime","floor":8,"turns":8},{"damage":3,"enemies":"Gremlin Gang","floor":10,"turns":4},{"damage":10,"enemies":"Exordium Thugs","floor":11,"turns":5},{"damage":0,"enemies":"3 Louse","floor":12,"turns":1}],"seed_played":"2416767507617734394","potions_obtained":[{"floor":1,"key":"Regen Potion"},{"floor":4,"key":"FearPotion"},{"floor":8,"key":"GamblersBrew"},{"floor":10,"key":"Block Potion"}],"is_trial":false,"path_per_floor":["M","M","?","M","?","R","M","M","T","M","M","M"],"character_chosen":"THE_SILENT","items_purchased":[],"campfire_rested":0,"item_purchase_floors":[],"current_hp_per_floor":[76,76,64,64,64,64,64,64,64,61,51,51],"gold":199,"neow_bonus":"TEN_PERCENT_HP_BONUS","is_prod":false,"is_daily":false,"chose_seed":false,"campfire_upgraded":1,"win_rate":0.0,"timestamp":1565779471,"path_taken":["M","M","?","M","?","R","?","M","T","M","M","M"],"build_version":"2019-07-17","purchased_purges":0,"victory":false,"max_hp_per_floor":[77,77,77,77,77,77,77,77,77,77,77,77],"card_choices":[{"not_picked":["Footwork","Tactician"],"picked":"Skewer","floor":1},{"not_picked":["Slice","Riddle With Holes"],"picked":"PiercingWail","floor":2},{"not_picked":["Outmaneuver","Caltrops"],"picked":"Crippling Poison","floor":4},{"not_picked":["Endless Agony","PiercingWail"],"picked":"Poisoned Stab","floor":7},{"not_picked":["Expertise","Eviscerate"],"picked":"Flechettes","floor":8},{"not_picked":["Blur","Leg Sweep"],"picked":"Deadly Poison","floor":10},{"not_picked":["Predator","Calculated Gamble"],"picked":"Acrobatics","floor":11}],"player_experience":33766,"relics_obtained":[{"floor":9,"key":"Bronze Scales"}],"event_choices":[{"damage_healed":0,"gold_gain":0,"player_choice":"Success","damage_taken":12,"relics_obtained":["Dream Catcher"],"max_hp_gain":0,"max_hp_loss":0,"event_name":"Scrap Ooze","floor":3,"gold_loss":0},{"damage_healed":0,"gold_gain":0,"player_choice":"Upgraded","damage_taken":0,"max_hp_gain":0,"max_hp_loss":0,"event_name":"Upgrade Shrine","floor":5,"gold_loss":0,"cards_upgraded":["Neutralize"]}],"is_beta":false,"boss_relics":[],"items_purged_floors":[],"is_endless":false,"potions_floor_spawned":[1,4,8,10],"killed_by":"3 Louse","ascension_level":0}