{"gold_per_floor":[112,37,49,49,67,67,79,90,90,9,37,98,98,98,98,191,191,210,210,210,11,61,100,100,119,119,138,138,138,156,174,174,174],"floor_reached":33,"playtime":1065,"items_purged":[],"score":530,"play_id":"6d0e1ce6-a6ec-4ac0-ab36-0e63237e5405","local_time":"20190813193224","is_ascension_mode":true,"campfire_choices":[{"data":"Neutralize","floor":6.0,"key":"SMITH"},{"floor":13.0,"key":"DIG"},{"floor":15.0,"key":"DIG"},{"floor":24.0,"key":"DIG"},{"floor":28.0,"key":"DIG"},{"floor":32.0,"key":"DIG"}],"neow_cost":"NONE","seed_source_timestamp":174975251827333,"circlet_count":0,"master_deck":["AscendersBane","Strike_G","Strike_G","Strike_G","Strike_G","Defend_G","Defend_G","Defend_G","Defend_G","Defend_G","Survivor","Neutralize+1","All Out Attack","Quick Slash","PiercingWail","Crippling Poison","Noxious Fumes","Catalyst","Corpse Explosion","Backflip+1","Writhe","Deadly Poison","Backstab","PiercingWail","Noxious Fumes","PiercingWail+1","Backstab"],"special_seed":0,"relics":["Ring of the Snake","NeowsBlessing","Shovel","Calipers","Prayer Wheel","Golden Idol","Shuriken","Velvet Choker","Meat on the Bone","Bag of Preparation","Mercury Hourglass","The Specimen","The Courier","Nloth\u0027s Gift","Pear"],"potions_floor_usage":[],"damage_taken":[{"damage":0.0,"enemies":"Cultist","floor":1.0,"turns":1.0},{"damage":0.0,"enemies":"Small Slimes","floor":3.0,"turns":1.0},{"damage":0.0,"enemies":"2 Louse","floor":5.0,"turns":1.0},{"damage":13.0,"enemies":"Large Slime","floor":7.0,"turns":10.0},{"damage":2.0,"enemies":"Blue Slaver","floor":8.0,"turns":5.0},{"damage":11.0,"enemies":"3 Sentries","floor":11.0,"turns":6.0},{"damage":19.0,"enemies":"The Guardian","floor":16.0,"turns":12.0},{"damage":0.0,"enemies":"3 Byrds","floor":18.0,"turns":3.0},{"damage":22.0,"enemies":"Gremlin Leader","floor":23.0,"turns":6.0},{"damage":13.0,"enemies":"Chosen","floor":25.0,"turns":4.0},{"damage":26.0,"enemies":"Shelled Parasite and Fungi","floor":27.0,"turns":5.0},{"damage":12.0,"enemies":"Sentry and Sphere","floor":30.0,"turns":5.0},{"damage":1.0,"enemies":"Snecko","floor":31.0,"turns":4.0},{"damage":45,"enemies":"Automaton","floor":33,"turns":8}],"seed_played":"-3553108662057240519","potions_obtained":[{"floor":7.0,"key":"AttackPotion"},{"floor":23.0,"key":"Strength Potion"},{"floor":30.0,"key":"SneckoOil"}],"is_trial":false,"path_per_floor":["M","?","M","?","M","R","M","M","T","$","E","?","R","?","R","B",null,"M","?","?","$","?","E","R","M","T","M","R","?","M","M","R","B"],"character_chosen":"THE_SILENT","items_purchased":["Ancient Potion","Bag of Preparation","Deadly Poison"],"campfire_rested":0,"item_purchase_floors":[10,21,21],"current_hp_per_floor":[59,59,59,59,59,59,46,44,44,44,33,33,33,33,33,14,49,49,49,49,49,49,39,39,38,38,24,24,24,24,35,45,0],"gold":174,"neow_bonus":"THREE_ENEMY_KILL","is_prod":false,"is_daily":false,"chose_seed":false,"campfire_upgraded":1,"win_rate":0,"timestamp":1565739144,"path_taken":["M","?","M","?","M","R","M","M","T","$","E","?","R","?","R","BOSS","M","?","?","$","?","E","R","M","T","M","R","?","M","M","R","BOSS"],"build_version":"2019-07-18","purchased_purges":0,"victory":false,"max_hp_per_floor":[66,66,66,66,66,66,66,66,66,66,66,66,66,60,60,60,60,60,60,60,60,60,60,60,60,60,60,60,60,60,60,70,70],"card_choices":[{"not_picked":["Poisoned Stab","Sucker Punch"],"picked":"All Out Attack","floor":1.0},{"not_picked":["Slice","Outmaneuver"],"picked":"Quick Slash","floor":3.0},{"not_picked":["Quick Slash","Backflip"],"picked":"PiercingWail","floor":5.0},{"not_picked":["Quick Slash","Underhanded Strike"],"picked":"Crippling Poison","floor":7.0},{"not_picked":["Skewer","Acrobatics"],"picked":"Noxious Fumes","floor":8.0},{"not_picked":["Bane","Distraction"],"picked":"Catalyst","floor":11.0},{"not_picked":["Grand Finale","Venomology"],"picked":"Corpse Explosion","floor":16.0},{"not_picked":["Distraction+1","Reflex+1"],"picked":"Backflip+1","floor":18.0},{"not_picked":["Bane","Flechettes","Dagger Spray"],"picked":"SKIP","floor":18.0},{"not_picked":["Masterful Stab","Accuracy"],"picked":"Backstab","floor":23.0},{"not_picked":["Outmaneuver","Dodge and Roll"],"picked":"PiercingWail","floor":25.0},{"not_picked":["Quick Slash","Sucker Punch"],"picked":"Noxious Fumes","floor":25.0},{"not_picked":["Tools of the Trade","Bane"],"picked":"PiercingWail+1","floor":27.0},{"not_picked":["Quick Slash","Prepared","Underhanded Strike"],"picked":"SKIP","floor":27.0},{"not_picked":["Backflip","Underhanded Strike"],"picked":"Backstab","floor":30.0},{"not_picked":["Flying Knee","Prepared","PiercingWail"],"picked":"SKIP","floor":30.0},{"not_picked":["Prepared","Dagger Spray","Bane"],"picked":"SKIP","floor":31.0},{"not_picked":["Blur","Venomology","PiercingWail+1"],"picked":"SKIP","floor":31.0}],"player_experience":1009494,"relics_obtained":[{"floor":9.0,"key":"Shovel"},{"floor":11.0,"key":"Calipers"},{"floor":13.0,"key":"Prayer Wheel"},{"floor":15.0,"key":"Shuriken"},{"floor":23.0,"key":"Mercury Hourglass"},{"floor":24.0,"key":"The Specimen"},{"floor":26.0,"key":"The Courier"},{"floor":28.0,"key":"Blue Candle"},{"floor":32.0,"key":"Pear"}],"event_choices":[{"cards_removed":["Strike_G"],"damage_healed":0.0,"max_hp_gain":0.0,"max_hp_loss":0.0,"gold_gain":0.0,"event_name":"The Cleric","player_choice":"Card Removal","floor":2.0,"gold_loss":75.0,"damage_taken":0.0},{"damage_healed":0.0,"max_hp_gain":0.0,"max_hp_loss":0.0,"gold_gain":0.0,"event_name":"Liars Game","player_choice":"Ignored","floor":4.0,"gold_loss":0.0,"damage_taken":0.0},{"damage_healed":0.0,"max_hp_gain":0.0,"max_hp_loss":0.0,"gold_gain":61.0,"event_name":"Golden Wing","player_choice":"Gained Gold","floor":12.0,"gold_loss":0.0,"damage_taken":0.0},{"damage_healed":0.0,"max_hp_gain":0.0,"max_hp_loss":6.0,"gold_gain":0.0,"event_name":"Golden Idol","player_choice":"Lose Max HP","floor":14.0,"gold_loss":0.0,"damage_taken":0.0,"relics_obtained":["Golden Idol"]},{"damage_healed":0.0,"max_hp_gain":0.0,"max_hp_loss":0.0,"gold_gain":0.0,"event_name":"The Mausoleum","player_choice":"Opened","floor":19.0,"gold_loss":0.0,"damage_taken":0.0,"relics_obtained":["Meat on the Bone"],"cards_obtained":["Writhe"]},{"damage_healed":0.0,"max_hp_gain":0.0,"max_hp_loss":0.0,"gold_gain":0.0,"event_name":"Cursed Tome","player_choice":"Ignored","floor":20.0,"gold_loss":0.0,"damage_taken":0.0},{"damage_healed":0.0,"max_hp_gain":0.0,"max_hp_loss":0.0,"gold_gain":50.0,"event_name":"Nest","player_choice":"Stole From Cult","floor":22.0,"gold_loss":0.0,"damage_taken":0.0},{"damage_healed":0.0,"max_hp_gain":0.0,"max_hp_loss":0.0,"gold_gain":0.0,"event_name":"N\u0027loth","player_choice":"Traded Relic","floor":29.0,"relics_lost":["Blue Candle"],"gold_loss":0.0,"damage_taken":0.0,"relics_obtained":["Nloth\u0027s Gift"]}],"is_beta":true,"boss_relics":[{"not_picked":["Runic Dome","White Beast Statue"],"picked":"Velvet Choker"}],"items_purged_floors":[],"is_endless":false,"potions_floor_spawned":[7,23,30],"killed_by":"Automaton","ascension_level":20}