{"gold_per_floor":[114,114,20,37,48,75,75,100,180,180,197,197,217,217,217,293,293,311,35,54,67,67,67,67,96,96,111,111,129,129,160,160,232,232,250,296,312,36,46,72,72,98,98,124,124,124,124,155,155,155,155],"floor_reached":51,"playtime":1489,"items_purged":["Strike_R"],"score":1672,"play_id":"c46267e6-4544-457a-9bd1-631aaf1ab5af","local_time":"20190731143849","is_ascension_mode":true,"campfire_choices":[{"data":"Inflame","floor":7.0,"key":"SMITH"},{"data":"Heavy Blade","floor":10.0,"key":"SMITH"},{"floor":12.0,"key":"REST"},{"data":"Uppercut","floor":15.0,"key":"SMITH"},{"floor":23.0,"key":"REST"},{"data":"Heavy Blade","floor":30.0,"key":"SMITH"},{"floor":32.0,"key":"REST"},{"floor":41.0,"key":"REST"},{"floor":47,"key":"RECALL"},{"floor":49,"key":"REST"}],"neow_cost":"NONE","seed_source_timestamp":7676093725833,"circlet_count":0,"master_deck":["AscendersBane","Strike_R","Strike_R","Strike_R","Defend_R","Defend_R","Defend_R","Defend_R","Bash","Pommel Strike","Uppercut+1","Shrug It Off","Inflame+1","Heavy Blade+1","Battle Trance","Anger","Cleave","Shrug It Off","Thunderclap","Spot Weakness","Heavy Blade+1","Metallicize","Pummel+1","Sword Boomerang","Sword Boomerang+1","Flame Barrier","Offering","Impervious"],"special_seed":0,"relics":["Burning Blood","StoneCalendar","Art of War","Paper Frog","Cursed Key","Bag of Marbles","MutagenicStrength","Mercury Hourglass","Bottled Flame","Fusion Hammer","Charon\u0027s Ashes","ClockworkSouvenir","Molten Egg 2","Smiling Mask","Sundial","Centennial Puzzle"],"potions_floor_usage":[50,50],"damage_taken":[{"damage":6.0,"enemies":"Cultist","floor":1.0,"turns":4.0},{"damage":4.0,"enemies":"Jaw Worm","floor":4.0,"turns":3.0},{"damage":6.0,"enemies":"2 Louse","floor":5.0,"turns":3.0},{"damage":34.0,"enemies":"3 Sentries","floor":6.0,"turns":9.0},{"damage":22.0,"enemies":"Lagavulin","floor":8.0,"turns":6.0},{"damage":14.0,"enemies":"Exordium Wildlife","floor":11.0,"turns":4.0},{"damage":0.0,"enemies":"Blue Slaver","floor":13.0,"turns":3.0},{"damage":28.0,"enemies":"Slime Boss","floor":16.0,"turns":7.0},{"damage":17.0,"enemies":"Spheric Guardian","floor":18.0,"turns":4.0},{"damage":10.0,"enemies":"Shell Parasite","floor":20.0,"turns":3.0},{"damage":13.0,"enemies":"Snecko","floor":21.0,"turns":4.0},{"damage":20.0,"enemies":"Slavers","floor":25.0,"turns":3.0},{"damage":0.0,"enemies":"Centurion and Healer","floor":27.0,"turns":2.0},{"damage":27.0,"enemies":"Snake Plant","floor":29.0,"turns":3.0},{"damage":11.0,"enemies":"Gremlin Leader","floor":31.0,"turns":4.0},{"damage":24.0,"enemies":"Automaton","floor":33.0,"turns":5.0},{"damage":29.0,"enemies":"3 Shapes","floor":35.0,"turns":3.0},{"damage":26.0,"enemies":"2 Orb Walkers","floor":36.0,"turns":3.0},{"damage":0.0,"enemies":"3 Darklings","floor":37.0,"turns":2.0},{"damage":0.0,"enemies":"Sphere and 2 Shapes","floor":39.0,"turns":3.0},{"damage":0.0,"enemies":"Reptomancer","floor":40.0,"turns":2.0},{"damage":47.0,"enemies":"Nemesis","floor":42.0,"turns":5.0},{"damage":28,"enemies":"Giant Head","floor":44,"turns":5},{"damage":6,"enemies":"Reptomancer","floor":48,"turns":2},{"damage":49,"enemies":"Awakened One","floor":50,"turns":8},{"damage":33,"enemies":"Donu and Deca","floor":51,"turns":3}],"seed_played":"74749693284325005","potions_obtained":[{"floor":1.0,"key":"LiquidBronze"},{"floor":2.0,"key":"Fruit Juice"},{"floor":2.0,"key":"SmokeBomb"},{"floor":6.0,"key":"PowerPotion"},{"floor":16.0,"key":"Ancient Potion"},{"floor":27.0,"key":"SteroidPotion"},{"floor":39.0,"key":"EntropicBrew"},{"floor":44,"key":"SneckoOil"},{"floor":48,"key":"Swift Potion"}],"is_trial":false,"path_per_floor":["M","?","$","M","M","E","R","E","T","R","M","R","M","?","R","B",null,"M","$","M","M","?","R","?","E","T","M","?","M","R","E","R","B",null,"M","?","M","$","M","E","R","E","T","E","?","?","R","E","R","B","B"],"character_chosen":"IRONCLAD","items_purchased":["Shrug It Off","Inflame","Spot Weakness","Bag of Marbles","ClockworkSouvenir","SteroidPotion"],"campfire_rested":5,"item_purchase_floors":[3,3,19,19,38,38],"current_hp_per_floor":[68,73,73,75,75,47,47,31,31,31,23,47,53,58,58,36,73,62,62,58,51,26,53,53,39,39,45,45,24,24,19,46,28,75,52,32,38,38,44,50,77,36,36,14,74,70,70,70,70,27,0],"gold":155,"neow_bonus":"THREE_CARDS","is_prod":false,"is_daily":false,"chose_seed":false,"campfire_upgraded":4,"win_rate":0,"timestamp":1564598329,"path_taken":["M","?","?","M","M","E","R","E","T","R","M","R","M","?","R","BOSS","M","$","M","M","?","R","?","E","T","M","?","M","R","E","R","BOSS","M","?","M","$","M","E","R","E","T","E","?","?","R","E","R","BOSS","BOSS"],"build_version":"2019-07-18","purchased_purges":1,"victory":false,"max_hp_per_floor":[75,80,80,80,80,80,80,80,80,80,80,80,80,85,85,85,85,85,85,85,85,90,90,90,90,90,90,90,90,90,90,90,90,90,90,90,90,90,90,90,90,90,90,90,74,70,70,70,70,70,70],"card_choices":[{"not_picked":["Flex","Iron Wave"],"picked":"Pommel Strike","floor":0.0},{"not_picked":["True Grit","Clash"],"picked":"Uppercut","floor":1.0},{"not_picked":["Iron Wave","True Grit"],"picked":"Heavy Blade","floor":4.0},{"not_picked":["Clothesline","Disarm"],"picked":"Battle Trance","floor":5.0},{"not_picked":["Barricade","Pommel Strike"],"picked":"Anger","floor":6.0},{"not_picked":["Clash","Rampage","Pommel Strike"],"picked":"SKIP","floor":8.0},{"not_picked":["Anger","Pommel Strike"],"picked":"Cleave","floor":11.0},{"not_picked":["Warcry","Rupture"],"picked":"Shrug It Off","floor":13.0},{"not_picked":["Anger","Carnage+1"],"picked":"Thunderclap","floor":18.0},{"not_picked":["Perfected Strike","Combust"],"picked":"Heavy Blade","floor":20.0},{"not_picked":["Fire Breathing","Twin Strike"],"picked":"Metallicize","floor":21.0},{"not_picked":["Havoc","Bloodletting","Rage"],"picked":"SKIP","floor":25.0},{"not_picked":["Perfected Strike","Twin Strike","Sever Soul+1"],"picked":"SKIP","floor":27.0},{"not_picked":["Pommel Strike","Hemokinesis"],"picked":"Pummel+1","floor":29.0},{"not_picked":["Havoc","Cleave","Thunderclap"],"picked":"SKIP","floor":31.0},{"not_picked":["True Grit","Wild Strike+1","Perfected Strike"],"picked":"SKIP","floor":35.0},{"not_picked":["Rage","Burning Pact"],"picked":"Sword Boomerang","floor":36.0},{"not_picked":["Power Through","Pommel Strike","Dual Wield"],"picked":"SKIP","floor":37.0},{"not_picked":["Burning Pact","Inflame"],"picked":"Sword Boomerang+1","floor":39.0},{"not_picked":["Searing Blow","Double Tap"],"picked":"Flame Barrier","floor":40.0},{"not_picked":["Clash+1","Armaments+1"],"picked":"Offering","floor":42.0},{"not_picked":["Inflame","Havoc"],"picked":"Impervious","floor":44},{"not_picked":["Wild Strike+1","Anger+1","Warcry"],"picked":"SKIP","floor":48}],"player_experience":1005606,"relics_obtained":[{"floor":6.0,"key":"StoneCalendar"},{"floor":8.0,"key":"Art of War"},{"floor":9.0,"key":"Paper Frog"},{"floor":25.0,"key":"Mercury Hourglass"},{"floor":31.0,"key":"Bottled Flame"},{"floor":36.0,"key":"Charon\u0027s Ashes"},{"floor":40.0,"key":"Molten Egg 2"},{"floor":42.0,"key":"Smiling Mask"},{"floor":44,"key":"Sundial"},{"floor":48,"key":"Centennial Puzzle"}],"event_choices":[{"damage_healed":0.0,"max_hp_gain":0.0,"max_hp_loss":0.0,"gold_gain":0.0,"event_name":"Lab","player_choice":"Got Potions","floor":2.0,"gold_loss":0.0,"damage_taken":0.0},{"damage_healed":0.0,"max_hp_gain":5.0,"max_hp_loss":0.0,"gold_gain":0.0,"event_name":"Big Fish","player_choice":"Donut","floor":14.0,"gold_loss":0.0,"damage_taken":0.0},{"damage_healed":0.0,"max_hp_gain":5.0,"max_hp_loss":0.0,"gold_gain":0.0,"event_name":"Forgotten Altar","player_choice":"Shed Blood","floor":22.0,"gold_loss":0.0,"damage_taken":30.0},{"damage_healed":0.0,"max_hp_gain":0.0,"max_hp_loss":0.0,"gold_gain":0.0,"event_name":"Drug Dealer","player_choice":"Inject Mutagens","floor":24.0,"gold_loss":0.0,"damage_taken":0.0,"relics_obtained":["MutagenicStrength"]},{"cards_removed":["Strike_R"],"damage_healed":0.0,"max_hp_gain":0.0,"max_hp_loss":0.0,"gold_gain":0.0,"event_name":"Purifier","player_choice":"Purged","floor":28.0,"gold_loss":0.0,"damage_taken":0.0},{"damage_healed":0.0,"max_hp_gain":0.0,"max_hp_loss":0.0,"gold_gain":0.0,"event_name":"Mysterious Sphere","player_choice":"Fight","floor":36.0,"gold_loss":0.0,"damage_taken":0.0},{"damage_healed":74,"gold_gain":0,"player_choice":"Heal","damage_taken":0,"max_hp_gain":0,"max_hp_loss":16,"event_name":"The Moai Head","floor":45,"gold_loss":0},{"damage_healed":0,"gold_gain":0,"player_choice":"Max HP","damage_taken":0,"max_hp_gain":0,"max_hp_loss":4,"event_name":"Winding Halls","floor":46,"gold_loss":0}],"is_beta":true,"boss_relics":[{"not_picked":["Runic Pyramid","Snecko Eye"],"picked":"Cursed Key"},{"not_picked":["Black Star","Tiny House"],"picked":"Fusion Hammer"}],"items_purged_floors":[19],"is_endless":false,"potions_floor_spawned":[1,4,6,16,20,25,27,31,39,40,44,48],"killed_by":"Donu and Deca","ascension_level":20}