{"gold_per_floor":[112,127,147,163,183,183,183,183,183,183,358,358,375,115,115,215,215,230],"floor_reached":18,"playtime":923,"items_purged":["Defend_B"],"score":156,"play_id":"5c233c78-40ed-4ec6-a51b-39042f72d608","local_time":"20190818111020","is_ascension_mode":false,"campfire_choices":[{"data":"Blind","floor":6,"key":"SMITH"},{"data":"Dualcast","floor":8,"key":"SMITH"},{"floor":15,"key":"REST"}],"neow_cost":"NONE","seed_source_timestamp":218699344606896,"circlet_count":0,"master_deck":["Strike_B","Strike_B","Strike_B","Defend_B","Defend_B","Defend_B","Zap","Dualcast+1","Blind+1","Turbo","Chill+1","Turbo","Heatsinks+1","Melter","Auto Shields","Doubt","BootSequence","Buffer","Loop","Blizzard","Glacier","Machine Learning","Conserve Battery"],"relics":["Cracked Core","Bottled Tornado","Philosopher\u0027s Stone"],"potions_floor_usage":[16,16,16],"damage_taken":[{"damage":0,"enemies":"2 Louse","floor":1,"turns":2},{"damage":0,"enemies":"Small Slimes","floor":2,"turns":3},{"damage":0,"enemies":"Jaw Worm","floor":3,"turns":6},{"damage":3,"enemies":"Red Slaver","floor":4,"turns":5},{"damage":9,"enemies":"2 Fungi Beasts","floor":5,"turns":4},{"damage":13,"enemies":"Exordium Thugs","floor":12,"turns":7},{"damage":0,"enemies":"Exordium Wildlife","floor":13,"turns":3},{"damage":14,"enemies":"Slime Boss","floor":16,"turns":9},{"damage":19,"enemies":"Shell Parasite","floor":18,"turns":8}],"seed_played":"5425646193856539547","potions_obtained":[{"floor":1,"key":"SneckoOil"},{"floor":3,"key":"PowerPotion"},{"floor":5,"key":"Energy Potion"},{"floor":16,"key":"Strength Potion"}],"is_trial":false,"path_per_floor":["M","M","M","M","M","R","?","R","T","?","?","M","M","$","R","B",null,"M"],"character_chosen":"DEFECT","items_purchased":["Loop","Blizzard","Glacier"],"campfire_rested":1,"item_purchase_floors":[14,14,14],"current_hp_per_floor":[75,75,75,72,63,63,48,48,48,48,48,35,35,35,57,43,75,56],"gold":230,"neow_bonus":"RANDOM_COLORLESS","is_prod":false,"is_daily":false,"chose_seed":false,"campfire_upgraded":2,"win_rate":0,"timestamp":1566115820,"path_taken":["M","M","M","M","M","R","?","R","T","?","?","M","?","?","R","BOSS","M"],"build_version":"2019-07-17","purchased_purges":1,"victory":false,"max_hp_per_floor":[75,75,75,75,75,75,75,75,75,75,75,75,75,75,75,75,75,75],"card_choices":[{"not_picked":["Stack","Coolheaded"],"picked":"Turbo","floor":1},{"not_picked":["Streamline","Coolheaded"],"picked":"Chill","floor":2},{"not_picked":["Hologram","Beam Cell"],"picked":"Turbo","floor":3},{"not_picked":["Streamline","Barrage"],"picked":"Heatsinks","floor":4},{"not_picked":["Stack","Go for the Eyes"],"picked":"Melter","floor":5},{"not_picked":["Conserve Battery","Coolheaded"],"picked":"BootSequence","floor":12},{"not_picked":["Streamline","Hologram"],"picked":"Buffer","floor":13},{"not_picked":["Biased Cognition","Thunder Strike"],"picked":"Machine Learning","floor":16},{"not_picked":["Go for the Eyes","Compile Driver"],"picked":"Conserve Battery","floor":18}],"player_experience":65841,"relics_obtained":[{"floor":9,"key":"Bottled Tornado"}],"event_choices":[{"damage_healed":0,"gold_gain":0,"player_choice":"Entered Light","damage_taken":15,"max_hp_gain":0,"max_hp_loss":0,"event_name":"Shining Light","floor":7,"gold_loss":0,"cards_upgraded":["Heatsinks","Chill"]},{"damage_healed":0,"gold_gain":0,"cards_transformed":["Strike_B"],"player_choice":"Change","damage_taken":0,"max_hp_gain":0,"max_hp_loss":0,"event_name":"Living Wall","floor":10,"gold_loss":0,"cards_obtained":["Auto Shields"]},{"damage_healed":0,"gold_gain":175,"player_choice":"AGREE","damage_taken":0,"max_hp_gain":0,"max_hp_loss":0,"event_name":"Liars Game","floor":11,"gold_loss":0,"cards_obtained":["Doubt"]}],"is_beta":false,"boss_relics":[{"not_picked":["Runic Dome","Orrery"],"picked":"Philosopher\u0027s Stone"}],"items_purged_floors":[14],"is_endless":false,"potions_floor_spawned":[1,3,5,16],"killed_by":"Shell Parasite","ascension_level":0}