{"gold_per_floor":[109,109,123,26,39,39,65,65,65,65,82,98,112,132,132,230,230,248,248,266,57,57,57,89,89,157,171,221,221,59,79,79,174,224,237,48,66,166,166,184,217,217,243,256,256,272,272,292,292,292],"floor_reached":50,"playtime":4774,"items_purged":["Defend_R","Strike_R","Strike_R","Defend_R"],"score":544,"play_id":"1e66ec9a-bb6e-415f-95ff-ea04597b1abf","local_time":"20190826014144","is_ascension_mode":false,"campfire_choices":[{"data":"Armaments","floor":6,"key":"SMITH"},{"data":"Rage","floor":8,"key":"SMITH"},{"data":"Metallicize","floor":10,"key":"SMITH"},{"data":"Flame Barrier","floor":15,"key":"SMITH"},{"data":"Offering","floor":23,"key":"SMITH"},{"data":"Armaments","floor":25,"key":"SMITH"},{"floor":29,"key":"REST"},{"floor":32,"key":"REST"},{"floor":42,"key":"REST"},{"floor":45,"key":"REST"},{"floor":49,"key":"REST"}],"neow_cost":"NONE","seed_source_timestamp":1041355591794715,"circlet_count":0,"master_deck":["Strike_R","Strike_R","Strike_R","Defend_R+1","Defend_R+1","Bash+1","Shrug It Off+1","Metallicize+1","Armaments+1","Sever Soul","Rage+1","Flame Barrier+1","Seeing Red+1","Rampage+1","Armaments+1","Offering+1","Thunderclap+1","Pommel Strike+1","Pommel Strike+1","Swift Strike+1","Carnage+1","Body Slam+1","Inflame","Fire Breathing","Barricade","Headbutt+1","Shrug It Off+1","Rage","Warcry+1","Metallicize","Burning Pact+1","Pommel Strike+1","Juggernaut","Brutality","Headbutt+1"],"relics":["Burning Blood","Molten Egg 2","Sozu","Nloth\u0027s Gift","Kunai","War Paint","Matryoshka","Tiny House","Bird Faced Urn","Boot","Pen Nib"],"potions_floor_usage":[],"damage_taken":[{"damage":1,"enemies":"Jaw Worm","floor":1,"turns":3},{"damage":1,"enemies":"Cultist","floor":3,"turns":3},{"damage":0,"enemies":"Small Slimes","floor":5,"turns":4},{"damage":26,"enemies":"Gremlin Nob","floor":7,"turns":5},{"damage":6,"enemies":"Exordium Thugs","floor":11,"turns":5},{"damage":9,"enemies":"Lots of Slimes","floor":12,"turns":5},{"damage":0,"enemies":"Large Slime","floor":13,"turns":4},{"damage":6,"enemies":"2 Fungi Beasts","floor":14,"turns":4},{"damage":21,"enemies":"Hexaghost","floor":16,"turns":12},{"damage":6,"enemies":"3 Byrds","floor":18,"turns":4},{"damage":11,"enemies":"Spheric Guardian","floor":20,"turns":4},{"damage":25,"enemies":"Slavers","floor":24,"turns":6},{"damage":15,"enemies":"Shelled Parasite and Fungi","floor":27,"turns":5},{"damage":14,"enemies":"Centurion and Healer","floor":31,"turns":3},{"damage":34,"enemies":"Automaton","floor":33,"turns":10},{"damage":9,"enemies":"3 Shapes","floor":35,"turns":6},{"damage":7,"enemies":"3 Darklings","floor":37,"turns":6},{"damage":6,"enemies":"Mind Bloom Boss Battle","floor":38,"turns":6},{"damage":6,"enemies":"Sphere and 2 Shapes","floor":40,"turns":5},{"damage":60,"enemies":"Giant Head","floor":41,"turns":10},{"damage":22,"enemies":"Spire Growth","floor":44,"turns":5},{"damage":21,"enemies":"Transient","floor":46,"turns":5},{"damage":22,"enemies":"Jaw Worm Horde","floor":48,"turns":3},{"damage":100,"enemies":"Awakened One","floor":50,"turns":7}],"seed_played":"7993845430327715687","potions_obtained":[{"floor":1,"key":"Explosive Potion"},{"floor":5,"key":"EssenceOfSteel"},{"floor":11,"key":"Ancient Potion"}],"is_trial":false,"path_per_floor":["M","?","M","$","M","R","E","R","T","R","M","M","M","M","R","B",null,"M","?","M","$","T","R","E","R","T","M","?","R","$","M","R","B",null,"M","$","M","?","$","M","E","R","T","M","R","M","?","M","R","B"],"character_chosen":"IRONCLAD","items_purchased":["Armaments","Pommel Strike+1","Swift Strike+1","Inflame","Rage"],"campfire_rested":5,"item_purchase_floors":[4,21,21,30,36],"current_hp_per_floor":[80,80,80,80,80,80,60,60,60,60,60,57,63,63,63,48,80,80,80,75,75,75,75,56,56,56,47,47,71,71,63,80,52,85,82,82,81,81,81,85,37,62,62,56,81,74,74,66,85,0],"gold":292,"neow_bonus":"UPGRADE_CARD","is_prod":false,"is_daily":false,"chose_seed":false,"campfire_upgraded":6,"win_rate":0.0,"timestamp":1566776504,"path_taken":["M","?","M","$","M","R","E","R","T","R","?","M","M","?","R","BOSS","M","?","?","$","?","R","E","R","T","M","?","R","$","?","R","BOSS","M","$","?","?","$","M","E","R","T","M","R","M","?","?","R","BOSS"],"build_version":"2019-07-17","purchased_purges":4,"victory":false,"max_hp_per_floor":[80,80,80,80,80,80,80,80,80,80,80,80,80,80,80,80,80,80,80,80,80,80,80,80,80,80,80,80,80,80,80,80,80,85,85,85,85,85,85,85,85,85,85,85,85,85,85,85,85,85],"card_choices":[{"not_picked":["Reckless Charge","Cleave"],"picked":"Shrug It Off","floor":1},{"not_picked":["Thunderclap","Body Slam"],"picked":"Metallicize","floor":3},{"not_picked":["Reckless Charge","True Grit"],"picked":"Sever Soul","floor":5},{"not_picked":["Rupture","Brutality"],"picked":"Rage","floor":7},{"not_picked":["Infernal Blade","Dual Wield"],"picked":"Flame Barrier","floor":11},{"not_picked":["Clothesline+1","Twin Strike+1"],"picked":"Seeing Red","floor":12},{"not_picked":["Twin Strike+1","Rupture"],"picked":"Rampage+1","floor":13},{"not_picked":["Sword Boomerang+1","Clothesline+1"],"picked":"Armaments","floor":14},{"not_picked":["Impervious","Bludgeon+1"],"picked":"Offering","floor":16},{"not_picked":["Sword Boomerang+1","Dual Wield"],"picked":"Thunderclap+1","floor":18},{"not_picked":["Rampage+1","Feel No Pain+1"],"picked":"Pommel Strike+1","floor":20},{"not_picked":["Ghostly Armor","Offering"],"picked":"Carnage+1","floor":24},{"not_picked":["Sword Boomerang+1","Cleave+1"],"picked":"Body Slam+1","floor":27},{"not_picked":["Bloodletting","Clothesline+1"],"picked":"Fire Breathing","floor":31},{"not_picked":["Offering","Fiend Fire+1"],"picked":"Barricade","floor":33},{"not_picked":["Metallicize","Anger+1"],"picked":"Headbutt+1","floor":34},{"not_picked":["Clothesline+1","Rampage+1"],"picked":"Shrug It Off+1","floor":35},{"not_picked":["Twin Strike+1","Pummel+1"],"picked":"Warcry+1","floor":37},{"not_picked":["Power Through","Feel No Pain"],"picked":"Metallicize","floor":38},{"not_picked":["Perfected Strike+1","Feel No Pain"],"picked":"Burning Pact+1","floor":40},{"not_picked":["Rampage+1","Bloodletting+1"],"picked":"Pommel Strike+1","floor":41},{"not_picked":["Entrench+1","Flex+1"],"picked":"Juggernaut","floor":44},{"not_picked":["Clash+1","Uppercut+1"],"picked":"Brutality","floor":46},{"not_picked":["Cleave+1","Thunderclap+1"],"picked":"Headbutt+1","floor":48}],"player_experience":4241,"relics_obtained":[{"floor":7,"key":"Molten Egg 2"},{"floor":9,"key":"Sundial"},{"floor":22,"key":"Kunai"},{"floor":24,"key":"War Paint"},{"floor":26,"key":"Matryoshka"},{"floor":38,"key":"Bird Faced Urn"},{"floor":41,"key":"Boot"},{"floor":43,"key":"Pen Nib"}],"event_choices":[{"damage_healed":0,"gold_gain":0,"player_choice":"Upgraded","damage_taken":0,"max_hp_gain":0,"max_hp_loss":0,"event_name":"Upgrade Shrine","floor":2,"gold_loss":0,"cards_upgraded":["Shrug It Off"]},{"damage_healed":0,"gold_gain":0,"player_choice":"Traded Relic","damage_taken":0,"relics_obtained":["Nloth\u0027s Gift"],"max_hp_gain":0,"max_hp_loss":0,"event_name":"N\u0027loth","floor":19,"relics_lost":["Sundial"],"gold_loss":0},{"damage_healed":0,"gold_gain":100,"player_choice":"Bet on Murderer","damage_taken":0,"max_hp_gain":0,"max_hp_loss":0,"event_name":"The Joust","floor":28,"gold_loss":50},{"damage_healed":0,"gold_gain":0,"player_choice":"Fight","damage_taken":0,"max_hp_gain":0,"max_hp_loss":0,"event_name":"MindBloom","floor":38,"gold_loss":0},{"damage_healed":0,"gold_gain":0,"player_choice":"Bought 0 Potions","damage_taken":0,"max_hp_gain":0,"max_hp_loss":0,"event_name":"The Woman in Blue","floor":47,"gold_loss":0}],"is_beta":false,"boss_relics":[{"not_picked":["Runic Dome","Runic Pyramid"],"picked":"Sozu"},{"not_picked":["Calling Bell","Snecko Eye"],"picked":"Tiny House"}],"items_purged_floors":[4,21,30,36],"is_endless":false,"potions_floor_spawned":[1,5,11,16,18,20,24,33,37,38,46,48],"killed_by":"Awakened One","ascension_level":0}