{"gold_per_floor":[118,118,118,133,59,90,40,40,40,40,56,68,68,97,97,197,197,214,129,156,180,209,221,261,273,312,324,336,364,475,515,527,643,655,677,308,327,27,45,45,45,45,126,137,165,175,188,188,188,188],"floor_reached":50,"playtime":2615,"items_purged":["Strike_B"],"score":572,"play_id":"a0456208-10b6-4f58-908f-0c01d8848fd2","local_time":"20190904091356","is_ascension_mode":true,"campfire_choices":[{"data":"Zap","floor":10,"key":"SMITH"},{"data":"Dualcast","floor":13,"key":"SMITH"},{"data":"Sunder","floor":15,"key":"SMITH"},{"data":"Echo Form","floor":23,"key":"SMITH"},{"data":"Melter","floor":25,"key":"SMITH"},{"data":"Streamline","floor":27,"key":"SMITH"},{"floor":32,"key":"REST"},{"data":"BootSequence","floor":40,"key":"SMITH"},{"data":"Core Surge","floor":42,"key":"SMITH"},{"floor":49,"key":"RECALL"}],"neow_cost":"NONE","seed_source_timestamp":1064589734660626,"circlet_count":0,"master_deck":["Defend_B+1","Defend_B+1","Defend_B","Defend_B","Zap+1","Dualcast+1","Ball Lightning","Ball Lightning","Streamline+1","Core Surge+1","Coolheaded","Sunder+1","Cold Snap","Leap","Echo Form+1","Conserve Battery+1","Melter+1","Necronomicurse","Reinforced Body","Capacitor+1","BootSequence+1","Consume+1","Double Energy","Loop+1","Auto Shields"],"relics":["Cracked Core","NeowsBlessing","Art of War","Happy Flower","Singing Bowl","Runic Pyramid","MawBank","Potion Belt","Blood Vial","Necronomicon","Omamori","Cursed Key","Bronze Scales","Bottled Tornado","DataDisk","Bag of Marbles"],"potions_floor_usage":[20,24,31,33,33,44,44,46],"damage_taken":[{"damage":0,"enemies":"2 Louse","floor":1,"turns":1},{"damage":0,"enemies":"Jaw Worm","floor":4,"turns":1},{"damage":0,"enemies":"Lagavulin","floor":6,"turns":1},{"damage":0,"enemies":"Small Slimes","floor":11,"turns":2},{"damage":5,"enemies":"Looter","floor":12,"turns":2},{"damage":4,"enemies":"Gremlin Nob","floor":14,"turns":3},{"damage":25,"enemies":"Hexaghost","floor":16,"turns":10},{"damage":0,"enemies":"Spheric Guardian","floor":18,"turns":3},{"damage":7,"enemies":"Shell Parasite","floor":20,"turns":4},{"damage":0,"enemies":"3 Cultists","floor":21,"turns":4},{"damage":0,"enemies":"Centurion and Healer","floor":22,"turns":6},{"damage":16,"enemies":"Gremlin Leader","floor":24,"turns":6},{"damage":8,"enemies":"Chosen and Byrds","floor":29,"turns":4},{"damage":30,"enemies":"Book of Stabbing","floor":31,"turns":5},{"damage":19,"enemies":"Collector","floor":33,"turns":10},{"damage":1,"enemies":"Orb Walker","floor":35,"turns":3},{"damage":0,"enemies":"3 Shapes","floor":37,"turns":3},{"damage":15,"enemies":"Jaw Worm Horde","floor":39,"turns":4},{"damage":3,"enemies":"4 Shapes","floor":44,"turns":5},{"damage":5,"enemies":"Nemesis","floor":45,"turns":5},{"damage":22,"enemies":"Writhing Mass","floor":46,"turns":4},{"damage":13,"enemies":"Jaw Worm Horde","floor":47,"turns":3},{"damage":86,"enemies":"Awakened One","floor":50,"turns":6}],"seed_played":"2797928509329902098","potions_obtained":[{"floor":11,"key":"Energy Potion"},{"floor":12,"key":"SpeedPotion"},{"floor":14,"key":"Poison Potion"},{"floor":22,"key":"Regen Potion"},{"floor":24,"key":"LiquidBronze"},{"floor":33,"key":"SkillPotion"},{"floor":37,"key":"Energy Potion"},{"floor":39,"key":"EssenceOfSteel"}],"is_trial":false,"path_per_floor":["M","?","?","M","$","E","?","$","T","R","M","M","R","E","R","B",null,"M","?","M","M","M","R","E","R","T","R","?","M","?","E","R","B",null,"M","$","M","$","M","R","?","R","T","M","E","M","M","?","R","B"],"character_chosen":"DEFECT","items_purchased":["Core Surge","Bronze Scales","Bottled Tornado","DataDisk","BootSequence"],"campfire_rested":1,"item_purchase_floors":[5,36,36,38,38],"current_hp_per_floor":[75,60,60,60,60,60,60,60,60,60,60,55,55,51,51,26,75,75,75,70,72,74,74,58,58,58,58,42,38,38,10,34,34,85,84,84,87,87,74,74,74,74,74,73,70,50,39,78,78,0],"gold":188,"neow_bonus":"THREE_ENEMY_KILL","is_prod":false,"is_daily":false,"chose_seed":false,"campfire_upgraded":8,"win_rate":0,"timestamp":1567577636,"path_taken":["M","?","?","M","?","E","?","?","T","R","?","M","R","E","R","BOSS","M","?","M","M","M","R","E","R","T","R","?","?","?","E","R","BOSS","M","$","M","$","M","R","?","R","T","?","E","M","M","?","R","BOSS"],"build_version":"2019-07-17","purchased_purges":1,"victory":false,"max_hp_per_floor":[75,75,75,75,75,75,75,75,75,75,75,75,75,75,75,75,75,75,75,77,79,81,81,81,81,81,81,81,83,83,83,83,85,85,85,85,87,87,89,89,89,89,89,89,89,89,89,78,78,78],"card_choices":[{"not_picked":["Steam","Chaos"],"picked":"Ball Lightning","floor":1},{"not_picked":["Chaos","Barrage"],"picked":"Streamline","floor":4},{"not_picked":["Beam Cell","Hello World"],"picked":"Coolheaded","floor":6},{"not_picked":["Stack","Coolheaded"],"picked":"Sunder","floor":11},{"not_picked":["Tempest","Chill"],"picked":"Cold Snap","floor":12},{"not_picked":["Go for the Eyes","Steam"],"picked":"Leap","floor":14},{"not_picked":["Rainbow","Electrodynamics"],"picked":"Echo Form","floor":16},{"not_picked":["Chaos","Steam Power"],"picked":"Conserve Battery+1","floor":18},{"not_picked":["Fusion","Compile Driver","Undo"],"picked":"Singing Bowl","floor":20},{"not_picked":["Stack+1","Conserve Battery+1","Tempest"],"picked":"Singing Bowl","floor":21},{"not_picked":["Go for the Eyes","Hologram","Ball Lightning"],"picked":"Singing Bowl","floor":22},{"not_picked":["Beam Cell","Amplify"],"picked":"Melter","floor":24},{"not_picked":["Chaos","Compile Driver+1","Leap"],"picked":"Singing Bowl","floor":29},{"not_picked":["Cold Snap","Rebound"],"picked":"Reinforced Body","floor":31},{"not_picked":["Machine Learning","Multi-Cast","Echo Form"],"picked":"Singing Bowl","floor":33},{"not_picked":["Force Field","Turbo"],"picked":"Capacitor+1","floor":35},{"not_picked":["Redo+1","FTL","Streamline+1"],"picked":"Singing Bowl","floor":37},{"not_picked":["Lockon","Scrape","Force Field"],"picked":"Singing Bowl","floor":39},{"not_picked":["Hologram+1","Barrage+1"],"picked":"Consume+1","floor":44},{"not_picked":["Streamline","Ball Lightning"],"picked":"Double Energy","floor":45},{"not_picked":["Ball Lightning","Beam Cell"],"picked":"Loop+1","floor":46},{"not_picked":["Cold Snap","Redo"],"picked":"Auto Shields","floor":47}],"player_experience":257877,"relics_obtained":[{"floor":6,"key":"Art of War"},{"floor":9,"key":"Happy Flower"},{"floor":14,"key":"Singing Bowl"},{"floor":24,"key":"Potion Belt"},{"floor":26,"key":"Blood Vial"},{"floor":28,"key":"Necronomicon"},{"floor":31,"key":"Omamori"},{"floor":45,"key":"Bag of Marbles"}],"event_choices":[{"damage_healed":0,"gold_gain":0,"player_choice":"Entered Light","damage_taken":15,"max_hp_gain":0,"max_hp_loss":0,"event_name":"Shining Light","floor":2,"gold_loss":0,"cards_upgraded":["Defend_B","Defend_B"]},{"damage_healed":0,"gold_gain":0,"cards_transformed":["Strike_B"],"player_choice":"Change","damage_taken":0,"max_hp_gain":0,"max_hp_loss":0,"event_name":"Living Wall","floor":3,"gold_loss":0,"cards_obtained":["Ball Lightning"]},{"cards_removed":["Strike_B"],"damage_healed":0,"gold_gain":0,"player_choice":"Card Removal","damage_taken":0,"max_hp_gain":0,"max_hp_loss":0,"event_name":"The Cleric","floor":7,"gold_loss":50},{"damage_healed":0,"gold_gain":0,"player_choice":"Obtained Relic","damage_taken":0,"relics_obtained":["MawBank"],"max_hp_gain":0,"max_hp_loss":0,"event_name":"Addict","floor":19,"gold_loss":85},{"damage_healed":0,"gold_gain":0,"player_choice":"Obtained Book","damage_taken":16,"max_hp_gain":0,"max_hp_loss":0,"event_name":"Cursed Tome","floor":28,"gold_loss":0},{"damage_healed":0,"gold_gain":99,"player_choice":"Stole From Cult","damage_taken":0,"max_hp_gain":0,"max_hp_loss":0,"event_name":"Nest","floor":30,"gold_loss":0},{"cards_removed":["Strike_B"],"damage_healed":0,"gold_gain":0,"player_choice":"Purged","damage_taken":0,"max_hp_gain":0,"max_hp_loss":0,"event_name":"Purifier","floor":41,"gold_loss":0},{"damage_healed":78,"gold_gain":0,"player_choice":"Heal","damage_taken":0,"max_hp_gain":0,"max_hp_loss":11,"event_name":"The Moai Head","floor":48,"gold_loss":0}],"is_beta":false,"boss_relics":[{"not_picked":["White Beast Statue","Runic Dome"],"picked":"Runic Pyramid"},{"not_picked":["Coffee Dripper","Fusion Hammer"],"picked":"Cursed Key"}],"items_purged_floors":[38],"is_endless":false,"potions_floor_spawned":[11,12,14,22,24,33,37,39],"killed_by":"Awakened One","ascension_level":1}