{"gold_per_floor":[113,83,94,19,19,19,19,37,62,137,37,62,62,88,88,190,190,205,304,321,411,425,425,454,466,493,493,508,508,508],"floor_reached":30,"playtime":473,"items_purged":["Strike_R","Defend_R"],"score":236,"play_id":"2b09a2fb-282f-4ecc-a9d1-2240c92e1c79","local_time":"20190814202000","is_ascension_mode":false,"campfire_choices":[{"data":"Strike_R","floor":6.0,"key":"SMITH"},{"floor":15,"key":"REST"},{"floor":23,"key":"REST"},{"floor":27,"key":"REST"}],"neow_cost":"NONE","seed_source_timestamp":46090616123177,"circlet_count":0,"master_deck":["Strike_R+1","Strike_R","Strike_R","Strike_R+1","Defend_R+1","Defend_R+1","Bash+1"],"special_seed":0,"relics":["Burning Blood","NeowsBlessing","Pen Nib","FossilizedHelix","War Paint","Juzu Bracelet","Philosopher\u0027s Stone","Red Mask","Omamori","Enchiridion"],"potions_floor_usage":[12,16,16,20,24],"damage_taken":[{"damage":0.0,"enemies":"Small Slimes","floor":1.0,"turns":1.0},{"damage":0.0,"enemies":"Cultist","floor":3.0,"turns":1.0},{"damage":0,"enemies":"2 Louse","floor":8,"turns":1},{"damage":16,"enemies":"Gremlin Nob","floor":12,"turns":3},{"damage":18,"enemies":"Lagavulin","floor":14,"turns":4},{"damage":40,"enemies":"Hexaghost","floor":16,"turns":6},{"damage":22,"enemies":"Spheric Guardian","floor":18,"turns":4},{"damage":14,"enemies":"2 Thieves","floor":20,"turns":4},{"damage":22,"enemies":"3 Cultists","floor":22,"turns":5},{"damage":34,"enemies":"Masked Bandits","floor":24,"turns":4},{"damage":6,"enemies":"Centurion and Healer","floor":25,"turns":5},{"damage":16,"enemies":"Snake Plant","floor":28,"turns":4},{"damage":24,"enemies":"Shelled Parasite and Fungi","floor":30,"turns":2}],"seed_played":"-4768270429839171720","potions_obtained":[{"floor":1.0,"key":"Ancient Potion"},{"floor":2.0,"key":"SpeedPotion"},{"floor":2.0,"key":"Ancient Potion"},{"floor":12,"key":"SteroidPotion"},{"floor":16,"key":"PowerPotion"},{"floor":18,"key":"Poison Potion"},{"floor":25,"key":"Explosive Potion"}],"is_trial":false,"path_per_floor":["M","?","M","$","?","R","?","M","T","?","$","E","T","E","R","B",null,"M","?","M","?","M","R","?","M","T","R","M","?","M"],"character_chosen":"IRONCLAD","items_purchased":[],"campfire_rested":3,"item_purchase_floors":[],"current_hp_per_floor":[80,80,80,80,64,64,64,70,70,59,59,49,49,37,61,27,80,64,64,56,40,24,48,20,20,20,44,34,18,0],"gold":508,"neow_bonus":"THREE_ENEMY_KILL","is_prod":false,"is_daily":false,"chose_seed":false,"campfire_upgraded":1,"win_rate":0,"timestamp":1565828400,"path_taken":["M","?","?","$","?","R","?","M","T","?","?","E","?","E","R","BOSS","M","?","M","?","M","R","?","M","T","R","M","?","M"],"build_version":"2019-07-18","purchased_purges":2,"victory":false,"max_hp_per_floor":[80,80,80,80,80,80,80,80,80,80,80,80,80,80,80,80,80,80,80,80,80,80,80,80,80,80,80,80,80,80],"card_choices":[{"not_picked":["Blood for Blood","Heavy Blade","Sever Soul"],"picked":"SKIP","floor":1.0},{"not_picked":["Second Wind","Warcry","Pommel Strike"],"picked":"SKIP","floor":3.0},{"not_picked":["Rage","Fire Breathing","Sword Boomerang"],"picked":"SKIP","floor":8},{"not_picked":["True Grit","Headbutt","Warcry"],"picked":"SKIP","floor":12},{"not_picked":["Evolve","Intimidate","Spot Weakness"],"picked":"SKIP","floor":14},{"not_picked":["Twin Strike+1","Carnage","Iron Wave+1"],"picked":"SKIP","floor":18},{"not_picked":["Thunderclap","Havoc+1","Shrug It Off"],"picked":"SKIP","floor":20},{"not_picked":["Intimidate","Infernal Blade","Twin Strike"],"picked":"SKIP","floor":22},{"not_picked":["True Grit","Heavy Blade","Juggernaut"],"picked":"SKIP","floor":25},{"not_picked":["Heavy Blade","True Grit","Armaments+1"],"picked":"SKIP","floor":28}],"player_experience":1013242,"relics_obtained":[{"floor":9,"key":"Pen Nib"},{"floor":12,"key":"FossilizedHelix"},{"floor":13,"key":"War Paint"},{"floor":14,"key":"Juzu Bracelet"},{"floor":24,"key":"Red Mask"},{"floor":26,"key":"Omamori"},{"floor":29,"key":"Enchiridion"}],"event_choices":[{"damage_healed":0.0,"max_hp_gain":0.0,"max_hp_loss":0.0,"gold_gain":0.0,"event_name":"The Woman in Blue","player_choice":"Bought 2 Potions","floor":2.0,"gold_loss":0.0,"damage_taken":0.0},{"damage_healed":0.0,"max_hp_gain":0.0,"max_hp_loss":0.0,"gold_gain":0.0,"event_name":"Shining Light","player_choice":"Entered Light","floor":5.0,"gold_loss":0.0,"damage_taken":16.0,"cards_upgraded":["Bash","Strike_R"]},{"cards_removed":["Defend_R"],"damage_healed":0,"gold_gain":0,"player_choice":"Forget","damage_taken":0,"max_hp_gain":0,"max_hp_loss":0,"event_name":"Living Wall","floor":7,"gold_loss":0},{"damage_healed":0,"gold_gain":75,"player_choice":"Gather Gold","damage_taken":11,"max_hp_gain":0,"max_hp_loss":0,"event_name":"World of Goop","floor":10,"gold_loss":0},{"damage_healed":0,"gold_gain":99,"player_choice":"Stole From Cult","damage_taken":0,"max_hp_gain":0,"max_hp_loss":0,"event_name":"Nest","floor":19,"gold_loss":0},{"damage_healed":0,"gold_gain":90,"player_choice":"GOLD ","damage_taken":16,"max_hp_gain":0,"max_hp_loss":0,"event_name":"Knowing Skull","floor":21,"potions_obtained":[],"gold_loss":0,"cards_obtained":[]},{"damage_healed":0,"gold_gain":0,"player_choice":"Fought Bandits","damage_taken":0,"max_hp_gain":0,"max_hp_loss":0,"event_name":"Masked Bandits","floor":24,"gold_loss":0},{"damage_healed":0,"gold_gain":0,"player_choice":"Obtained Book","damage_taken":16,"max_hp_gain":0,"max_hp_loss":0,"event_name":"Cursed Tome","floor":29,"gold_loss":0}],"is_beta":true,"boss_relics":[{"not_picked":["Tiny House","Black Star"],"picked":"Philosopher\u0027s Stone"}],"items_purged_floors":[4,11],"is_endless":false,"potions_floor_spawned":[1,3,12,16,18,25],"killed_by":"Shelled Parasite and Fungi","ascension_level":0}