{"gold_per_floor":[115,115,115,115,115,115,115,115,138,158,158,18,18,32,32,32],"floor_reached":16,"playtime":183,"items_purged":[],"score":172,"play_id":"67c1b954-62cf-404c-8979-66a849011690","local_time":"20190415164655","is_ascension_mode":true,"campfire_choices":[{"floor":6,"key":"REST"},{"data":"Neutralize","floor":8,"key":"SMITH"},{"data":"Dodge and Roll","floor":11,"key":"SMITH"},{"data":"All Out Attack","floor":13,"key":"SMITH"},{"data":"Backflip","floor":15,"key":"SMITH"}],"neow_cost":"NONE","seed_source_timestamp":346035228499706,"circlet_count":0,"master_deck":["AscendersBane","Defend_G","Defend_G","Defend_G","Defend_G+1","Defend_G","Strike_G","Strike_G","Strike_G","Strike_G+1","Survivor","Neutralize+1","Dodge and Roll+1","Choke","Backflip+1","All Out Attack+1","PiercingWail"],"relics":["Ring of the Snake","NeowsBlessing","Golden Idol","Pear","Mummified Hand","Art of War"],"potions_floor_usage":[],"damage_taken":[{"damage":0,"enemies":"2 Louse","floor":1,"turns":1},{"damage":0,"enemies":"Jaw Worm","floor":10,"turns":1},{"damage":0,"enemies":"Small Slimes","floor":14,"turns":1},{"damage":39,"enemies":"Slime Boss","floor":16,"turns":10}],"seed_played":"8139706019601638373","potions_obtained":[],"is_trial":false,"path_per_floor":["M","?","?","?","?","R","T","R","T","M","R","$","R","M","R","B"],"character_chosen":"THE_SILENT","items_purchased":["Backflip","All Out Attack"],"campfire_rested":1,"item_purchase_floors":[12,12],"current_hp_per_floor":[59,52,29,28,5,27,27,27,27,27,27,27,27,27,27,0],"gold":32,"neow_bonus":"THREE_ENEMY_KILL","is_prod":false,"is_daily":false,"chose_seed":false,"campfire_upgraded":4,"win_rate":0,"timestamp":1555361215,"path_taken":["M","?","?","?","?","R","?","R","T","?","R","?","R","M","R","BOSS"],"build_version":"2019-04-04","purchased_purges":0,"victory":false,"max_hp_per_floor":[66,66,66,76,76,76,76,76,76,76,76,76,76,76,76,76],"card_choices":[{"not_picked":["Underhanded Strike","Finisher"],"picked":"Dodge and Roll","floor":1},{"not_picked":["Blade Dance","Riddle With Holes"],"picked":"Choke","floor":10},{"not_picked":["Backflip","Dagger Spray"],"picked":"PiercingWail","floor":14}],"player_experience":977157,"relics_obtained":[{"floor":7,"key":"Mummified Hand"},{"floor":9,"key":"Art of War"}],"event_choices":[{"cards_removed":["Strike_G"],"damage_healed":0,"gold_gain":0,"player_choice":"Card Removal","damage_taken":7,"max_hp_gain":0,"max_hp_loss":0,"event_name":"Golden Wing","floor":2,"gold_loss":0},{"damage_healed":0,"gold_gain":0,"player_choice":"Take Damage","damage_taken":23,"relics_obtained":["Golden Idol"],"max_hp_gain":0,"max_hp_loss":0,"event_name":"Golden Idol","floor":3,"gold_loss":0},{"damage_healed":0,"gold_gain":0,"player_choice":"Success","damage_taken":11,"relics_obtained":["Pear"],"max_hp_gain":0,"max_hp_loss":0,"event_name":"Scrap Ooze","floor":4,"gold_loss":0},{"damage_healed":0,"gold_gain":0,"player_choice":"Entered Light","damage_taken":23,"max_hp_gain":0,"max_hp_loss":0,"event_name":"Shining Light","floor":5,"gold_loss":0,"cards_upgraded":["Strike_G","Defend_G"]}],"is_beta":true,"boss_relics":[],"items_purged_floors":[],"is_endless":false,"potions_floor_spawned":[],"killed_by":"Slime Boss","ascension_level":20}