{"gold_per_floor":[19,19,69,90,90,130,130,163,209,1,24,45,45,60,60,154,154,170,445,461,2,26,26,67,91,91,129,129,164,182,226,226,316,316,334,348,366,380,229,265,265,279,279,279,300,300,300,344,344,344,344,344,344,19,59,59],"floor_reached":57,"playtime":6808,"items_purged":["Regret","Strike_R","Strike_R"],"score":2804,"play_id":"684d4c08-0f3e-4b49-9331-be742a28576e","local_time":"20190905154805","is_ascension_mode":true,"campfire_choices":[{"floor":7.0,"key":"REST"},{"data":"Shockwave","floor":15.0,"key":"SMITH"},{"data":"Evolve","floor":23.0,"key":"SMITH"},{"data":"Demon Form","floor":28.0,"key":"SMITH"},{"data":"True Grit","floor":32.0,"key":"SMITH"},{"data":"Double Tap","floor":41.0,"key":"SMITH"},{"floor":46.0,"key":"RECALL"},{"data":"Clothesline","floor":49.0,"key":"SMITH"},{"data":"Pummel","floor":53.0,"key":"SMITH"}],"neow_cost":"NO_GOLD","seed_source_timestamp":804027981601600,"circlet_count":0,"master_deck":["AscendersBane","Strike_R","Strike_R","Defend_R","Defend_R","Defend_R","Defend_R+1","Bash","Demon Form+1","Iron Wave","Pummel+1","Immolate","Anger","Immolate","Shockwave+1","Inflame","Thunderclap","Reaper","Evolve+1","Sword Boomerang+1","Double Tap+1","True Grit+1","Feel No Pain","Blood for Blood","Offering","Combust+1","Feel No Pain","Clothesline+1","True Grit+1","Rupture","Pain","Dual Wield","Corruption"],"special_seed":0,"relics":["Burning Blood","Golden Idol","Vajra","Pen Nib","MawBank","DollysMirror","Velvet Choker","Potion Belt","Chemical X","Paper Frog","Meat on the Bone","Centennial Puzzle","Torii","Self Forming Clay","Snecko Eye","Lantern","War Paint","Mango","Happy Flower","Strawberry"],"potions_floor_usage":[56,56],"damage_taken":[{"damage":14.0,"enemies":"Jaw Worm","floor":1.0,"turns":5.0},{"damage":9.0,"enemies":"2 Louse","floor":4.0,"turns":3.0},{"damage":60.0,"enemies":"3 Sentries","floor":6.0,"turns":9.0},{"damage":27.0,"enemies":"Gremlin Nob","floor":8.0,"turns":4.0},{"damage":0.0,"enemies":"Cultist","floor":11.0,"turns":2.0},{"damage":8.0,"enemies":"Blue Slaver","floor":12.0,"turns":2.0},{"damage":2.0,"enemies":"Large Slime","floor":14.0,"turns":3.0},{"damage":18.0,"enemies":"Slime Boss","floor":16.0,"turns":5.0},{"damage":1.0,"enemies":"Spheric Guardian","floor":18.0,"turns":3.0},{"damage":22.0,"enemies":"Shell Parasite","floor":20.0,"turns":3.0},{"damage":29.0,"enemies":"Cultist and Chosen","floor":22.0,"turns":6.0},{"damage":29.0,"enemies":"Slavers","floor":24.0,"turns":4.0},{"damage":4.0,"enemies":"Centurion and Healer","floor":25.0,"turns":2.0},{"damage":12.0,"enemies":"Gremlin Leader","floor":27.0,"turns":7.0},{"damage":27.0,"enemies":"Book of Stabbing","floor":29.0,"turns":4.0},{"damage":2.0,"enemies":"3 Cultists","floor":30.0,"turns":3.0},{"damage":0.0,"enemies":"Gremlin Leader","floor":31.0,"turns":4.0},{"damage":42.0,"enemies":"Collector","floor":33.0,"turns":6.0},{"damage":7.0,"enemies":"Orb Walker","floor":35.0,"turns":2.0},{"damage":12.0,"enemies":"3 Shapes","floor":36.0,"turns":3.0},{"damage":32.0,"enemies":"Sphere and 2 Shapes","floor":37.0,"turns":6.0},{"damage":14.0,"enemies":"Transient","floor":38.0,"turns":6.0},{"damage":24.0,"enemies":"Giant Head","floor":40.0,"turns":6.0},{"damage":16.0,"enemies":"Spire Growth","floor":42.0,"turns":3.0},{"damage":7.0,"enemies":"4 Shapes","floor":45.0,"turns":2.0},{"damage":43.0,"enemies":"Reptomancer","floor":48.0,"turns":5.0},{"damage":40.0,"enemies":"Time Eater","floor":50.0,"turns":6.0},{"damage":97.0,"enemies":"Donu and Deca","floor":51.0,"turns":8.0},{"damage":42.0,"enemies":"Shield and Spear","floor":55.0,"turns":4.0},{"damage":46,"enemies":"The Heart","floor":56,"turns":6}],"seed_played":"5961109285079290565","potions_obtained":[{"floor":1.0,"key":"SpeedPotion"},{"floor":8.0,"key":"Strength Potion"},{"floor":11.0,"key":"Fruit Juice"},{"floor":12.0,"key":"EssenceOfSteel"},{"floor":22.0,"key":"Fire Potion"},{"floor":24.0,"key":"Strength Potion"},{"floor":27.0,"key":"Dexterity Potion"},{"floor":29.0,"key":"AttackPotion"},{"floor":30.0,"key":"Ancient Potion"},{"floor":33.0,"key":"Poison Potion"},{"floor":35.0,"key":"PowerPotion"},{"floor":37.0,"key":"Block Potion"}],"is_trial":false,"path_per_floor":["M","?","?","M","?","E","R","E","T","$","M","M","?","M","R","B",null,"M","?","M","$","M","R","E","M","T","E","R","E","M","E","R","B",null,"M","M","M","M","$","E","R","M","T","?","M","R","T","E","R","B","B",null,"R","$","E","B",null],"character_chosen":"IRONCLAD","items_purchased":["DollysMirror","Potion Belt","Chemical X","True Grit","Dual Wield","Happy Flower"],"campfire_rested":1,"item_purchase_floors":[10,21,21,39,54,54],"current_hp_per_floor":[60,60,60,57,62,8,29,8,8,8,19,17,17,21,21,9,61,71,71,55,55,52,52,34,36,36,48,48,51,78,78,78,54,72,71,75,49,65,65,78,78,68,68,68,67,67,67,56,56,92,39,79,79,79,62,85],"gold":59,"neow_bonus":"THREE_RARE_CARDS","is_prod":false,"is_daily":false,"chose_seed":false,"campfire_upgraded":7,"win_rate":0,"timestamp":1567720085,"path_taken":["M","?","?","?","?","E","R","E","T","$","M","M","?","M","R","BOSS","M","?","M","$","M","R","E","M","T","E","R","E","M","E","R","BOSS","M","M","M","?","$","E","R","M","T","?","?","R","?","E","R","BOSS","BOSS","R","$","E","BOSS"],"build_version":"2019-07-17","purchased_purges":3,"victory":true,"max_hp_per_floor":[75,68,68,68,73,73,73,73,73,73,78,78,78,78,78,78,78,78,78,78,78,78,78,78,78,78,78,78,78,78,78,78,78,78,78,78,78,78,78,78,78,78,78,78,78,78,78,92,92,92,92,92,92,92,99,99],"card_choices":[{"not_picked":["Impervious","Immolate"],"picked":"Demon Form","floor":0.0},{"not_picked":["Ghostly Armor","Warcry"],"picked":"Iron Wave","floor":1.0},{"not_picked":["True Grit","Reckless Charge"],"picked":"Pummel","floor":4.0},{"not_picked":["Inflame","Hemokinesis"],"picked":"Immolate","floor":6.0},{"not_picked":["Havoc","Barricade"],"picked":"Anger","floor":8.0},{"not_picked":["Hemokinesis","Shrug It Off"],"picked":"Shockwave","floor":11.0},{"not_picked":["Reckless Charge","Flex"],"picked":"Inflame","floor":12.0},{"not_picked":["Warcry","Wild Strike"],"picked":"Thunderclap","floor":14.0},{"not_picked":["Feed","Barricade"],"picked":"Reaper","floor":16.0},{"not_picked":["Sword Boomerang","Infernal Blade","Fire Breathing"],"picked":"SKIP","floor":18.0},{"not_picked":["Second Wind","Twin Strike"],"picked":"Evolve","floor":20.0},{"not_picked":["Flex","Iron Wave"],"picked":"Sword Boomerang+1","floor":22.0},{"not_picked":["Cleave","Shockwave"],"picked":"Double Tap","floor":24.0},{"not_picked":["Rupture+1","Perfected Strike"],"picked":"True Grit","floor":25.0},{"not_picked":["Shockwave","Blood for Blood"],"picked":"Feel No Pain","floor":27.0},{"not_picked":["Wild Strike","Warcry"],"picked":"Blood for Blood","floor":29.0},{"not_picked":["Heavy Blade","Blood for Blood","Flex"],"picked":"SKIP","floor":30.0},{"not_picked":["Sword Boomerang","Searing Blow","Clothesline"],"picked":"SKIP","floor":31.0},{"not_picked":["Limit Break","Juggernaut"],"picked":"Offering","floor":33.0},{"not_picked":["Clash+1","Evolve","Anger"],"picked":"SKIP","floor":35.0},{"not_picked":["Headbutt","Clash"],"picked":"Combust+1","floor":36.0},{"not_picked":["Flex","Battle Trance"],"picked":"Feel No Pain","floor":37.0},{"not_picked":["Intimidate","Blood for Blood+1"],"picked":"Clothesline","floor":38.0},{"not_picked":["Infernal Blade","Searing Blow"],"picked":"Rupture","floor":40.0},{"not_picked":["Thunderclap","Ghostly Armor","Reckless Charge+1"],"picked":"SKIP","floor":42.0},{"not_picked":["Shrug It Off","Uppercut","Rampage+1"],"picked":"SKIP","floor":45.0},{"not_picked":["Double Tap","Wild Strike","Rage"],"picked":"SKIP","floor":48.0},{"not_picked":["Cleave","Juggernaut"],"picked":"Corruption","floor":55.0}],"player_experience":988434,"relics_obtained":[{"floor":6.0,"key":"Vajra"},{"floor":8.0,"key":"Pen Nib"},{"floor":9.0,"key":"MawBank"},{"floor":24.0,"key":"Paper Frog"},{"floor":26.0,"key":"Meat on the Bone"},{"floor":27.0,"key":"Centennial Puzzle"},{"floor":29.0,"key":"Torii"},{"floor":31.0,"key":"Self Forming Clay"},{"floor":40.0,"key":"Lantern"},{"floor":47.0,"key":"War Paint"},{"floor":48.0,"key":"Mango"},{"floor":55.0,"key":"Strawberry"}],"event_choices":[{"damage_healed":0.0,"max_hp_gain":0.0,"max_hp_loss":7.0,"gold_gain":0.0,"event_name":"Golden Idol","player_choice":"Lose Max HP","floor":2.0,"gold_loss":0.0,"damage_taken":0.0,"relics_obtained":["Golden Idol"]},{"damage_healed":0.0,"max_hp_gain":0.0,"max_hp_loss":0.0,"gold_gain":50.0,"event_name":"Golden Shrine","player_choice":"Pray","floor":3.0,"gold_loss":0.0,"damage_taken":0.0},{"damage_healed":0.0,"max_hp_gain":5.0,"max_hp_loss":0.0,"gold_gain":0.0,"event_name":"Big Fish","player_choice":"Donut","floor":5.0,"gold_loss":0.0,"damage_taken":0.0},{"cards_removed":["Strike_R"],"damage_healed":0.0,"max_hp_gain":0.0,"max_hp_loss":0.0,"gold_gain":0.0,"event_name":"Purifier","player_choice":"Purged","floor":13.0,"gold_loss":0.0,"damage_taken":0.0},{"damage_healed":0.0,"max_hp_gain":0.0,"max_hp_loss":0.0,"gold_gain":275.0,"event_name":"Golden Shrine","player_choice":"Desecrate","floor":19.0,"gold_loss":0.0,"damage_taken":0.0,"cards_obtained":["Regret"]},{"damage_healed":0.0,"max_hp_gain":0.0,"max_hp_loss":0.0,"gold_gain":0.0,"event_name":"Match and Keep!","player_choice":"1 cards matched","floor":44.0,"gold_loss":0.0,"damage_taken":0.0,"cards_obtained":["Pain"]}],"is_beta":false,"boss_relics":[{"not_picked":["Runic Pyramid","Philosopher\u0027s Stone"],"picked":"Velvet Choker"},{"not_picked":["Lizard Tail","Coffee Dripper"],"picked":"Snecko Eye"}],"items_purged_floors":[21,39,54],"is_endless":false,"potions_floor_spawned":[1,8,11,12,22,24,27,29,30,33,35,37,38],"ascension_level":20}