{"gold_per_floor":[119,36,52,128,175,233,233,245,295,305,319,319,3,18,18,18],"floor_reached":16,"playtime":473,"items_purged":[],"score":204,"play_id":"1ec5ebff-d2c9-41c3-a2c6-221dcdb88271","local_time":"20190816135045","is_ascension_mode":true,"campfire_choices":[{"data":"Flame Barrier","floor":15,"key":"SMITH"}],"neow_cost":"NONE","seed_source_timestamp":195551902599796,"circlet_count":0,"master_deck":["AscendersBane","Strike_R","Strike_R","Strike_R","Strike_R","Strike_R","Defend_R","Defend_R","Defend_R","Defend_R","Bash","Clash","Thunderclap","Limit Break","Shrug It Off","Flame Barrier","Flame Barrier+1","Iron Wave"],"relics":["Burning Blood","Bag of Marbles","Tiny Chest","Oddly Smooth Stone","DollysMirror"],"potions_floor_usage":[6,16],"damage_taken":[{"damage":9,"enemies":"2 Louse","floor":1,"turns":3},{"damage":9,"enemies":"Jaw Worm","floor":3,"turns":3},{"damage":35,"enemies":"3 Sentries","floor":6,"turns":11},{"damage":0,"enemies":"Cultist","floor":8,"turns":2},{"damage":34,"enemies":"Large Slime","floor":10,"turns":7},{"damage":11,"enemies":"Looter","floor":11,"turns":3},{"damage":5,"enemies":"2 Fungi Beasts","floor":14,"turns":6},{"damage":13,"enemies":"Hexaghost","floor":16,"turns":7}],"seed_played":"4933706874586161830","potions_obtained":[{"floor":1,"key":"Dexterity Potion"},{"floor":8,"key":"LiquidBronze"}],"is_trial":false,"path_per_floor":["M","$","M","?","T","E","?","M","T","M","M","$","$","M","R","B"],"character_chosen":"IRONCLAD","items_purchased":["Thunderclap","Block Potion","Flame Barrier","DollysMirror","Iron Wave"],"campfire_rested":0,"item_purchase_floors":[2,2,13,13,13],"current_hp_per_floor":[65,65,62,62,62,33,38,44,44,16,11,11,11,12,12,0],"gold":18,"neow_bonus":"THREE_CARDS","is_prod":false,"is_daily":false,"chose_seed":false,"campfire_upgraded":1,"win_rate":0,"timestamp":1565977845,"path_taken":["M","$","M","?","?","E","?","?","T","M","M","?","$","M","R","BOSS"],"build_version":"2019-08-15","purchased_purges":0,"victory":false,"max_hp_per_floor":[75,75,75,75,75,75,80,80,80,80,80,80,80,80,80,80],"card_choices":[{"not_picked":["Flex","Armaments"],"picked":"Clash","floor":0},{"not_picked":["Rampage","Wild Strike","Second Wind"],"picked":"SKIP","floor":1},{"not_picked":["Body Slam","Iron Wave","Evolve"],"picked":"SKIP","floor":3},{"not_picked":["Sword Boomerang","Wild Strike"],"picked":"Limit Break","floor":6},{"not_picked":["Cleave","Metallicize","Body Slam"],"picked":"SKIP","floor":8},{"not_picked":["Dual Wield","Anger"],"picked":"Shrug It Off","floor":10},{"not_picked":["Reckless Charge","Searing Blow","Combust"],"picked":"SKIP","floor":11},{"not_picked":["Dual Wield","Rupture","Rage"],"picked":"SKIP","floor":14}],"player_experience":1016559,"relics_obtained":[{"floor":5,"key":"Bag of Marbles"},{"floor":6,"key":"Tiny Chest"},{"floor":9,"key":"Oddly Smooth Stone"}],"event_choices":[{"damage_healed":0,"gold_gain":76,"player_choice":"Gained Gold","damage_taken":0,"max_hp_gain":0,"max_hp_loss":0,"event_name":"Golden Wing","floor":4,"gold_loss":0},{"damage_healed":0,"gold_gain":0,"player_choice":"Donut","damage_taken":0,"max_hp_gain":5,"max_hp_loss":0,"event_name":"Big Fish","floor":7,"gold_loss":0}],"is_beta":true,"boss_relics":[],"items_purged_floors":[],"is_endless":false,"potions_floor_spawned":[1,8,10,14],"killed_by":"Hexaghost","ascension_level":20}