{"gold_per_floor":[119,139,139,150,164,194,194,223,248,213,213],"floor_reached":11,"playtime":528,"items_purged":[],"score":158,"play_id":"01d7234c-5bc1-4f8a-95d2-c89028c433f2","local_time":"20190904162131","is_ascension_mode":true,"campfire_choices":[{"data":"True Grit","floor":7,"key":"SMITH"}],"neow_cost":"NONE","seed_source_timestamp":335389030363300,"circlet_count":0,"master_deck":["AscendersBane","Strike_R","Strike_R","Strike_R","Strike_R","Defend_R","Defend_R","Defend_R+1","Defend_R","Bash+1","Clash","Clash","Clothesline","True Grit+1","Iron Wave","Headbutt"],"relics":["Burning Blood","Blue Candle","Happy Flower","Lantern"],"potions_floor_usage":[6,8],"damage_taken":[{"damage":7,"enemies":"Cultist","floor":1,"turns":4},{"damage":2,"enemies":"Jaw Worm","floor":2,"turns":3},{"damage":0,"enemies":"Small Slimes","floor":4,"turns":3},{"damage":5,"enemies":"Blue Slaver","floor":5,"turns":3},{"damage":45,"enemies":"3 Sentries","floor":6,"turns":14},{"damage":9,"enemies":"Lagavulin","floor":8,"turns":6},{"damage":17,"enemies":"3 Sentries","floor":11,"turns":6}],"seed_played":"-503823251505057476","potions_obtained":[{"floor":4,"key":"Dexterity Potion"},{"floor":5,"key":"Swift Potion"}],"is_trial":false,"path_per_floor":["M","M","?","M","M","E","R","E","T","?","E"],"character_chosen":"IRONCLAD","items_purchased":[],"campfire_rested":0,"item_purchase_floors":[],"current_hp_per_floor":[67,71,48,54,55,16,16,13,13,13,0],"gold":213,"neow_bonus":"TRANSFORM_CARD","is_prod":false,"is_daily":false,"chose_seed":false,"campfire_upgraded":1,"win_rate":0,"timestamp":1567632091,"path_taken":["M","M","?","M","M","E","R","E","T","?","E"],"build_version":"2019-07-17","purchased_purges":0,"victory":false,"max_hp_per_floor":[75,75,75,75,75,75,75,75,75,75,75],"card_choices":[{"not_picked":["Flame Barrier","Iron Wave"],"picked":"Clash","floor":1},{"not_picked":["Reckless Charge","Warcry"],"picked":"Clothesline","floor":2},{"not_picked":["Dropkick","Pommel Strike"],"picked":"True Grit","floor":4},{"not_picked":["Second Wind","Armaments"],"picked":"Iron Wave","floor":5},{"not_picked":["Berserk","Sentinel"],"picked":"Headbutt","floor":6},{"not_picked":["Wild Strike","Dual Wield","Clothesline"],"picked":"SKIP","floor":8}],"player_experience":826245,"relics_obtained":[{"floor":6,"key":"Blue Candle"},{"floor":8,"key":"Happy Flower"},{"floor":9,"key":"Lantern"}],"event_choices":[{"damage_healed":0,"gold_gain":0,"player_choice":"Entered Light","damage_taken":23,"max_hp_gain":0,"max_hp_loss":0,"event_name":"Shining Light","floor":3,"gold_loss":0,"cards_upgraded":["Defend_R","Bash"]},{"damage_healed":0,"gold_gain":0,"player_choice":"Left Gold","damage_taken":0,"max_hp_gain":0,"max_hp_loss":0,"event_name":"World of Goop","floor":10,"gold_loss":35}],"is_beta":false,"boss_relics":[],"items_purged_floors":[],"is_endless":false,"potions_floor_spawned":[4,5],"killed_by":"3 Sentries","ascension_level":18}