{"gold_per_floor":[112,112,122,132,149,181,181,212,212,212,142,142,142,155,155,253,253,272,284,295,295,200,225,225,225,273,285,20,30,55,67,67,166,166,177,177,177,193,209,209,244,244],"floor_reached":42,"playtime":2343,"items_purged":["Strike_G"],"score":524,"play_id":"3569c21a-3f79-4822-8562-677cd33edaf3","local_time":"20190823140931","is_ascension_mode":true,"campfire_choices":[{"data":"Crippling Poison","floor":7,"key":"SMITH"},{"data":"Neutralize","floor":10,"key":"SMITH"},{"data":"Caltrops","floor":13,"key":"SMITH"},{"floor":15,"key":"REST"},{"data":"Wraith Form v2","floor":24,"key":"SMITH"},{"floor":27,"key":"REST"},{"floor":32,"key":"REST"},{"floor":40,"key":"REST"}],"neow_cost":"NONE","seed_source_timestamp":45797316897474,"circlet_count":0,"master_deck":["Strike_G+1","Defend_G","Defend_G","Defend_G","Defend_G","Defend_G","Survivor","Neutralize+1","Footwork","Backstab","Poisoned Stab","Dagger Spray","Crippling Poison+1","Dash","Caltrops+1","Terror","Wraith Form v2+1","Poisoned Stab+1","Prepared+1","Leg Sweep","Storm of Steel","Phantasmal Killer","Cloak And Dagger","Cloak And Dagger+1","PiercingWail+1","Deadly Poison+1","PiercingWail","Night Terror","Dagger Spray+1","Caltrops+1","Endless Agony+1","Infinite Blades+1"],"relics":["Ring of the Snake","Centennial Puzzle","Girya","Strawberry","Boot","Pen Nib","Philosopher\u0027s Stone","Pocketwatch","Dream Catcher","MawBank","Whetstone","Matryoshka","Cursed Key","Art of War"],"potions_floor_usage":[14,16,33,41,41],"damage_taken":[{"damage":3,"enemies":"Cultist","floor":1,"turns":4},{"damage":2,"enemies":"Small Slimes","floor":3,"turns":4},{"damage":5,"enemies":"Jaw Worm","floor":4,"turns":5},{"damage":1,"enemies":"Looter","floor":5,"turns":3},{"damage":19,"enemies":"Lagavulin","floor":6,"turns":7},{"damage":25,"enemies":"Gremlin Nob","floor":8,"turns":5},{"damage":18,"enemies":"Exordium Thugs","floor":14,"turns":3},{"damage":15,"enemies":"Hexaghost","floor":16,"turns":8},{"damage":4,"enemies":"Shell Parasite","floor":18,"turns":4},{"damage":22,"enemies":"2 Thieves","floor":19,"turns":3},{"damage":5,"enemies":"Cultist and Chosen","floor":20,"turns":5},{"damage":22,"enemies":"Book of Stabbing","floor":23,"turns":5},{"damage":0,"enemies":"Centurion and Healer","floor":29,"turns":4},{"damage":7,"enemies":"Gremlin Leader","floor":30,"turns":5},{"damage":3,"enemies":"Shelled Parasite and Fungi","floor":31,"turns":4},{"damage":20,"enemies":"Automaton","floor":33,"turns":10},{"damage":30,"enemies":"3 Darklings","floor":35,"turns":4},{"damage":4,"enemies":"3 Shapes","floor":38,"turns":5},{"damage":32,"enemies":"Maw","floor":39,"turns":8},{"damage":24,"enemies":"Reptomancer","floor":41,"turns":8},{"damage":15,"enemies":"4 Shapes","floor":42,"turns":1}],"seed_played":"6413110371816293196","potions_obtained":[{"floor":6,"key":"Explosive Potion"},{"floor":14,"key":"Poison Potion"},{"floor":18,"key":"Fire Potion"},{"floor":31,"key":"Block Potion"},{"floor":38,"key":"Energy Potion"},{"floor":39,"key":"Dexterity Potion"}],"is_trial":false,"path_per_floor":["M","T","M","M","M","E","R","E","T","R","$","?","R","M","R","B",null,"M","M","M","?","?","E","R","$","T","R","$","M","E","M","R","B",null,"M","?","?","M","M","R","E","M"],"character_chosen":"THE_SILENT","items_purchased":["Caltrops","Cloak And Dagger","Whetstone"],"campfire_rested":4,"item_purchase_floors":[11,28,28],"current_hp_per_floor":[67,67,65,60,59,47,47,22,22,22,22,47,47,29,52,37,77,73,51,46,46,46,24,24,24,24,47,47,47,40,37,60,40,77,47,47,47,43,11,34,10,0],"gold":244,"neow_bonus":"RANDOM_COMMON_RELIC","is_prod":false,"is_daily":false,"chose_seed":false,"campfire_upgraded":4,"win_rate":0,"timestamp":1566558571,"path_taken":["M","?","M","M","M","E","R","E","T","R","$","?","R","M","R","BOSS","M","M","M","?","?","E","R","$","T","R","$","M","E","?","R","BOSS","M","?","?","M","?","R","E","M"],"build_version":"2019-07-17","purchased_purges":1,"victory":false,"max_hp_per_floor":[70,70,70,70,70,77,77,77,77,77,77,77,77,77,77,77,77,77,77,77,77,77,77,77,77,77,77,77,77,77,77,77,77,77,77,77,77,77,77,77,77,77],"card_choices":[{"not_picked":["Bane","Underhanded Strike"],"picked":"Footwork","floor":1},{"not_picked":["Deflect","Eviscerate"],"picked":"Backstab","floor":3},{"not_picked":["Quick Slash","Accuracy"],"picked":"Poisoned Stab","floor":4},{"not_picked":["Quick Slash","Outmaneuver"],"picked":"Dagger Spray","floor":5},{"not_picked":["Deflect","A Thousand Cuts"],"picked":"Crippling Poison","floor":6},{"not_picked":["Acrobatics","Leg Sweep"],"picked":"Dash","floor":8},{"not_picked":["Dodge and Roll","Infinite Blades"],"picked":"Terror","floor":14},{"not_picked":["After Image","Tools of the Trade"],"picked":"Wraith Form v2","floor":16},{"not_picked":["Quick Slash","Accuracy"],"picked":"Poisoned Stab+1","floor":18},{"not_picked":["Slice","Dagger Throw"],"picked":"Prepared+1","floor":19},{"not_picked":["Quick Slash","Dagger Throw"],"picked":"Leg Sweep","floor":20},{"not_picked":["Crippling Poison","Choke","Doppelganger"],"picked":"SKIP","floor":23},{"not_picked":["Reflex","Quick Slash"],"picked":"Cloak And Dagger+1","floor":29},{"not_picked":["Choke","Acrobatics+1"],"picked":"PiercingWail+1","floor":30},{"not_picked":["Dagger Spray","Bane+1"],"picked":"Deadly Poison+1","floor":31},{"not_picked":["Outmaneuver","Blade Dance"],"picked":"PiercingWail","floor":32},{"not_picked":["Die Die Die","Venomology"],"picked":"Night Terror","floor":33},{"not_picked":["Deflect","Underhanded Strike"],"picked":"Dagger Spray+1","floor":35},{"not_picked":["Concentrate","Infinite Blades","Poisoned Stab"],"picked":"SKIP","floor":38},{"not_picked":["Prepared","Outmaneuver","Infinite Blades"],"picked":"SKIP","floor":39},{"not_picked":["All Out Attack","Die Die Die"],"picked":"Endless Agony+1","floor":40},{"not_picked":["Bane+1","Outmaneuver"],"picked":"Infinite Blades+1","floor":41}],"player_experience":158316,"relics_obtained":[{"floor":2,"key":"Girya"},{"floor":6,"key":"Strawberry"},{"floor":8,"key":"Boot"},{"floor":9,"key":"Pen Nib"},{"floor":23,"key":"Dream Catcher"},{"floor":26,"key":"MawBank"},{"floor":30,"key":"Matryoshka"},{"floor":41,"key":"Art of War"}],"event_choices":[{"damage_healed":25,"gold_gain":0,"player_choice":"Banana","damage_taken":0,"max_hp_gain":0,"max_hp_loss":0,"event_name":"Big Fish","floor":12,"gold_loss":0},{"damage_healed":0,"gold_gain":0,"cards_transformed":["Strike_G","Strike_G"],"player_choice":"Became Test Subject","damage_taken":0,"max_hp_gain":0,"max_hp_loss":0,"event_name":"Drug Dealer","floor":21,"gold_loss":0,"cards_obtained":["Storm of Steel","Phantasmal Killer"]},{"damage_healed":0,"gold_gain":0,"player_choice":"Paid Gold","damage_taken":0,"relics_obtained":["Pocketwatch"],"max_hp_gain":0,"max_hp_loss":0,"event_name":"WeMeetAgain","floor":22,"gold_loss":95},{"cards_removed":["Strike_G"],"damage_healed":0,"gold_gain":0,"player_choice":"Removed Attack","damage_taken":0,"max_hp_gain":0,"max_hp_loss":0,"event_name":"Falling","floor":36,"gold_loss":0},{"damage_healed":0,"gold_gain":0,"player_choice":"Copied","damage_taken":0,"max_hp_gain":0,"max_hp_loss":0,"event_name":"Duplicator","floor":37,"gold_loss":0,"cards_obtained":["Caltrops"]}],"is_beta":false,"boss_relics":[{"not_picked":["HoveringKite","Astrolabe"],"picked":"Philosopher\u0027s Stone"},{"not_picked":["Tiny House","Ring of the Serpent"],"picked":"Cursed Key"}],"items_purged_floors":[28],"is_endless":false,"potions_floor_spawned":[6,14,18,31,38,39],"killed_by":"4 Shapes","ascension_level":2}