{"gold_per_floor":[364,378,378,29,43,71,83,83,83,83,83,103,68,86,86,183,183,183],"floor_reached":18,"playtime":982,"items_purged":[],"score":162,"play_id":"a5cba853-ff09-449c-a034-25cb17dc0d59","local_time":"20190903234602","is_ascension_mode":false,"campfire_choices":[{"floor":8,"key":"REST"},{"data":"Cloak And Dagger","floor":11,"key":"SMITH"},{"data":"Neutralize","floor":15,"key":"SMITH"}],"neow_cost":"PERCENT_DAMAGE","seed_source_timestamp":1815821624445332,"circlet_count":0,"master_deck":["Strike_G","Strike_G","Strike_G","Strike_G","Strike_G","Defend_G","Defend_G","Defend_G","Defend_G","Defend_G","Survivor","Neutralize+1","Well Laid Plans","Escape Plan","Infinite Blades","Dagger Spray","Footwork","Cloak And Dagger+1","Dodge and Roll","Parasite","Acrobatics","PiercingWail","Adrenaline"],"relics":["Ring of the Snake","Pear","Letter Opener","Pantograph","Velvet Choker"],"potions_floor_usage":[6],"damage_taken":[{"damage":0,"enemies":"Small Slimes","floor":1,"turns":4},{"damage":6,"enemies":"2 Louse","floor":2,"turns":4},{"damage":0,"enemies":"Cultist","floor":5,"turns":4},{"damage":40,"enemies":"Gremlin Nob","floor":6,"turns":6},{"damage":0,"enemies":"Exordium Wildlife","floor":7,"turns":4},{"damage":0,"enemies":"3 Louse","floor":12,"turns":2},{"damage":0,"enemies":"Blue Slaver","floor":14,"turns":5},{"damage":23,"enemies":"The Guardian","floor":16,"turns":18},{"damage":0,"enemies":"Spheric Guardian","floor":18,"turns":3}],"seed_played":"6712031306206355049","potions_obtained":[{"floor":1,"key":"Weak Potion"},{"floor":5,"key":"EssenceOfSteel"},{"floor":14,"key":"Dexterity Potion"},{"floor":16,"key":"GhostInAJar"}],"is_trial":false,"path_per_floor":["M","M","?","$","M","E","M","R","T","?","R","M","?","M","R","B",null,"M"],"character_chosen":"THE_SILENT","items_purchased":["Pear","Infinite Blades","Dagger Spray"],"campfire_rested":1,"item_purchase_floors":[4,4,4],"current_hp_per_floor":[49,43,43,53,53,13,13,37,37,57,57,57,77,77,77,57,80,80],"gold":183,"neow_bonus":"TWO_FIFTY_GOLD","is_prod":false,"is_daily":false,"chose_seed":false,"campfire_upgraded":2,"win_rate":0,"timestamp":1567547162,"path_taken":["M","M","?","$","M","E","M","R","T","?","R","M","?","M","R","BOSS","M"],"build_version":"2019-07-17","purchased_purges":0,"victory":false,"max_hp_per_floor":[70,70,70,80,80,80,80,80,80,80,80,80,80,80,80,80,80,80],"card_choices":[{"not_picked":["Deflect","Accuracy"],"picked":"Well Laid Plans","floor":1},{"not_picked":["Tactician","Bane"],"picked":"Escape Plan","floor":2},{"not_picked":["Accuracy","Dash"],"picked":"Footwork","floor":5},{"not_picked":["Dodge and Roll","Corpse Explosion"],"picked":"Cloak And Dagger","floor":6},{"not_picked":["Calculated Gamble","Endless Agony"],"picked":"Dodge and Roll","floor":7},{"not_picked":["Catalyst","Underhanded Strike"],"picked":"Acrobatics","floor":12},{"not_picked":["Terror","Crippling Poison"],"picked":"PiercingWail","floor":14},{"not_picked":["Unload","Doppelganger"],"picked":"Adrenaline","floor":16}],"player_experience":145698,"relics_obtained":[{"floor":6,"key":"Letter Opener"},{"floor":9,"key":"Pantograph"}],"event_choices":[{"damage_healed":0,"gold_gain":0,"player_choice":"Ignored","damage_taken":0,"max_hp_gain":0,"max_hp_loss":0,"event_name":"Golden Idol","floor":3,"gold_loss":0},{"damage_healed":20,"gold_gain":0,"player_choice":"Healed and dodged fight","damage_taken":0,"max_hp_gain":0,"max_hp_loss":0,"event_name":"Mushrooms","floor":10,"gold_loss":0,"cards_obtained":["Parasite"]},{"damage_healed":20,"gold_gain":0,"player_choice":"Healed","damage_taken":0,"max_hp_gain":0,"max_hp_loss":0,"event_name":"The Cleric","floor":13,"gold_loss":35}],"is_beta":false,"boss_relics":[{"not_picked":["HoveringKite","Ectoplasm"],"picked":"Velvet Choker"}],"items_purged_floors":[],"is_endless":false,"potions_floor_spawned":[1,5,14,16],"killed_by":"Spheric Guardian","ascension_level":0}