{"gold_per_floor":[112,126,6,25,39,39,69,69,69,69,87,97,51,69,69,165,165,178,178,178,192,208,236,247,281,357,357,7,7,7,7,7,103,103,113,130,230,56,56,56,86,99,99,99,119,0,74,87,87,87],"floor_reached":51,"playtime":1621,"items_purged":["Strike_G","Decay","Adrenaline+1"],"score":917,"play_id":"698c373b-fba6-48e1-9974-70594b7b107b","local_time":"20190803194320","is_ascension_mode":false,"campfire_choices":[{"data":"Neutralize","floor":6.0,"key":"SMITH"},{"data":"Poisoned Stab","floor":8.0,"key":"SMITH"},{"data":"Dagger Spray","floor":15.0,"key":"SMITH"},{"data":"PiercingWail","floor":29.0,"key":"SMITH"},{"data":"Bane","floor":32.0,"key":"SMITH"},{"data":"Poisoned Stab","floor":40,"key":"SMITH"},{"data":"Dodge and Roll","floor":44,"key":"SMITH"},{"data":"Dagger Throw","floor":49,"key":"SMITH"}],"neow_cost":"NONE","seed_source_timestamp":0,"circlet_count":0,"master_deck":["Defend_G+1","Defend_G+1","Defend_G+1","Defend_G+1","Defend_G+1","Survivor","Neutralize+1","Dagger Throw+1","Dodge and Roll+1","Dagger Spray+1","Poisoned Stab+1","Bane+1","Dagger Throw+1","Backflip+1","Backflip+1","Poisoned Stab+1","PiercingWail+1","Bane+1","Poisoned Stab+1","Parasite"],"special_seed":0,"relics":["Ring of the Snake","Strawberry","Mercury Hourglass","Ninja Scroll","Astrolabe","Bag of Marbles","Mummified Hand","Blue Candle","Question Card","StoneCalendar","Coffee Dripper","Singing Bowl","Gremlin Horn","Red Mask","Kunai"],"potions_floor_usage":[33,33,41,41,50,50],"damage_taken":[{"damage":4.0,"enemies":"Cultist","floor":1.0,"turns":4.0},{"damage":0.0,"enemies":"2 Louse","floor":2.0,"turns":2.0},{"damage":0.0,"enemies":"Jaw Worm","floor":4.0,"turns":4.0},{"damage":7.0,"enemies":"Blue Slaver","floor":5.0,"turns":5.0},{"damage":23.0,"enemies":"3 Sentries","floor":7.0,"turns":10.0},{"damage":0.0,"enemies":"Gremlin Gang","floor":11.0,"turns":2.0},{"damage":0.0,"enemies":"2 Fungi Beasts","floor":12.0,"turns":1.0},{"damage":0.0,"enemies":"Large Slime","floor":14.0,"turns":3.0},{"damage":0.0,"enemies":"Slime Boss","floor":16.0,"turns":5.0},{"damage":0.0,"enemies":"Spheric Guardian","floor":18.0,"turns":3.0},{"damage":9.0,"enemies":"Shell Parasite","floor":21.0,"turns":4.0},{"damage":0.0,"enemies":"Centurion and Healer","floor":22.0,"turns":4.0},{"damage":0.0,"enemies":"Gremlin Leader","floor":23.0,"turns":5.0},{"damage":0.0,"enemies":"Cultist and Chosen","floor":24.0,"turns":4.0},{"damage":0.0,"enemies":"Slavers","floor":25.0,"turns":4.0},{"damage":44,"enemies":"Champ","floor":33,"turns":11},{"damage":0,"enemies":"3 Shapes","floor":35,"turns":1},{"damage":0,"enemies":"Orb Walker","floor":36,"turns":1},{"damage":20,"enemies":"Reptomancer","floor":41,"turns":6},{"damage":2,"enemies":"3 Darklings","floor":42,"turns":5},{"damage":5,"enemies":"Writhing Mass","floor":45,"turns":6},{"damage":0,"enemies":"Sphere and 2 Shapes","floor":48,"turns":4},{"damage":29,"enemies":"Donu and Deca","floor":50,"turns":13}],"seed_played":"-7760648481009260117","potions_obtained":[{"floor":5.0,"key":"EntropicBrew"},{"floor":11.0,"key":"Explosive Potion"},{"floor":16.0,"key":"Swift Potion"},{"floor":18.0,"key":"Energy Potion"},{"floor":33,"key":"LiquidBronze"},{"floor":36,"key":"Block Potion"},{"floor":42,"key":"SteroidPotion"},{"floor":48,"key":"SpeedPotion"}],"is_trial":false,"path_per_floor":["M","M","$","M","M","R","E","R","T","?","M","M","$","M","R","B",null,"M","?","?","M","M","E","M","E","T","?","$","R","?","T","R","B",null,"M","M","?","$","?","R","E","M","T","R","M","?","T","M","R","B",null],"character_chosen":"THE_SILENT","items_purchased":["Dagger Throw","Quick Slash","Question Card","PowerPotion"],"campfire_rested":0,"item_purchase_floors":[3,13,28,38],"current_hp_per_floor":[73,73,73,73,66,66,43,43,43,43,43,43,43,43,43,43,77,77,77,77,68,68,68,68,68,68,54,54,54,54,54,54,10,82,82,82,82,82,82,82,64,62,62,62,59,59,59,61,61,32],"gold":87,"neow_bonus":"RANDOM_COMMON_RELIC","is_prod":false,"is_daily":false,"chose_seed":false,"campfire_upgraded":8,"win_rate":0,"timestamp":1564875800,"path_taken":["M","M","$","M","?","R","E","R","T","?","M","M","?","M","R","BOSS","M","?","?","?","?","E","M","E","T","?","$","R","?","?","R","BOSS","M","M","?","?","?","R","E","?","T","R","M","?","?","M","R","BOSS"],"build_version":"2019-07-18","purchased_purges":3,"victory":true,"max_hp_per_floor":[77,77,77,77,77,77,77,77,77,77,77,77,77,77,77,77,77,77,77,77,77,77,77,77,77,77,82,82,82,82,82,82,82,82,82,82,82,82,82,82,84,84,84,84,86,86,86,88,88,88],"card_choices":[{"not_picked":["Blade Dance","Deflect","Slice"],"picked":"SKIP","floor":1.0},{"not_picked":["Tactician","Slice","Backstab"],"picked":"SKIP","floor":2.0},{"not_picked":["Concentrate","Outmaneuver"],"picked":"Dodge and Roll","floor":4.0},{"not_picked":["Flying Knee","Wraith Form v2"],"picked":"Dagger Spray","floor":5.0},{"not_picked":["Outmaneuver","Skewer"],"picked":"Poisoned Stab","floor":7.0},{"not_picked":["Riddle With Holes","Outmaneuver","Footwork"],"picked":"SKIP","floor":11.0},{"not_picked":["Backstab","Masterful Stab","Acrobatics"],"picked":"SKIP","floor":12.0},{"not_picked":["Accuracy","Dodge and Roll","Prepared"],"picked":"SKIP","floor":14.0},{"not_picked":["Quick Slash+1","Riddle With Holes"],"picked":"Backflip+1","floor":18.0},{"not_picked":["Underhanded Strike+1","Deflect","Quick Slash"],"picked":"SKIP","floor":21.0},{"not_picked":["Burst","Underhanded Strike","Acrobatics"],"picked":"SKIP","floor":22.0},{"not_picked":["All Out Attack","Skewer+1"],"picked":"Poisoned Stab","floor":23.0},{"not_picked":["Deflect","Catalyst"],"picked":"PiercingWail","floor":24.0},{"not_picked":["Eviscerate","Heel Hook","Finisher"],"picked":"SKIP","floor":25.0},{"not_picked":["Underhanded Strike","Cloak And Dagger","Tactician","Endless Agony"],"picked":"SKIP","floor":35},{"not_picked":["Dodge and Roll+1","Eviscerate","Dash","Quick Slash"],"picked":"SKIP","floor":36},{"not_picked":["Slice","Dagger Throw","Leg Sweep","Infinite Blades"],"picked":"Singing Bowl","floor":41},{"not_picked":["Doppelganger","Cloak And Dagger+1","Finisher"],"picked":"Poisoned Stab+1","floor":42},{"not_picked":["Riddle With Holes","Heel Hook","Blade Dance","Footwork"],"picked":"Singing Bowl","floor":45},{"not_picked":["Slice","Quick Slash+1","Bane+1","Dagger Throw"],"picked":"Singing Bowl","floor":48}],"player_experience":1007095,"relics_obtained":[{"floor":7.0,"key":"Mercury Hourglass"},{"floor":9.0,"key":"Ninja Scroll"},{"floor":23.0,"key":"Bag of Marbles"},{"floor":25.0,"key":"Mummified Hand"},{"floor":26.0,"key":"Blue Candle"},{"floor":31.0,"key":"StoneCalendar"},{"floor":41,"key":"Singing Bowl"},{"floor":43,"key":"Gremlin Horn"},{"floor":47,"key":"Kunai"}],"event_choices":[{"cards_removed":["Strike_G"],"damage_healed":0.0,"max_hp_gain":0.0,"max_hp_loss":0.0,"gold_gain":0.0,"event_name":"NoteForYourself","player_choice":"Took Card","floor":10.0,"gold_loss":0.0,"damage_taken":0.0,"cards_obtained":["Bane"]},{"damage_healed":0.0,"max_hp_gain":0.0,"max_hp_loss":0.0,"gold_gain":0.0,"event_name":"Back to Basics","player_choice":"Simplicity","floor":19.0,"gold_loss":0.0,"damage_taken":0.0,"cards_upgraded":["Defend_G","Defend_G","Defend_G","Defend_G","Defend_G"]},{"damage_healed":0.0,"max_hp_gain":0.0,"max_hp_loss":0.0,"gold_gain":0.0,"event_name":"Wheel of Change","player_choice":"Cursed","floor":20.0,"gold_loss":0.0,"damage_taken":0.0,"cards_obtained":["Decay"]},{"damage_healed":0.0,"max_hp_gain":5.0,"max_hp_loss":0.0,"gold_gain":0.0,"event_name":"Forgotten Altar","player_choice":"Shed Blood","floor":27.0,"gold_loss":0.0,"damage_taken":19.0},{"damage_healed":0.0,"max_hp_gain":0.0,"max_hp_loss":0.0,"gold_gain":0.0,"event_name":"The Library","player_choice":"Read","floor":30.0,"gold_loss":0.0,"damage_taken":0.0,"cards_obtained":["Bane"]},{"damage_healed":0,"gold_gain":100,"player_choice":"Pray","damage_taken":0,"max_hp_gain":0,"max_hp_loss":0,"event_name":"Golden Shrine","floor":37,"gold_loss":0},{"cards_removed":["Quick Slash"],"damage_healed":5,"gold_gain":0,"player_choice":"Offered Common","damage_taken":0,"max_hp_gain":0,"max_hp_loss":0,"event_name":"Bonfire Elementals","floor":39,"gold_loss":0},{"cards_removed":["Quick Slash"],"damage_healed":5,"gold_gain":0,"player_choice":"Offered Special","damage_taken":0,"max_hp_gain":0,"max_hp_loss":0,"event_name":"Bonfire Elementals","floor":39,"gold_loss":0},{"damage_healed":0,"gold_gain":0,"player_choice":"Paid","damage_taken":0,"relics_obtained":["Red Mask"],"max_hp_gain":0,"max_hp_loss":0,"event_name":"Tomb of Lord Red Mask","floor":46,"gold_loss":119}],"is_beta":true,"boss_relics":[{"not_picked":["Lizard Tail","Tiny House"],"picked":"Astrolabe"},{"not_picked":["Orrery","Snecko Eye"],"picked":"Coffee Dripper"}],"items_purged_floors":[3,28,38],"is_endless":false,"potions_floor_spawned":[5,7,11,16,18,21,25,33,36,42,48],"ascension_level":0}