{"gold_per_floor":[20,30,30,43,59,59,88,88,115,149,149,165,192,222,222,317,317,329,329,344,96,114,114],"floor_reached":23,"playtime":1165,"items_purged":[],"score":287,"play_id":"8c7d2667-aa49-4e2d-b08f-1706284ff551","local_time":"20190823111021","is_ascension_mode":true,"campfire_choices":[{"data":"Dash","floor":6,"key":"SMITH"},{"data":"Cloak And Dagger","floor":11,"key":"SMITH"},{"data":"Burst","floor":15,"key":"SMITH"}],"neow_cost":"NO_GOLD","seed_source_timestamp":36229096721608,"circlet_count":0,"master_deck":["Strike_G","Strike_G","Strike_G","Defend_G","Defend_G","Defend_G","Defend_G","Defend_G","Survivor","Neutralize+1","Dagger Spray+1","Dash+1","Flying Knee","Terror+1","Cloak And Dagger+1","Blade Dance","Noxious Fumes+1","Deadly Poison","Blade Dance","Burst+1","Poisoned Stab","Corpse Explosion","Dodge and Roll+1","Skewer","Cloak And Dagger+1","Noxious Fumes","Caltrops"],"relics":["Ring of the Snake","Whetstone","Dream Catcher","Boot","Orichalcum","Odd Mushroom","Calling Bell","Pen Nib","Toxic Egg 2","FossilizedHelix","Membership Card"],"potions_floor_usage":[14,16],"damage_taken":[{"damage":0,"enemies":"Small Slimes","floor":1,"turns":3},{"damage":0,"enemies":"Cultist","floor":2,"turns":4},{"damage":0,"enemies":"2 Louse","floor":4,"turns":2},{"damage":0,"enemies":"Exordium Wildlife","floor":5,"turns":3},{"damage":19,"enemies":"Lagavulin","floor":7,"turns":6},{"damage":8,"enemies":"Gremlin Nob","floor":10,"turns":4},{"damage":0,"enemies":"Lots of Slimes","floor":12,"turns":1},{"damage":3,"enemies":"Lagavulin","floor":13,"turns":4},{"damage":0,"enemies":"The Mushroom Lair","floor":14,"turns":3},{"damage":0,"enemies":"Slime Boss","floor":16,"turns":6},{"damage":5,"enemies":"Spheric Guardian","floor":18,"turns":5},{"damage":0,"enemies":"3 Byrds","floor":20,"turns":3},{"damage":15,"enemies":"Centurion and Healer","floor":22,"turns":5},{"damage":54,"enemies":"Slavers","floor":23,"turns":4}],"seed_played":"1856019561378639754","potions_obtained":[{"floor":2,"key":"Strength Potion"},{"floor":4,"key":"Fire Potion"},{"floor":12,"key":"SteroidPotion"},{"floor":16,"key":"Dexterity Potion"},{"floor":20,"key":"GamblersBrew"}],"is_trial":false,"path_per_floor":["M","M","?","M","M","R","E","?","T","E","R","M","E","?","R","B",null,"M","?","M","$","M","E"],"character_chosen":"THE_SILENT","items_purchased":["Membership Card","Cloak And Dagger+1","Noxious Fumes"],"campfire_rested":0,"item_purchase_floors":[21,21,21],"current_hp_per_floor":[70,70,70,70,70,70,51,51,51,43,43,43,40,40,40,40,70,65,65,65,65,50,0],"gold":114,"neow_bonus":"TRANSFORM_TWO_CARDS","is_prod":false,"is_daily":false,"chose_seed":false,"campfire_upgraded":3,"win_rate":0,"timestamp":1566547821,"path_taken":["M","M","?","M","M","R","E","?","T","E","R","?","E","?","R","BOSS","M","?","?","$","M","E"],"build_version":"2019-07-17","purchased_purges":0,"victory":false,"max_hp_per_floor":[70,70,70,70,70,70,70,70,70,70,70,70,70,70,70,70,70,70,70,70,70,70,70],"card_choices":[{"not_picked":["Accuracy","Reflex"],"picked":"Flying Knee","floor":1},{"not_picked":["Deadly Poison","Reflex"],"picked":"Terror","floor":2},{"not_picked":["Catalyst","Quick Slash"],"picked":"Cloak And Dagger","floor":4},{"not_picked":["Bane","Acrobatics"],"picked":"Blade Dance","floor":5},{"not_picked":["Cloak And Dagger","Slice"],"picked":"Noxious Fumes","floor":7},{"not_picked":["Grand Finale","Choke"],"picked":"Deadly Poison","floor":10},{"not_picked":["Underhanded Strike","Acrobatics"],"picked":"Blade Dance","floor":12},{"not_picked":["Quick Slash","Sucker Punch"],"picked":"Burst","floor":13},{"not_picked":["Blade Dance","Slice"],"picked":"Poisoned Stab","floor":14},{"not_picked":["Malaise","Phantasmal Killer"],"picked":"Corpse Explosion","floor":16},{"not_picked":["Poisoned Stab","Eviscerate+1"],"picked":"Dodge and Roll+1","floor":18},{"not_picked":["Footwork","Dagger Throw"],"picked":"Skewer","floor":20},{"not_picked":["Heel Hook+1","Dagger Throw"],"picked":"Caltrops","floor":22}],"player_experience":157151,"relics_obtained":[{"floor":7,"key":"Whetstone"},{"floor":9,"key":"Dream Catcher"},{"floor":10,"key":"Boot"},{"floor":13,"key":"Orichalcum"},{"floor":14,"key":"Odd Mushroom"},{"floor":17,"key":"Pen Nib"},{"floor":17,"key":"Toxic Egg 2"},{"floor":17,"key":"FossilizedHelix"}],"event_choices":[{"damage_healed":0,"gold_gain":0,"player_choice":"Grow","damage_taken":0,"max_hp_gain":0,"max_hp_loss":0,"event_name":"Living Wall","floor":3,"gold_loss":0,"cards_upgraded":["Terror"]},{"damage_healed":0,"gold_gain":0,"player_choice":"Upgraded","damage_taken":0,"max_hp_gain":0,"max_hp_loss":0,"event_name":"Upgrade Shrine","floor":8,"gold_loss":0,"cards_upgraded":["Noxious Fumes"]},{"damage_healed":0,"gold_gain":0,"player_choice":"Fought Mushrooms","damage_taken":0,"max_hp_gain":0,"max_hp_loss":0,"event_name":"Mushrooms","floor":14,"gold_loss":0},{"cards_removed":["Shame","Normality","Injury"],"damage_healed":0,"gold_gain":0,"player_choice":"Removed Curses","damage_taken":0,"max_hp_gain":0,"max_hp_loss":0,"event_name":"Fountain of Cleansing","floor":19,"gold_loss":0}],"is_beta":false,"boss_relics":[{"not_picked":["Velvet Choker","Busted Crown"],"picked":"Calling Bell"}],"items_purged_floors":[],"is_endless":false,"potions_floor_spawned":[2,4,12,13,16,20],"killed_by":"Slavers","ascension_level":2}