{"gold_per_floor":[109,126,126,138,149,179,179,179,204,204,204,279,279,95,95,192,192,205,159,170,185,199,199,213,213,213,233,84,98,21,21,21,21],"floor_reached":33,"playtime":1825,"items_purged":["Strike_R"],"score":247,"play_id":"48550be1-82bc-45b6-b9bf-66a997b44126","local_time":"20190829170823","is_ascension_mode":false,"campfire_choices":[{"data":"Flame Barrier","floor":7,"key":"SMITH"},{"data":"Seeing Red","floor":10,"key":"SMITH"},{"data":"Cleave","floor":13,"key":"SMITH"},{"floor":15,"key":"REST"},{"floor":23,"key":"REST"},{"floor":32,"key":"REST"}],"neow_cost":"NONE","seed_source_timestamp":1359114873346208,"circlet_count":0,"master_deck":["Strike_R","Strike_R","Defend_R","Defend_R","Defend_R","Bash","Flame Barrier+1","Seeing Red+1","Shockwave","Cleave+1","Thunderclap","Headbutt","Armaments","Feed","Clothesline","Warcry","Seeing Red","Dual Wield+1","Battle Trance","Pommel Strike","Ghostly Armor+1","Dropkick","Inflame","Seeing Red","Burning Pact"],"relics":["Burning Blood","Shuriken","Ice Cream","Bronze Scales","Lizard Tail","Regal Pillow"],"potions_floor_usage":[16,29,33,33,33],"damage_taken":[{"damage":1,"enemies":"Cultist","floor":1,"turns":3},{"damage":8,"enemies":"Jaw Worm","floor":2,"turns":4},{"damage":5,"enemies":"Small Slimes","floor":4,"turns":3},{"damage":13,"enemies":"2 Fungi Beasts","floor":5,"turns":4},{"damage":32,"enemies":"Lagavulin","floor":6,"turns":7},{"damage":45,"enemies":"Slime Boss","floor":16,"turns":11},{"damage":20,"enemies":"3 Byrds","floor":18,"turns":3},{"damage":17,"enemies":"Chosen","floor":20,"turns":4},{"damage":16,"enemies":"Snake Plant","floor":21,"turns":4},{"damage":30,"enemies":"Shelled Parasite and Fungi","floor":22,"turns":7},{"damage":14,"enemies":"Centurion and Healer","floor":24,"turns":8},{"damage":32,"enemies":"Sentry and Sphere","floor":27,"turns":7},{"damage":17,"enemies":"Cultist and Chosen","floor":29,"turns":8},{"damage":147,"enemies":"Automaton","floor":33,"turns":14}],"seed_played":"7531959178682022109","potions_obtained":[{"floor":1,"key":"BloodPotion"},{"floor":2,"key":"GamblersBrew"},{"floor":6,"key":"Fire Potion"},{"floor":16,"key":"Block Potion"},{"floor":29,"key":"GamblersBrew"}],"is_trial":false,"path_per_floor":["M","M","T","M","M","E","R","?","T","R","?","?","R","$","R","B",null,"M","$","M","M","M","R","M","?","T","M","$","M","$","?","R","B"],"character_chosen":"IRONCLAD","items_purchased":["Dramatic Entrance","Headbutt","Armaments","Warcry","Dropkick","Seeing Red"],"campfire_rested":3,"item_purchase_floors":[14,14,14,19,28,30],"current_hp_per_floor":[80,78,78,79,72,46,46,46,46,46,39,28,28,28,52,13,80,69,69,58,48,27,52,44,44,44,24,24,13,13,13,55,0],"gold":21,"neow_bonus":"REMOVE_CARD","is_prod":false,"is_daily":false,"chose_seed":false,"campfire_upgraded":3,"win_rate":0,"timestamp":1567091303,"path_taken":["M","M","?","M","M","E","R","?","T","R","?","?","R","$","R","BOSS","M","$","M","M","M","R","M","?","T","?","$","M","?","?","R","BOSS"],"build_version":"2019-07-17","purchased_purges":1,"victory":false,"max_hp_per_floor":[80,80,80,80,80,80,80,80,80,80,80,80,80,80,80,80,80,83,83,83,83,86,86,86,86,86,92,92,92,92,92,92,92],"card_choices":[{"not_picked":["Wild Strike","Corruption"],"picked":"Flame Barrier","floor":1},{"not_picked":["Warcry","Metallicize"],"picked":"Seeing Red","floor":2},{"not_picked":["Intimidate","Dropkick"],"picked":"Shockwave","floor":4},{"not_picked":["Wild Strike","Flex"],"picked":"Cleave","floor":5},{"not_picked":["Juggernaut","Fire Breathing"],"picked":"Thunderclap","floor":6},{"not_picked":["Berserk","Brutality"],"picked":"Feed","floor":16},{"not_picked":["Twin Strike","Flex"],"picked":"Clothesline","floor":18},{"not_picked":["Fire Breathing+1","Cleave+1"],"picked":"Seeing Red","floor":20},{"not_picked":["Body Slam","Spot Weakness+1"],"picked":"Dual Wield+1","floor":21},{"not_picked":["Clothesline","Cleave"],"picked":"Battle Trance","floor":22},{"not_picked":["Shockwave","Iron Wave+1"],"picked":"Pommel Strike","floor":24},{"not_picked":["Armaments","Iron Wave"],"picked":"Ghostly Armor+1","floor":27},{"not_picked":["Wild Strike+1","Clothesline+1"],"picked":"Inflame","floor":29}],"player_experience":86978,"relics_obtained":[{"floor":3,"key":"Shuriken"},{"floor":6,"key":"Ice Cream"},{"floor":9,"key":"Bronze Scales"},{"floor":26,"key":"Regal Pillow"}],"event_choices":[{"damage_healed":0,"gold_gain":0,"player_choice":"Ignored","damage_taken":0,"max_hp_gain":0,"max_hp_loss":0,"event_name":"Golden Idol","floor":8,"gold_loss":0},{"cards_removed":["Strike_R"],"damage_healed":0,"gold_gain":0,"player_choice":"Card Removal","damage_taken":7,"max_hp_gain":0,"max_hp_loss":0,"event_name":"Golden Wing","floor":11,"gold_loss":0},{"damage_healed":0,"gold_gain":75,"player_choice":"Gather Gold","damage_taken":11,"max_hp_gain":0,"max_hp_loss":0,"event_name":"World of Goop","floor":12,"gold_loss":0},{"cards_removed":["Dramatic Entrance"],"damage_healed":0,"gold_gain":0,"player_choice":"Purged","damage_taken":0,"max_hp_gain":0,"max_hp_loss":0,"event_name":"Purifier","floor":25,"gold_loss":0},{"damage_healed":0,"gold_gain":0,"cards_transformed":["Strike_R"],"player_choice":"Transformed","damage_taken":0,"max_hp_gain":0,"max_hp_loss":0,"event_name":"Transmorgrifier","floor":31,"gold_loss":0,"cards_obtained":["Burning Pact"]}],"is_beta":false,"boss_relics":[{"not_picked":["Coffee Dripper","Black Star"],"picked":"Lizard Tail"}],"items_purged_floors":[28],"is_endless":false,"potions_floor_spawned":[1,2,6,16,21,22,27,29],"killed_by":"Automaton","ascension_level":0}