{"gold_per_floor":[112,112,22,40,52,52,87,105,153,171,186,186,224,249,249,338,338,351,364,6,6,56,74,74,74],"floor_reached":25,"playtime":1722,"items_purged":["Strike_R"],"score":376,"play_id":"f5e7e9e8-2927-4a36-8ecf-be86c7f3e81f","local_time":"20190830183834","is_ascension_mode":true,"campfire_choices":[{"data":"Pommel Strike","floor":6,"key":"SMITH"},{"data":"Metallicize","floor":15,"key":"SMITH"},{"data":"Metallicize","floor":24,"key":"SMITH"}],"neow_cost":"NONE","seed_source_timestamp":161644868680100,"circlet_count":0,"master_deck":["AscendersBane","Strike_R","Strike_R+1","Defend_R+1","Defend_R","Defend_R+1","Defend_R+1","Bash+1","Twin Strike","Metallicize+1","Iron Wave","Carnage","Pommel Strike+1","Dark Embrace","Hemokinesis","Cleave","Spot Weakness","Shrug It Off","Metallicize","Exhume","Feel No Pain","Spot Weakness","Metallicize+1"],"relics":["Burning Blood","The Courier","PreservedInsect","Golden Idol","War Paint","Empty Cage","Calipers"],"potions_floor_usage":[11,18,23,25],"damage_taken":[{"damage":0,"enemies":"2 Louse","floor":1,"turns":3},{"damage":6,"enemies":"Small Slimes","floor":4,"turns":4},{"damage":7,"enemies":"Jaw Worm","floor":5,"turns":4},{"damage":21,"enemies":"Gremlin Nob","floor":7,"turns":4},{"damage":7,"enemies":"2 Fungi Beasts","floor":8,"turns":4},{"damage":9,"enemies":"3 Louse","floor":10,"turns":3},{"damage":4,"enemies":"Gremlin Gang","floor":11,"turns":5},{"damage":10,"enemies":"3 Sentries","floor":13,"turns":4},{"damage":2,"enemies":"2 Fungi Beasts","floor":14,"turns":3},{"damage":28,"enemies":"The Guardian","floor":16,"turns":13},{"damage":20,"enemies":"2 Thieves","floor":18,"turns":5},{"damage":15,"enemies":"Chosen","floor":19,"turns":8},{"damage":24,"enemies":"Snake Plant","floor":23,"turns":7},{"damage":32,"enemies":"Book of Stabbing","floor":25,"turns":5}],"seed_played":"-8115209326981691271","potions_obtained":[{"floor":5,"key":"Ancient Potion"},{"floor":10,"key":"AttackPotion"},{"floor":14,"key":"SpeedPotion"},{"floor":16,"key":"Swift Potion"},{"floor":18,"key":"EssenceOfSteel"},{"floor":23,"key":"GamblersBrew"}],"is_trial":false,"path_per_floor":["M","?","$","M","M","R","E","M","T","M","M","?","E","M","R","B",null,"M","M","$","?","?","M","R","E"],"character_chosen":"IRONCLAD","items_purchased":["Metallicize","Iron Wave","Calipers","Metallicize"],"campfire_rested":0,"item_purchase_floors":[3,3,20,20],"current_hp_per_floor":[74,51,51,51,50,50,35,34,34,31,33,33,29,33,33,11,54,40,31,31,45,45,27,27,0],"gold":74,"neow_bonus":"UPGRADE_CARD","is_prod":false,"is_daily":false,"chose_seed":false,"campfire_upgraded":3,"win_rate":0,"timestamp":1567208314,"path_taken":["M","?","$","M","M","R","E","M","T","M","M","?","E","M","R","BOSS","M","M","$","?","?","M","R","E"],"build_version":"2019-07-17","purchased_purges":1,"victory":false,"max_hp_per_floor":[75,75,75,75,75,75,75,75,75,75,75,68,68,68,68,68,68,68,68,68,68,68,68,68,68],"card_choices":[{"not_picked":["Corruption","Heavy Blade"],"picked":"Twin Strike","floor":1},{"not_picked":["Shrug It Off","Twin Strike"],"picked":"Carnage","floor":4},{"not_picked":["Second Wind","Burning Pact"],"picked":"Pommel Strike","floor":5},{"not_picked":["Pommel Strike","Pummel"],"picked":"Dark Embrace","floor":7},{"not_picked":["Clash","Body Slam"],"picked":"Hemokinesis","floor":8},{"not_picked":["Anger","Havoc"],"picked":"Cleave","floor":10},{"not_picked":["Heavy Blade","Clothesline"],"picked":"Spot Weakness","floor":11},{"not_picked":["Headbutt","Flex"],"picked":"Shrug It Off","floor":13},{"not_picked":["Anger","Double Tap"],"picked":"Metallicize","floor":14},{"not_picked":["Dark Embrace","Fiend Fire"],"picked":"Exhume","floor":16},{"not_picked":["Clash","Searing Blow"],"picked":"Feel No Pain","floor":18},{"not_picked":["Bloodletting","Pommel Strike"],"picked":"Spot Weakness","floor":19},{"not_picked":["Heavy Blade","Fire Breathing","Cleave"],"picked":"SKIP","floor":23}],"player_experience":691522,"relics_obtained":[{"floor":7,"key":"The Courier"},{"floor":9,"key":"PreservedInsect"},{"floor":13,"key":"War Paint"}],"event_choices":[{"damage_healed":0,"gold_gain":0,"player_choice":"Entered Light","damage_taken":23,"max_hp_gain":0,"max_hp_loss":0,"event_name":"Shining Light","floor":2,"gold_loss":0,"cards_upgraded":["Defend_R","Strike_R"]},{"damage_healed":0,"gold_gain":0,"player_choice":"Lose Max HP","damage_taken":0,"relics_obtained":["Golden Idol"],"max_hp_gain":0,"max_hp_loss":7,"event_name":"Golden Idol","floor":12,"gold_loss":0},{"damage_healed":14,"gold_gain":0,"player_choice":"Heal","damage_taken":0,"max_hp_gain":0,"max_hp_loss":0,"event_name":"The Library","floor":21,"gold_loss":0},{"damage_healed":0,"gold_gain":50,"player_choice":"Stole From Cult","damage_taken":0,"max_hp_gain":0,"max_hp_loss":0,"event_name":"Nest","floor":22,"gold_loss":0}],"is_beta":false,"boss_relics":[{"not_picked":["Velvet Choker","Pandora\u0027s Box"],"picked":"Empty Cage"}],"items_purged_floors":[20],"is_endless":false,"potions_floor_spawned":[5,10,14,16,18,23],"killed_by":"Book of Stabbing","ascension_level":15}