{"gold_per_floor":[114,114,114,114,134,161,161,176,176,196,196,231,241,257,257,357,357,376,376,389,406,425,425,450,450,480,224,251,268,294,313,313,415,415,426,172,172,183,198,198,224,224,304,331,350,367,392,405,405,405,405,405,80,105,105],"floor_reached":56,"playtime":6175,"items_purged":["Pain"],"score":1422,"play_id":"0ebfe49e-120b-484a-b02e-210179040c2c","local_time":"20190828132753","is_ascension_mode":true,"campfire_choices":[{"data":"Predator","floor":7.0,"key":"SMITH"},{"data":"Envenom","floor":11.0,"key":"SMITH"},{"data":"Dash","floor":15.0,"key":"SMITH"},{"data":"Bullet Time","floor":23.0,"key":"SMITH"},{"data":"Panacea","floor":25.0,"key":"SMITH"},{"data":"Expertise","floor":32.0,"key":"SMITH"},{"floor":40.0,"key":"RECALL"},{"data":"Bullet Time","floor":42.0,"key":"SMITH"},{"floor":49.0,"key":"REST"},{"data":"Leg Sweep","floor":52,"key":"SMITH"}],"neow_cost":"NONE","seed_source_timestamp":0,"circlet_count":0,"master_deck":["Survivor","Neutralize","Dagger Spray","Panacea+1","Predator+1","Dash+1","Envenom+1","Leg Sweep+1","Footwork","Bullet Time+1","Choke","Deadly Poison","Expertise+1","After Image","Backflip","Accuracy","Dash","Finisher","Outmaneuver","Infinite Blades","Dash+1","Acrobatics+1","Blade Dance+1","Bullet Time+1","Writhe","Caltrops+1","PiercingWail+1","Caltrops+1"],"special_seed":0,"relics":["Ring of the Snake","NeowsBlessing","FossilizedHelix","Blue Candle","Matryoshka","Pandora\u0027s Box","Bronze Scales","Tiny Chest","Happy Flower","Paper Crane","Oddly Smooth Stone","Smiling Mask","Bottled Tornado","Cursed Key","Bottled Lightning","Frozen Egg 2","Meat on the Bone","Question Card","Anchor","Ninja Scroll","Snake Skull","Mummified Hand"],"potions_floor_usage":[50,55],"damage_taken":[{"damage":0.0,"enemies":"Cultist","floor":1.0,"turns":1.0},{"damage":0.0,"enemies":"2 Louse","floor":5.0,"turns":1.0},{"damage":0.0,"enemies":"Gremlin Nob","floor":6.0,"turns":1.0},{"damage":0.0,"enemies":"Jaw Worm","floor":8.0,"turns":3.0},{"damage":0.0,"enemies":"Blue Slaver","floor":10.0,"turns":3.0},{"damage":8.0,"enemies":"3 Sentries","floor":12.0,"turns":6.0},{"damage":0.0,"enemies":"Exordium Thugs","floor":13.0,"turns":7.0},{"damage":0.0,"enemies":"Exordium Wildlife","floor":14.0,"turns":3.0},{"damage":31.0,"enemies":"The Guardian","floor":16.0,"turns":11.0},{"damage":0.0,"enemies":"Chosen","floor":18.0,"turns":4.0},{"damage":0.0,"enemies":"3 Byrds","floor":20.0,"turns":5.0},{"damage":0.0,"enemies":"Centurion and Healer","floor":21.0,"turns":8.0},{"damage":0.0,"enemies":"Snake Plant","floor":22.0,"turns":4.0},{"damage":0.0,"enemies":"Slavers","floor":24.0,"turns":6.0},{"damage":0.0,"enemies":"Shelled Parasite and Fungi","floor":29.0,"turns":4.0},{"damage":0.0,"enemies":"Book of Stabbing","floor":30.0,"turns":5.0},{"damage":0.0,"enemies":"Centurion and Healer","floor":31.0,"turns":6.0},{"damage":0.0,"enemies":"Collector","floor":33.0,"turns":10.0},{"damage":0.0,"enemies":"Orb Walker","floor":35.0,"turns":2.0},{"damage":0.0,"enemies":"3 Shapes","floor":38.0,"turns":3.0},{"damage":9.0,"enemies":"Writhing Mass","floor":39.0,"turns":5.0},{"damage":7.0,"enemies":"Nemesis","floor":41.0,"turns":7.0},{"damage":5.0,"enemies":"Reptomancer","floor":44.0,"turns":7.0},{"damage":6.0,"enemies":"3 Darklings","floor":45.0,"turns":4.0},{"damage":1.0,"enemies":"Jaw Worm Horde","floor":46.0,"turns":4.0},{"damage":0.0,"enemies":"Giant Head","floor":47.0,"turns":6.0},{"damage":0.0,"enemies":"Spire Growth","floor":48.0,"turns":4.0},{"damage":49,"enemies":"Time Eater","floor":50,"turns":11},{"damage":23,"enemies":"Shield and Spear","floor":54,"turns":7},{"damage":42,"enemies":"The Heart","floor":55,"turns":9}],"seed_played":"519942957557159739","potions_obtained":[{"floor":5.0,"key":"LiquidBronze"},{"floor":6.0,"key":"GamblersBrew"},{"floor":13.0,"key":"FearPotion"},{"floor":16.0,"key":"Fire Potion"},{"floor":20.0,"key":"EssenceOfSteel"},{"floor":21.0,"key":"Weak Potion"},{"floor":22.0,"key":"PowerPotion"},{"floor":35.0,"key":"PowerPotion"},{"floor":39.0,"key":"SpeedPotion"}],"is_trial":false,"path_per_floor":["M","?","$","T","M","E","R","M","T","M","R","E","M","M","R","B",null,"M","?","M","M","M","R","E","R","T","$","T","M","E","M","R","B",null,"M","$","T","M","M","R","E","R","T","E","M","M","E","M","R","B",null,"R","$","E","B",null],"character_chosen":"THE_SILENT","items_purchased":["Paper Crane","Bottled Lightning","Caltrops+1","Snake Skull","SteroidPotion"],"campfire_rested":1,"item_purchase_floors":[27,36,53,53,53],"current_hp_per_floor":[70,70,70,70,70,70,70,70,70,70,70,62,62,62,62,31,70,70,80,80,80,80,80,80,80,80,80,80,80,80,80,80,80,80,80,80,80,80,71,71,64,64,64,59,53,52,52,52,76,39,80,80,80,57,27],"gold":105,"neow_bonus":"THREE_ENEMY_KILL","is_prod":false,"is_daily":false,"chose_seed":false,"campfire_upgraded":8,"win_rate":0,"timestamp":1566988073,"path_taken":["M","?","$","?","M","E","R","M","T","M","R","E","M","?","R","BOSS","M","?","M","M","M","R","E","R","T","$","?","M","E","M","R","BOSS","M","$","?","M","M","R","E","R","T","E","?","M","E","M","R","BOSS","R","$","E","BOSS"],"build_version":"2019-07-17","purchased_purges":1,"victory":true,"max_hp_per_floor":[70,70,70,70,70,70,70,70,70,70,70,70,70,70,70,70,70,70,80,80,80,80,80,80,80,80,80,80,80,80,80,80,80,80,80,80,80,80,80,80,80,80,80,80,80,80,80,80,80,80,80,80,80,80,80],"card_choices":[{"not_picked":["Blade Dance","PiercingWail"],"picked":"Dagger Spray","floor":1.0},{"not_picked":["Deflect","Sucker Punch"],"picked":"Predator","floor":5.0},{"not_picked":["Reflex","Slice"],"picked":"Dash","floor":6.0},{"not_picked":["Outmaneuver","Sucker Punch","Choke"],"picked":"SKIP","floor":8.0},{"not_picked":["Cloak And Dagger","Bane"],"picked":"Envenom","floor":10.0},{"not_picked":["Flying Knee","Blade Dance"],"picked":"Leg Sweep","floor":12.0},{"not_picked":["Dagger Spray","Underhanded Strike","Outmaneuver"],"picked":"SKIP","floor":13.0},{"not_picked":["Dagger Spray","Dash"],"picked":"Footwork","floor":14.0},{"not_picked":["Wraith Form v2","Unload"],"picked":"Bullet Time","floor":16.0},{"not_picked":["Outmaneuver","Prepared"],"picked":"Infinite Blades","floor":18.0},{"not_picked":["Eviscerate","Dodge and Roll","Underhanded Strike"],"picked":"SKIP","floor":20.0},{"not_picked":["Prepared","Outmaneuver"],"picked":"Dash+1","floor":21.0},{"not_picked":["Bane","Backflip+1"],"picked":"Acrobatics+1","floor":22.0},{"not_picked":["Phantasmal Killer","Predator"],"picked":"Blade Dance+1","floor":24.0},{"not_picked":["Prepared","Bane","Endless Agony+1"],"picked":"SKIP","floor":29.0},{"not_picked":["Underhanded Strike","Heel Hook","Deflect"],"picked":"SKIP","floor":30.0},{"not_picked":["Skewer","Slice","Choke"],"picked":"SKIP","floor":31.0},{"not_picked":["Glass Knife","After Image"],"picked":"Bullet Time","floor":33.0},{"not_picked":["Tactician+1","Deadly Poison","Quick Slash"],"picked":"SKIP","floor":35.0},{"not_picked":["Backflip+1","Accuracy+1","Prepared"],"picked":"SKIP","floor":38.0},{"not_picked":["Dagger Spray+1","Deflect","Outmaneuver+1"],"picked":"SKIP","floor":39.0},{"not_picked":["Bullet Time","Skewer+1","Phantasmal Killer"],"picked":"SKIP","floor":41.0},{"not_picked":["Deadly Poison","Prepared+1","PiercingWail"],"picked":"Caltrops+1","floor":44.0},{"not_picked":["Outmaneuver","Deflect+1","Acrobatics","Endless Agony"],"picked":"SKIP","floor":45.0},{"not_picked":["Dagger Spray+1","Dodge and Roll+1","Prepared"],"picked":"PiercingWail+1","floor":46.0},{"not_picked":["Concentrate","Dagger Throw+1","Underhanded Strike+1","PiercingWail+1"],"picked":"SKIP","floor":47.0},{"not_picked":["Flying Knee","Sucker Punch","Backflip+1","Underhanded Strike+1"],"picked":"SKIP","floor":48.0},{"not_picked":["Dagger Spray","Blade Dance+1","Quick Slash+1","Dagger Throw+1"],"picked":"SKIP","floor":54}],"player_experience":207129,"relics_obtained":[{"floor":6.0,"key":"FossilizedHelix"},{"floor":9.0,"key":"Blue Candle"},{"floor":12.0,"key":"Matryoshka"},{"floor":24.0,"key":"Bronze Scales"},{"floor":26.0,"key":"Tiny Chest"},{"floor":26.0,"key":"Happy Flower"},{"floor":28.0,"key":"Oddly Smooth Stone"},{"floor":28.0,"key":"Smiling Mask"},{"floor":30.0,"key":"Bottled Tornado"},{"floor":37.0,"key":"Frozen Egg 2"},{"floor":41.0,"key":"Meat on the Bone"},{"floor":43.0,"key":"Question Card"},{"floor":44.0,"key":"Anchor"},{"floor":47.0,"key":"Ninja Scroll"},{"floor":54,"key":"Mummified Hand"}],"event_choices":[{"damage_healed":0.0,"max_hp_gain":0.0,"max_hp_loss":0.0,"gold_gain":0.0,"event_name":"Match and Keep!","player_choice":"1 cards matched","floor":2.0,"gold_loss":0.0,"damage_taken":0.0,"cards_obtained":["Panacea"]},{"cards_removed":["Grand Finale"],"damage_healed":0.0,"max_hp_gain":10.0,"max_hp_loss":0.0,"gold_gain":0.0,"event_name":"Bonfire Elementals","player_choice":"Offered Rare","floor":19.0,"gold_loss":0.0,"damage_taken":0.0}],"is_beta":false,"boss_relics":[{"not_picked":["Lizard Tail","Fusion Hammer"],"picked":"Pandora\u0027s Box"},{"not_picked":["Runic Dome","Coffee Dripper"],"picked":"Cursed Key"}],"items_purged_floors":[53],"is_endless":false,"potions_floor_spawned":[5,6,13,14,16,18,20,21,22,33,35,39,45,54],"ascension_level":1}