{"gold_per_floor":[111,123,138,63,63,63,89,101,101,126,126,126,126,201,201,201],"floor_reached":16,"playtime":741,"items_purged":[],"score":189,"play_id":"da295619-3768-4fd2-982d-4d3b9ab07c1f","local_time":"20190831012135","is_ascension_mode":true,"campfire_choices":[{"data":"Cleave","floor":6,"key":"SMITH"},{"data":"Whirlwind","floor":12,"key":"SMITH"},{"data":"Headbutt","floor":15,"key":"SMITH"}],"neow_cost":"NONE","seed_source_timestamp":14603411175300,"circlet_count":0,"master_deck":["AscendersBane","Strike_R","Strike_R","Strike_R","Strike_R","Defend_R","Defend_R","Defend_R","Defend_R","Bash","Cleave+1","Headbutt+1","Headbutt","Reaper","Armaments+1","Whirlwind+1"],"relics":["Burning Blood","NeowsBlessing","Dream Catcher","Ice Cream","Toxic Egg 2","Question Card"],"potions_floor_usage":[7,10,16],"damage_taken":[{"damage":0,"enemies":"2 Louse","floor":1,"turns":1},{"damage":0,"enemies":"Jaw Worm","floor":2,"turns":1},{"damage":0,"enemies":"Small Slimes","floor":3,"turns":1},{"damage":30,"enemies":"3 Sentries","floor":7,"turns":6},{"damage":11,"enemies":"2 Fungi Beasts","floor":8,"turns":4},{"damage":14,"enemies":"Gremlin Nob","floor":10,"turns":4},{"damage":52,"enemies":"Slime Boss","floor":16,"turns":6}],"seed_played":"8929634471759982962","potions_obtained":[{"floor":3,"key":"Swift Potion"},{"floor":7,"key":"EssenceOfSteel"},{"floor":10,"key":"Block Potion"}],"is_trial":false,"path_per_floor":["M","M","M","?","?","R","E","M","T","E","?","R","?","?","R","B"],"character_chosen":"IRONCLAD","items_purchased":[],"campfire_rested":0,"item_purchase_floors":[],"current_hp_per_floor":[74,75,75,75,57,57,33,36,36,28,53,53,53,42,42,0],"gold":201,"neow_bonus":"THREE_ENEMY_KILL","is_prod":false,"is_daily":false,"chose_seed":false,"campfire_upgraded":3,"win_rate":0,"timestamp":1567232495,"path_taken":["M","M","M","?","?","R","E","M","T","E","?","R","?","?","R","BOSS"],"build_version":"2019-07-17","purchased_purges":0,"victory":false,"max_hp_per_floor":[75,75,75,75,75,75,75,75,75,75,75,75,75,75,75,75],"card_choices":[{"not_picked":["Armaments","True Grit"],"picked":"Cleave","floor":1},{"not_picked":["Ghostly Armor","Perfected Strike"],"picked":"Headbutt","floor":2},{"not_picked":["Clash","Intimidate"],"picked":"Headbutt","floor":3},{"not_picked":["Intimidate","Thunderclap"],"picked":"Reaper","floor":7},{"not_picked":["Wild Strike","Sword Boomerang"],"picked":"Armaments","floor":8},{"not_picked":["Flex+1","Hemokinesis"],"picked":"Whirlwind","floor":10}],"player_experience":699528,"relics_obtained":[{"floor":7,"key":"Ice Cream"},{"floor":9,"key":"Toxic Egg 2"},{"floor":10,"key":"Question Card"}],"event_choices":[{"cards_removed":["Strike_R"],"damage_healed":0,"gold_gain":0,"player_choice":"Card Removal","damage_taken":0,"max_hp_gain":0,"max_hp_loss":0,"event_name":"The Cleric","floor":4,"gold_loss":75},{"damage_healed":0,"gold_gain":0,"player_choice":"Success","damage_taken":18,"relics_obtained":["Dream Catcher"],"max_hp_gain":0,"max_hp_loss":0,"event_name":"Scrap Ooze","floor":5,"gold_loss":0},{"damage_healed":25,"gold_gain":0,"player_choice":"Banana","damage_taken":0,"max_hp_gain":0,"max_hp_loss":0,"event_name":"Big Fish","floor":11,"gold_loss":0},{"damage_healed":0,"gold_gain":0,"player_choice":"Grow","damage_taken":0,"max_hp_gain":0,"max_hp_loss":0,"event_name":"Living Wall","floor":13,"gold_loss":0,"cards_upgraded":["Armaments"]},{"damage_healed":0,"gold_gain":75,"player_choice":"Gather Gold","damage_taken":11,"max_hp_gain":0,"max_hp_loss":0,"event_name":"World of Goop","floor":14,"gold_loss":0}],"is_beta":false,"boss_relics":[],"items_purged_floors":[],"is_endless":false,"potions_floor_spawned":[3,7,10],"killed_by":"Slime Boss","ascension_level":15}