{"gold_per_floor":[119,135,135,147,222,222,250,250,275,275],"floor_reached":10,"playtime":267,"items_purged":[],"score":69,"play_id":"7c1ecddf-1bff-47f4-b17e-419f827a2387","local_time":"20190902100012","is_ascension_mode":true,"campfire_choices":[{"data":"Zap","floor":6,"key":"SMITH"}],"neow_cost":"CURSE","seed_source_timestamp":896912699915463,"circlet_count":0,"master_deck":["Strike_B","Strike_B","Strike_B","Defend_B","Defend_B","Defend_B","Defend_B","Zap+1","Dualcast","Writhe","Multi-Cast","Gash","BootSequence","Hello World","Consume"],"relics":["Cracked Core","Sundial","Symbiotic Virus","Orichalcum"],"potions_floor_usage":[],"damage_taken":[{"damage":0,"enemies":"Small Slimes","floor":1,"turns":3},{"damage":8,"enemies":"Jaw Worm","floor":2,"turns":3},{"damage":0,"enemies":"2 Louse","floor":4,"turns":2},{"damage":27,"enemies":"Lagavulin","floor":7,"turns":9},{"damage":25,"enemies":"Gremlin Nob","floor":10,"turns":4}],"seed_played":"2087516066283563934","potions_obtained":[{"floor":1,"key":"Dexterity Potion"},{"floor":4,"key":"FocusPotion"}],"is_trial":false,"path_per_floor":["M","M","?","M","?","R","E","T","T","E"],"character_chosen":"DEFECT","items_purchased":[],"campfire_rested":0,"item_purchase_floors":[],"current_hp_per_floor":[75,67,60,60,49,49,22,22,22,0],"gold":275,"neow_bonus":"THREE_RARE_CARDS","is_prod":false,"is_daily":false,"chose_seed":false,"campfire_upgraded":1,"win_rate":0,"timestamp":1567407612,"path_taken":["M","M","?","M","?","R","E","?","T","E"],"build_version":"2019-07-17","purchased_purges":0,"victory":false,"max_hp_per_floor":[75,75,75,75,75,75,75,75,75,75],"card_choices":[{"not_picked":["Rainbow","Buffer"],"picked":"Multi-Cast","floor":0},{"not_picked":["Recycle","Leap"],"picked":"Gash","floor":1},{"not_picked":["Steam Power","Melter"],"picked":"BootSequence","floor":2},{"not_picked":["Glacier","Undo"],"picked":"Hello World","floor":4},{"not_picked":["Doom and Gloom","Recycle"],"picked":"Consume","floor":7}],"player_experience":240883,"relics_obtained":[{"floor":7,"key":"Sundial"},{"floor":8,"key":"Symbiotic Virus"},{"floor":9,"key":"Orichalcum"}],"event_choices":[{"cards_removed":["Strike_B"],"damage_healed":0,"gold_gain":0,"player_choice":"Card Removal","damage_taken":7,"max_hp_gain":0,"max_hp_loss":0,"event_name":"Golden Wing","floor":3,"gold_loss":0},{"damage_healed":0,"gold_gain":75,"player_choice":"Gather Gold","damage_taken":11,"max_hp_gain":0,"max_hp_loss":0,"event_name":"World of Goop","floor":5,"gold_loss":0}],"is_beta":false,"boss_relics":[],"items_purged_floors":[],"is_endless":false,"potions_floor_spawned":[1,4],"killed_by":"Gremlin Nob","ascension_level":1}