{"gold_per_floor":[115,115,40,5,22,22,51,77,101,126,136,153,165,175,175,280,280,264,138,152,20,40,40,52,71,71,21,21,31,31,50,50,152,152,170,189,64,64,14,14,14,14,37,49,49],"floor_reached":45,"playtime":4547,"items_purged":["Defend_B","Defend_B","Defend_B","Strike_B","Zap","Aggregate"],"score":452,"play_id":"e38aee6c-c8de-4ad5-aee3-60e60ef2b1f9","local_time":"20190805205138","is_ascension_mode":false,"campfire_choices":[{"data":"Glacier","floor":6,"key":"SMITH"},{"data":"Rip and Tear","floor":15,"key":"SMITH"},{"floor":23,"key":"REST"},{"data":"Defragment","floor":28,"key":"SMITH"},{"data":"Machine Learning","floor":32,"key":"SMITH"},{"data":"Echo Form","floor":40,"key":"SMITH"},{"data":"Chill","floor":42,"key":"SMITH"}],"neow_cost":"NONE","seed_source_timestamp":341466026823804,"circlet_count":0,"master_deck":["Strike_B","Strike_B","Strike_B","Defend_B+1","Leap","Glacier+1","Glacier+1","Chill+1","Sweeping Beam+1","Machine Learning+1","Rip and Tear+1","Echo Form+1","Conserve Battery","Cold Snap","Capacitor","Cold Snap+1","Coolheaded","Leap","Defragment+1","Melter","Rainbow","Cold Snap+1","Buffer+1","Turbo+1","Defragment+1"],"relics":["Cracked Core","NeowsBlessing","Pen Nib","Smiling Mask","Regal Pillow","War Paint","Orrery","Frozen Egg 2","Runic Pyramid","Whetstone"],"potions_floor_usage":[10,18,31,33],"damage_taken":[{"damage":0,"enemies":"Small Slimes","floor":1,"turns":1},{"damage":0,"enemies":"2 Louse","floor":5,"turns":1},{"damage":0,"enemies":"Lagavulin","floor":7,"turns":2},{"damage":3,"enemies":"3 Sentries","floor":10,"turns":14},{"damage":0,"enemies":"Jaw Worm","floor":11,"turns":5},{"damage":0,"enemies":"Lots of Slimes","floor":12,"turns":5},{"damage":7,"enemies":"3 Louse","floor":13,"turns":3},{"damage":0,"enemies":"Red Slaver","floor":14,"turns":4},{"damage":22,"enemies":"Slime Boss","floor":16,"turns":13},{"damage":13,"enemies":"2 Thieves","floor":18,"turns":4},{"damage":10,"enemies":"Chosen","floor":20,"turns":6},{"damage":18,"enemies":"Snecko","floor":22,"turns":6},{"damage":10,"enemies":"Cultist and Chosen","floor":24,"turns":9},{"damage":12,"enemies":"Snake Plant","floor":25,"turns":7},{"damage":5,"enemies":"Centurion and Healer","floor":29,"turns":7},{"damage":17,"enemies":"3 Cultists","floor":31,"turns":8},{"damage":60,"enemies":"Collector","floor":33,"turns":22},{"damage":35,"enemies":"3 Darklings","floor":35,"turns":14},{"damage":0,"enemies":"Orb Walker","floor":36,"turns":4},{"damage":26,"enemies":"Maw","floor":44,"turns":13},{"damage":25,"enemies":"Reptomancer","floor":45,"turns":2}],"seed_played":"2713621986855742769","potions_obtained":[{"floor":1,"key":"GamblersBrew"},{"floor":5,"key":"Fire Potion"},{"floor":10,"key":"Swift Potion"},{"floor":14,"key":"Swift Potion"},{"floor":20,"key":"SkillPotion"},{"floor":31,"key":"Block Potion"},{"floor":44,"key":"EssenceOfSteel"}],"is_trial":false,"path_per_floor":["M","?","$","?","M","R","E","T","T","E","M","M","M","M","R","B",null,"M","$","M","$","M","R","M","M","T","$","R","M","?","M","R","B",null,"M","M","$","?","$","R","?","R","T","M","E"],"character_chosen":"DEFECT","items_purchased":["Amplify","Defragment","Defragment+1"],"campfire_rested":1,"item_purchase_floors":[19,21,37],"current_hp_per_floor":[75,68,68,75,75,75,75,75,75,72,72,72,65,65,65,43,75,62,62,52,52,34,71,61,49,49,49,49,44,85,68,68,8,85,50,50,50,50,50,50,50,50,50,24,0],"gold":49,"neow_bonus":"THREE_ENEMY_KILL","is_prod":false,"is_daily":false,"chose_seed":false,"campfire_upgraded":6,"win_rate":0.0,"timestamp":1565052698,"path_taken":["M","?","$","?","M","R","E","?","T","E","M","M","M","M","R","BOSS","M","?","M","$","?","R","M","M","T","$","R","M","?","?","R","BOSS","M","M","$","?","?","R","?","R","T","M","E"],"build_version":"2019-07-17","purchased_purges":6,"victory":false,"max_hp_per_floor":[75,75,75,75,75,75,75,75,75,75,75,75,75,75,75,75,75,75,75,75,75,75,75,75,75,75,75,75,75,85,85,85,85,85,85,85,85,85,85,85,85,85,85,85,85],"card_choices":[{"not_picked":["FTL","Rebound"],"picked":"Leap","floor":1},{"not_picked":["Hologram","Sunder"],"picked":"Glacier","floor":5},{"not_picked":["Sweeping Beam","Redo"],"picked":"Glacier","floor":7},{"not_picked":["Conserve Battery","Hello World"],"picked":"Chill","floor":10},{"not_picked":["Undo","Rebound"],"picked":"Sweeping Beam","floor":11},{"not_picked":["Ball Lightning","BootSequence"],"picked":"Machine Learning","floor":12},{"not_picked":["Static Discharge","Compile Driver"],"picked":"Rip and Tear","floor":13},{"not_picked":["Force Field","Steam Power"],"picked":"Rebound","floor":14},{"not_picked":["Machine Learning","Buffer"],"picked":"Echo Form","floor":16},{"not_picked":["Hologram","White Noise"],"picked":"Conserve Battery","floor":17},{"not_picked":["Leap","Conserve Battery"],"picked":"Cold Snap","floor":17},{"not_picked":["Turbo","Go for the Eyes"],"picked":"Capacitor","floor":17},{"not_picked":["Storm","Barrage"],"picked":"Cold Snap","floor":17},{"not_picked":["Doom and Gloom","Force Field"],"picked":"Aggregate","floor":17},{"not_picked":["Melter","Self Repair"],"picked":"Coolheaded","floor":18},{"not_picked":["Machine Learning","Conserve Battery"],"picked":"Leap","floor":20},{"not_picked":["Beam Cell","Compile Driver","Stack+1"],"picked":"SKIP","floor":22},{"not_picked":["Hologram","Double Energy"],"picked":"Melter","floor":24},{"not_picked":["Beam Cell","Tempest","Hologram+1"],"picked":"SKIP","floor":25},{"not_picked":["Barrage","Double Energy"],"picked":"Rainbow","floor":29},{"not_picked":["Gash","Beam Cell"],"picked":"Cold Snap+1","floor":31},{"not_picked":["Meteor Strike","Machine Learning+1"],"picked":"Buffer+1","floor":33},{"not_picked":["Leap+1","Undo+1"],"picked":"Turbo+1","floor":35},{"not_picked":["Beam Cell+1","Glacier","Auto Shields"],"picked":"SKIP","floor":36},{"not_picked":["Gash+1","Auto Shields+1","Reprogram"],"picked":"SKIP","floor":44}],"player_experience":78175,"relics_obtained":[{"floor":7,"key":"Pen Nib"},{"floor":8,"key":"Smiling Mask"},{"floor":9,"key":"Regal Pillow"},{"floor":10,"key":"War Paint"},{"floor":26,"key":"Frozen Egg 2"},{"floor":43,"key":"Whetstone"}],"event_choices":[{"cards_removed":["Dualcast"],"damage_healed":0,"gold_gain":0,"player_choice":"Card Removal","damage_taken":7,"max_hp_gain":0,"max_hp_loss":0,"event_name":"Golden Wing","floor":2,"gold_loss":0},{"damage_healed":18,"gold_gain":0,"player_choice":"Healed","damage_taken":0,"max_hp_gain":0,"max_hp_loss":0,"event_name":"The Cleric","floor":4,"gold_loss":35},{"cards_removed":["Amplify"],"damage_healed":31,"gold_gain":0,"player_choice":"Offered Rare","damage_taken":0,"max_hp_gain":10,"max_hp_loss":0,"event_name":"Bonfire Elementals","floor":30,"gold_loss":0},{"damage_healed":0,"gold_gain":0,"player_choice":"Ignored","damage_taken":0,"max_hp_gain":0,"max_hp_loss":0,"event_name":"SecretPortal","floor":38,"gold_loss":0},{"cards_removed":["Rebound"],"damage_healed":0,"gold_gain":0,"player_choice":"Removed Attack","damage_taken":0,"max_hp_gain":0,"max_hp_loss":0,"event_name":"Falling","floor":41,"gold_loss":0}],"is_beta":false,"boss_relics":[{"not_picked":["Philosopher\u0027s Stone","Empty Cage"],"picked":"Orrery"},{"not_picked":["Nuclear Battery","Astrolabe"],"picked":"Runic Pyramid"}],"items_purged_floors":[3,19,21,27,37,39],"is_endless":false,"potions_floor_spawned":[1,5,10,14,20,31,44],"killed_by":"Reptomancer","ascension_level":0}