{"gold_per_floor":[115,115,190,204,220,260,278,291,316,316,349,349,374,398,398,398],"floor_reached":16,"playtime":1489,"items_purged":[],"score":114,"play_id":"a2e5a44f-d75a-45f3-ad49-c25090b8589e","local_time":"20190812170631","is_ascension_mode":false,"campfire_choices":[{"floor":10,"key":"REST"},{"floor":15,"key":"REST"}],"neow_cost":"NONE","seed_source_timestamp":145619636540793,"circlet_count":0,"master_deck":["Strike_G","Strike_G","Strike_G","Strike_G","Strike_G","Defend_G","Defend_G","Defend_G","Defend_G","Defend_G","Survivor","Neutralize","Sucker Punch","Deflect","Blade Dance","Backstab","Blur","Masterful Stab","PiercingWail","Backstab","Sucker Punch"],"relics":["Ring of the Snake","Golden Idol","Mummified Hand","Boot","PreservedInsect"],"potions_floor_usage":[1,16],"damage_taken":[{"damage":0,"enemies":"Small Slimes","floor":1,"turns":5},{"damage":0,"enemies":"2 Louse","floor":4,"turns":3},{"damage":0,"enemies":"Cultist","floor":5,"turns":6},{"damage":20,"enemies":"Gremlin Nob","floor":6,"turns":5},{"damage":0,"enemies":"Blue Slaver","floor":7,"turns":4},{"damage":0,"enemies":"2 Fungi Beasts","floor":8,"turns":3},{"damage":34,"enemies":"Lagavulin","floor":11,"turns":9},{"damage":0,"enemies":"Looter","floor":13,"turns":3},{"damage":0,"enemies":"Gremlin Gang","floor":14,"turns":3},{"damage":78,"enemies":"Hexaghost","floor":16,"turns":14}],"seed_played":"-3967670869172822373","potions_obtained":[{"floor":1,"key":"Fruit Juice"},{"floor":6,"key":"Energy Potion"},{"floor":11,"key":"PowerPotion"}],"is_trial":false,"path_per_floor":["M","?","?","M","M","E","M","M","T","R","E","?","M","M","R","B"],"character_chosen":"THE_SILENT","items_purchased":[],"campfire_rested":2,"item_purchase_floors":[],"current_hp_per_floor":[82,62,54,54,54,34,34,34,34,58,24,51,51,51,75,0],"gold":398,"neow_bonus":"TEN_PERCENT_HP_BONUS","is_prod":false,"is_daily":false,"chose_seed":false,"campfire_upgraded":0,"win_rate":0.0,"timestamp":1565618791,"path_taken":["M","?","?","?","M","E","M","M","T","R","E","?","M","M","R","BOSS"],"build_version":"2019-07-17","purchased_purges":0,"victory":false,"max_hp_per_floor":[82,82,82,82,82,82,82,82,82,82,82,82,82,82,82,82],"card_choices":[{"not_picked":["Well Laid Plans","Quick Slash"],"picked":"Sucker Punch","floor":1},{"not_picked":["Poisoned Stab","Prepared"],"picked":"Deflect","floor":4},{"not_picked":["Footwork","Backflip"],"picked":"Blade Dance","floor":5},{"not_picked":["Footwork","Deflect"],"picked":"Backstab","floor":6},{"not_picked":["After Image","Dash"],"picked":"Blur","floor":7},{"not_picked":["Backflip","Deadly Poison"],"picked":"Masterful Stab","floor":8},{"not_picked":["Night Terror","Dodge and Roll"],"picked":"PiercingWail","floor":11},{"not_picked":["Dodge and Roll","Quick Slash"],"picked":"Backstab","floor":13},{"not_picked":["Underhanded Strike","Outmaneuver"],"picked":"Sucker Punch","floor":14}],"player_experience":11678,"relics_obtained":[{"floor":6,"key":"Mummified Hand"},{"floor":9,"key":"Boot"},{"floor":11,"key":"PreservedInsect"}],"event_choices":[{"damage_healed":0,"gold_gain":0,"player_choice":"Take Damage","damage_taken":20,"relics_obtained":["Golden Idol"],"max_hp_gain":0,"max_hp_loss":0,"event_name":"Golden Idol","floor":2,"gold_loss":0},{"damage_healed":0,"gold_gain":75,"player_choice":"Touch","damage_taken":8,"max_hp_gain":0,"max_hp_loss":0,"event_name":"FaceTrader","floor":3,"gold_loss":0},{"damage_healed":27,"gold_gain":0,"player_choice":"Banana","damage_taken":0,"max_hp_gain":0,"max_hp_loss":0,"event_name":"Big Fish","floor":12,"gold_loss":0}],"is_beta":false,"boss_relics":[],"items_purged_floors":[],"is_endless":false,"potions_floor_spawned":[1,6,11],"killed_by":"Hexaghost","ascension_level":0}