{"gold_per_floor":[116,41,61,61,139,139,150,150,150,93,93,105,105,123,123,194,194,214,224,68,68,80,80,80,107,107,107,118,118,136,163,163,236,236,251,551,561,581,601,601,701,701,727,17,33,43,43,43,43,43,43],"floor_reached":52,"playtime":1542,"items_purged":["Injury","Strike_R","Bite"],"score":1814,"play_id":"b3a86b4c-8a5c-4cab-963e-b52e4e86cdf9","local_time":"20190718214711","is_ascension_mode":true,"campfire_choices":[{"floor":6.0,"key":"REST"},{"data":"Headbutt","floor":8.0,"key":"SMITH"},{"data":"Limit Break","floor":11.0,"key":"SMITH"},{"data":"Heavy Blade","floor":13.0,"key":"SMITH"},{"data":"Reaper","floor":15.0,"key":"SMITH"},{"floor":23.0,"key":"REST"},{"data":"Inflame","floor":29.0,"key":"SMITH"},{"data":"Demon Form","floor":32.0,"key":"SMITH"},{"floor":40.0,"key":"DIG"},{"data":"Limit Break","floor":49.0,"key":"SMITH"}],"neow_cost":"CURSE","seed_source_timestamp":637656359703821,"circlet_count":0,"master_deck":["AscendersBane","Defend_R","Bash+1","Limit Break+1","Disarm","Headbutt+1","Pommel Strike","Heavy Blade+1","Reaper+1","Immolate","Shrug It Off","Necronomicurse","Disarm","Offering","Bite","Bite","Bite","Bite","Inflame+1","Demon Form+1","Offering","Spot Weakness+1","Sentinel+1","Metallicize+1","Cleave","Shrug It Off+1","Limit Break+1"],"special_seed":0,"relics":["Burning Blood","Pear","Philosopher\u0027s Stone","Necronomicon","Orichalcum","Shovel","Lantern","Astrolabe","FossilizedHelix","Mango","Potion Belt","Centennial Puzzle","Question Card"],"potions_floor_usage":[51,51,51,51],"damage_taken":[{"damage":15.0,"enemies":"Small Slimes","floor":1.0,"turns":5.0},{"damage":8.0,"enemies":"2 Louse","floor":3.0,"turns":4.0},{"damage":12.0,"enemies":"Jaw Worm","floor":7.0,"turns":2.0},{"damage":14.0,"enemies":"Blue Slaver","floor":12.0,"turns":4.0},{"damage":11.0,"enemies":"Looter","floor":14.0,"turns":2.0},{"damage":14.0,"enemies":"The Guardian","floor":16.0,"turns":7.0},{"damage":26.0,"enemies":"2 Thieves","floor":18.0,"turns":3.0},{"damage":43.0,"enemies":"Shell Parasite","floor":19.0,"turns":4.0},{"damage":29.0,"enemies":"Cultist and Chosen","floor":22.0,"turns":5.0},{"damage":39.0,"enemies":"Book of Stabbing","floor":25.0,"turns":4.0},{"damage":15.0,"enemies":"Snake Plant","floor":28.0,"turns":5.0},{"damage":6.0,"enemies":"Chosen and Byrds","floor":30.0,"turns":3.0},{"damage":29.0,"enemies":"Gremlin Leader","floor":31.0,"turns":3.0},{"damage":35.0,"enemies":"Collector","floor":33.0,"turns":4.0},{"damage":55.0,"enemies":"3 Darklings","floor":35.0,"turns":4.0},{"damage":34.0,"enemies":"3 Shapes","floor":37.0,"turns":1.0},{"damage":27.0,"enemies":"Jaw Worm Horde","floor":38.0,"turns":3.0},{"damage":34.0,"enemies":"Sphere and 2 Shapes","floor":39.0,"turns":5.0},{"damage":6.0,"enemies":"Mind Bloom Boss Battle","floor":41.0,"turns":4.0},{"damage":34.0,"enemies":"3 Darklings","floor":45.0,"turns":3.0},{"damage":40.0,"enemies":"Spire Growth","floor":46.0,"turns":4.0},{"damage":28.0,"enemies":"Donu and Deca","floor":50.0,"turns":4.0},{"damage":63,"enemies":"Awakened One","floor":51,"turns":5}],"seed_played":"-7605326354296441122","potions_obtained":[{"floor":3.0,"key":"Ancient Potion"},{"floor":16.0,"key":"BloodPotion"},{"floor":25.0,"key":"Block Potion"},{"floor":30.0,"key":"FearPotion"},{"floor":31.0,"key":"SteroidPotion"},{"floor":35.0,"key":"Dexterity Potion"},{"floor":37.0,"key":"BloodPotion"},{"floor":45.0,"key":"Energy Potion"}],"is_trial":false,"path_per_floor":["M","$","M","?","?","R","M","R","T","$","R","M","R","M","R","B",null,"M","M","$","?","M","R","?","E","T","?","M","R","M","E","R","B",null,"M","?","M","M","M","R","?","?","T","$","M","M","T","$","R","B","B",null],"character_chosen":"IRONCLAD","items_purchased":["SteroidPotion","SteroidPotion","Limit Break","Centennial Puzzle","Explosive Potion","LiquidBronze","SneckoOil"],"campfire_rested":2,"item_purchase_floors":[10,20,44,44,44,44,44],"current_hp_per_floor":[59,59,57,34,34,56,50,50,60,60,60,52,52,47,47,83,85,65,35,35,14,17,42,42,19,19,19,23,23,41,38,38,42,55,59,59,35,45,59,59,73,69,69,69,59,69,69,69,69,53,20],"gold":43,"neow_bonus":"THREE_RARE_CARDS","is_prod":false,"is_daily":false,"chose_seed":false,"campfire_upgraded":7,"win_rate":0,"timestamp":1563500831,"path_taken":["M","$","M","?","?","R","M","R","T","$","R","M","R","?","R","BOSS","M","M","$","?","M","R","?","E","T","?","M","R","?","E","R","BOSS","M","?","M","?","?","R","?","?","T","$","M","M","?","?","R","BOSS","BOSS"],"build_version":"2019-07-10","purchased_purges":3,"victory":true,"max_hp_per_floor":[75,75,75,75,75,75,75,75,85,85,85,85,85,85,85,85,85,85,85,85,85,85,85,85,85,85,59,59,59,59,59,59,59,59,59,59,59,59,59,59,73,69,69,69,69,69,69,69,69,69,69],"card_choices":[{"not_picked":["Berserk","Fiend Fire"],"picked":"Limit Break","floor":0.0},{"not_picked":["Perfected Strike","Headbutt"],"picked":"Disarm","floor":1.0},{"not_picked":["Infernal Blade","Wild Strike"],"picked":"Headbutt","floor":3.0},{"not_picked":["Warcry","Bloodletting"],"picked":"Pommel Strike","floor":7.0},{"not_picked":["Rupture","Anger"],"picked":"Heavy Blade","floor":12.0},{"not_picked":["Body Slam","Warcry"],"picked":"Reaper","floor":14.0},{"not_picked":["Impervious","Limit Break"],"picked":"Immolate","floor":16.0},{"not_picked":["Reckless Charge","Evolve","Pommel Strike"],"picked":"SKIP","floor":18.0},{"not_picked":["Twin Strike","Dual Wield"],"picked":"Shrug It Off","floor":19.0},{"not_picked":["Twin Strike","Disarm","Evolve"],"picked":"SKIP","floor":22.0},{"not_picked":["Dropkick","Ghostly Armor"],"picked":"Offering","floor":25.0},{"not_picked":["Dropkick","Whirlwind"],"picked":"Inflame","floor":28.0},{"not_picked":["Warcry+1","Body Slam","Flex"],"picked":"SKIP","floor":30.0},{"not_picked":["Armaments","Second Wind"],"picked":"Demon Form","floor":31.0},{"not_picked":["Demon Form","Juggernaut"],"picked":"Offering","floor":33.0},{"not_picked":["Cleave+1","Wild Strike","Clash"],"picked":"SKIP","floor":35.0},{"not_picked":["Pommel Strike+1","Flex"],"picked":"Cleave","floor":37.0},{"not_picked":["Headbutt+1","Sentinel","Seeing Red"],"picked":"SKIP","floor":38.0},{"not_picked":["Bludgeon","Second Wind","Uppercut"],"picked":"SKIP","floor":39.0},{"not_picked":["Warcry","Clothesline+1"],"picked":"Shrug It Off+1","floor":41.0},{"not_picked":["Clash","Body Slam","Havoc"],"picked":"SKIP","floor":45.0},{"not_picked":["Anger","Reckless Charge+1","Pommel Strike"],"picked":"SKIP","floor":46.0}],"player_experience":999977,"relics_obtained":[{"floor":9.0,"key":"Pear"},{"floor":21.0,"key":"Necronomicon"},{"floor":25.0,"key":"Orichalcum"},{"floor":26.0,"key":"Shovel"},{"floor":31.0,"key":"Lantern"},{"floor":40.0,"key":"FossilizedHelix"},{"floor":41.0,"key":"Mango"},{"floor":43.0,"key":"Potion Belt"},{"floor":47.0,"key":"Question Card"}],"event_choices":[{"damage_healed":0.0,"max_hp_gain":0.0,"max_hp_loss":0.0,"gold_gain":0.0,"event_name":"Shining Light","player_choice":"Entered Light","floor":4.0,"gold_loss":0.0,"damage_taken":23.0,"cards_upgraded":["Strike_R","Bash"]},{"damage_healed":0.0,"max_hp_gain":0.0,"max_hp_loss":0.0,"gold_gain":78.0,"event_name":"Golden Wing","player_choice":"Gained Gold","floor":5.0,"gold_loss":0.0,"damage_taken":0.0},{"damage_healed":0.0,"max_hp_gain":0.0,"max_hp_loss":0.0,"gold_gain":0.0,"event_name":"Cursed Tome","player_choice":"Obtained Book","floor":21.0,"gold_loss":0.0,"damage_taken":21.0},{"damage_healed":0.0,"max_hp_gain":0.0,"max_hp_loss":0.0,"gold_gain":0.0,"event_name":"The Library","player_choice":"Read","floor":24.0,"gold_loss":0.0,"damage_taken":0.0,"cards_obtained":["Disarm"]},{"damage_healed":0.0,"max_hp_gain":0.0,"max_hp_loss":26.0,"gold_gain":0.0,"event_name":"Vampires","player_choice":"Became a vampire","floor":27.0,"gold_loss":0.0,"damage_taken":0.0,"cards_obtained":["Bite","Bite","Bite","Bite","Bite"]},{"damage_healed":0.0,"max_hp_gain":0.0,"max_hp_loss":0.0,"gold_gain":300.0,"event_name":"Wheel of Change","player_choice":"Gold","floor":36.0,"gold_loss":0.0,"damage_taken":0.0},{"damage_healed":0.0,"max_hp_gain":0.0,"max_hp_loss":0.0,"gold_gain":0.0,"event_name":"MindBloom","player_choice":"Fight","floor":41.0,"gold_loss":0.0,"damage_taken":0.0},{"damage_healed":0.0,"max_hp_gain":0.0,"max_hp_loss":4.0,"gold_gain":0.0,"event_name":"Winding Halls","player_choice":"Max HP","floor":42.0,"gold_loss":0.0,"damage_taken":0.0}],"is_beta":true,"boss_relics":[{"not_picked":["Black Star","Mark of Pain"],"picked":"Philosopher\u0027s Stone"},{"not_picked":["Orrery","White Beast Statue"],"picked":"Astrolabe"}],"items_purged_floors":[2,20,44],"is_endless":false,"potions_floor_spawned":[3,16,25,30,31,35,37,45],"ascension_level":20}