{"gold_per_floor":[119,137,154,166,178,204,204,216,241,241,267,285,301,319,319,415,415,430,430,445,445,455,455],"floor_reached":23,"playtime":1326,"items_purged":[],"score":255,"play_id":"5c6a7cc5-c8eb-4528-a18c-859fa5accca8","local_time":"20190825203935","is_ascension_mode":true,"campfire_choices":[{"data":"After Image","floor":7,"key":"SMITH"},{"floor":15,"key":"REST"}],"neow_cost":"NONE","seed_source_timestamp":243017773026766,"circlet_count":0,"master_deck":["Strike_G+1","Strike_G+1","Strike_G+1","Strike_G+1","Defend_G+1","Defend_G+1","Defend_G+1","Defend_G+1","Defend_G+1","Survivor","Neutralize","After Image+1","Blade Dance","Cloak And Dagger","Blade Dance","Dagger Spray","Well Laid Plans","Deadly Poison","Backflip","Caltrops","Dagger Throw","Crippling Poison","Cloak And Dagger","Envenom","Blade Dance","Blade Dance","Riddle With Holes"],"relics":["Ring of the Snake","Lantern","Centennial Puzzle","Vajra","Black Star","MutagenicStrength"],"potions_floor_usage":[5,11,16,20,20],"damage_taken":[{"damage":6,"enemies":"Jaw Worm","floor":1,"turns":7},{"damage":0,"enemies":"Cultist","floor":2,"turns":5},{"damage":2,"enemies":"2 Louse","floor":3,"turns":3},{"damage":2,"enemies":"2 Fungi Beasts","floor":4,"turns":4},{"damage":0,"enemies":"3 Louse","floor":5,"turns":3},{"damage":6,"enemies":"3 Sentries","floor":6,"turns":9},{"damage":0,"enemies":"Large Slime","floor":8,"turns":5},{"damage":14,"enemies":"Gremlin Nob","floor":11,"turns":5},{"damage":15,"enemies":"Exordium Wildlife","floor":12,"turns":3},{"damage":5,"enemies":"Blue Slaver","floor":13,"turns":3},{"damage":5,"enemies":"Looter","floor":14,"turns":2},{"damage":35,"enemies":"Slime Boss","floor":16,"turns":13},{"damage":18,"enemies":"Spheric Guardian","floor":18,"turns":7},{"damage":20,"enemies":"Shell Parasite","floor":20,"turns":4},{"damage":3,"enemies":"Snecko","floor":22,"turns":5},{"damage":47,"enemies":"Slavers","floor":23,"turns":5}],"seed_played":"4938738946692457494","potions_obtained":[{"floor":2,"key":"Weak Potion"},{"floor":4,"key":"Fire Potion"},{"floor":6,"key":"FearPotion"},{"floor":8,"key":"Weak Potion"},{"floor":11,"key":"Weak Potion"},{"floor":14,"key":"Poison Potion"},{"floor":16,"key":"AttackPotion"},{"floor":18,"key":"Regen Potion"}],"is_trial":false,"path_per_floor":["M","M","M","M","M","E","R","M","T","?","E","M","M","M","R","B",null,"M","?","M","?","M","E"],"character_chosen":"THE_SILENT","items_purchased":[],"campfire_rested":1,"item_purchase_floors":[],"current_hp_per_floor":[64,64,62,60,60,54,54,54,54,54,40,25,20,15,36,1,70,52,52,46,46,43,0],"gold":455,"neow_bonus":"ONE_RANDOM_RARE_CARD","is_prod":false,"is_daily":false,"chose_seed":false,"campfire_upgraded":1,"win_rate":0,"timestamp":1566754775,"path_taken":["M","M","M","M","M","E","R","M","T","?","E","M","?","M","R","BOSS","M","?","M","?","M","E"],"build_version":"2019-07-17","purchased_purges":0,"victory":false,"max_hp_per_floor":[70,70,70,70,70,70,70,70,70,70,70,70,70,70,70,70,70,70,70,70,70,70,70],"card_choices":[{"not_picked":["Sucker Punch","Escape Plan"],"picked":"Blade Dance","floor":1},{"not_picked":["Outmaneuver","Terror"],"picked":"Cloak And Dagger","floor":2},{"not_picked":["PiercingWail","Predator"],"picked":"Blade Dance","floor":3},{"not_picked":["Prepared","Skewer"],"picked":"Dagger Spray","floor":4},{"not_picked":["Underhanded Strike","Predator"],"picked":"Well Laid Plans","floor":5},{"not_picked":["Footwork","Reflex"],"picked":"Deadly Poison","floor":6},{"not_picked":["Sucker Punch","Eviscerate"],"picked":"Backflip","floor":8},{"not_picked":["Escape Plan","Catalyst"],"picked":"Caltrops","floor":11},{"not_picked":["Bouncing Flask","Sucker Punch"],"picked":"Dagger Throw","floor":12},{"not_picked":["Poisoned Stab","Bullet Time"],"picked":"Crippling Poison","floor":13},{"not_picked":["Dodge and Roll","Outmaneuver"],"picked":"Cloak And Dagger","floor":14},{"not_picked":["Grand Finale","Tools of the Trade"],"picked":"Envenom","floor":16},{"not_picked":["Deadly Poison","Sucker Punch"],"picked":"Blade Dance","floor":18},{"not_picked":["Dagger Spray","Bane"],"picked":"Blade Dance","floor":20},{"not_picked":["Tactician","Escape Plan"],"picked":"Riddle With Holes","floor":22}],"player_experience":175183,"relics_obtained":[{"floor":6,"key":"Lantern"},{"floor":9,"key":"Centennial Puzzle"},{"floor":11,"key":"Vajra"}],"event_choices":[{"cards_removed":["Strike_G"],"damage_healed":0,"gold_gain":0,"player_choice":"Purged","damage_taken":0,"max_hp_gain":0,"max_hp_loss":0,"event_name":"Purifier","floor":10,"gold_loss":0},{"damage_healed":0,"gold_gain":0,"player_choice":"Inject Mutagens","damage_taken":0,"relics_obtained":["MutagenicStrength"],"max_hp_gain":0,"max_hp_loss":0,"event_name":"Drug Dealer","floor":19,"gold_loss":0},{"damage_healed":0,"gold_gain":0,"player_choice":"Simplicity","damage_taken":0,"max_hp_gain":0,"max_hp_loss":0,"event_name":"Back to Basics","floor":21,"gold_loss":0,"cards_upgraded":["Strike_G","Strike_G","Strike_G","Strike_G","Defend_G","Defend_G","Defend_G","Defend_G","Defend_G"]}],"is_beta":false,"boss_relics":[{"not_picked":["Fusion Hammer","Philosopher\u0027s Stone"],"picked":"Black Star"}],"items_purged_floors":[],"is_endless":false,"potions_floor_spawned":[2,4,6,8,11,14,16,18],"killed_by":"Slavers","ascension_level":2}