{"gold_per_floor":[20,20,40,61,61,61,79,113,185,220,220,220,22,47,47,47],"floor_reached":16,"playtime":830,"items_purged":[],"score":110,"play_id":"fd3a40c3-2e4e-403f-91c1-0c76b2c3178a","local_time":"20190905184028","is_ascension_mode":true,"campfire_choices":[{"data":"Setup","floor":6,"key":"SMITH"},{"data":"Choke","floor":12,"key":"SMITH"},{"floor":15,"key":"RECALL"}],"neow_cost":"NO_GOLD","seed_source_timestamp":1186765488298812,"circlet_count":0,"master_deck":["Strike_G","Strike_G","Strike_G","Strike_G","Strike_G","Defend_G","Defend_G+1","Defend_G","Defend_G","Defend_G+1","Survivor","Neutralize","Choke+1","Deflect","Setup+1","Deflect","Blur","Dagger Throw","PiercingWail"],"relics":["Ring of the Snake","StoneCalendar","Golden Idol","Torii","Gremlin Horn","Odd Mushroom","FaceOfCleric","TwistedFunnel"],"potions_floor_usage":[8,16,16,16],"damage_taken":[{"damage":3,"enemies":"Jaw Worm","floor":1,"turns":4},{"damage":3,"enemies":"Small Slimes","floor":3,"turns":4},{"damage":0,"enemies":"2 Louse","floor":4,"turns":2},{"damage":2,"enemies":"2 Fungi Beasts","floor":7,"turns":4},{"damage":8,"enemies":"Lagavulin","floor":8,"turns":7},{"damage":13,"enemies":"The Mushroom Lair","floor":10,"turns":7},{"damage":6,"enemies":"Exordium Thugs","floor":14,"turns":4},{"damage":5,"enemies":"Hexaghost","floor":16,"turns":14}],"seed_played":"-8449819782607750532","potions_obtained":[{"floor":1,"key":"SpeedPotion"},{"floor":3,"key":"Ancient Potion"},{"floor":8,"key":"PowerPotion"},{"floor":14,"key":"Energy Potion"}],"is_trial":false,"path_per_floor":["M","?","M","M","?","R","M","E","T","?","?","R","$","M","R","B"],"character_chosen":"THE_SILENT","items_purchased":["TwistedFunnel"],"campfire_rested":0,"item_purchase_floors":[13],"current_hp_per_floor":[67,50,47,47,33,33,31,23,23,10,10,10,10,5,5,0],"gold":47,"neow_bonus":"ONE_RARE_RELIC","is_prod":false,"is_daily":false,"chose_seed":false,"campfire_upgraded":2,"win_rate":0,"timestamp":1567698028,"path_taken":["M","?","M","M","?","R","M","E","T","?","?","R","$","?","R","BOSS"],"build_version":"2019-07-17","purchased_purges":0,"victory":false,"max_hp_per_floor":[70,70,70,70,70,70,70,70,70,70,70,70,70,71,71,71],"card_choices":[{"not_picked":["Prepared","Expertise"],"picked":"Choke","floor":1},{"not_picked":["Sucker Punch","Deadly Poison"],"picked":"Deflect","floor":3},{"not_picked":["Prepared","Calculated Gamble"],"picked":"Setup","floor":4},{"not_picked":["Endless Agony","Bouncing Flask"],"picked":"Deflect","floor":7},{"not_picked":["Deadly Poison","Riddle With Holes"],"picked":"Blur","floor":8},{"not_picked":["Eviscerate","Quick Slash"],"picked":"Dagger Throw","floor":10},{"not_picked":["Caltrops","Dagger Throw"],"picked":"PiercingWail","floor":14}],"player_experience":276495,"relics_obtained":[{"floor":8,"key":"Torii"},{"floor":9,"key":"Gremlin Horn"},{"floor":10,"key":"Odd Mushroom"}],"event_choices":[{"damage_healed":0,"gold_gain":0,"player_choice":"Take Damage","damage_taken":17,"relics_obtained":["Golden Idol"],"max_hp_gain":0,"max_hp_loss":0,"event_name":"Golden Idol","floor":2,"gold_loss":0},{"damage_healed":0,"gold_gain":0,"player_choice":"Entered Light","damage_taken":14,"max_hp_gain":0,"max_hp_loss":0,"event_name":"Shining Light","floor":5,"gold_loss":0,"cards_upgraded":["Defend_G","Defend_G"]},{"damage_healed":0,"gold_gain":0,"player_choice":"Fought Mushrooms","damage_taken":0,"max_hp_gain":0,"max_hp_loss":0,"event_name":"Mushrooms","floor":10,"gold_loss":0},{"damage_healed":0,"gold_gain":0,"player_choice":"Trade","damage_taken":0,"relics_obtained":["FaceOfCleric"],"max_hp_gain":0,"max_hp_loss":0,"event_name":"FaceTrader","floor":11,"gold_loss":0}],"is_beta":false,"boss_relics":[],"items_purged_floors":[],"is_endless":false,"potions_floor_spawned":[1,3,8,14],"killed_by":"Hexaghost","ascension_level":2}