{"gold_per_floor":[109,31,81,92,8,8,8,34,46,89,101,113,125,171,183,270,282,310,247,26,426,437,437,456,456,504,536,536,566,566,586,586,662,662,682,697,708,526,526,561,561,587,612,36,65,65,65,78,78,78,78],"floor_reached":52,"playtime":2505,"items_purged":["Strike_R","Strike_R"],"score":2205,"play_id":"db2a9eff-dc96-4f08-a86d-b3fa49071ce8","local_time":"20190511183449","is_ascension_mode":true,"campfire_choices":[{"data":"Searing Blow","floor":6.0,"key":"SMITH"},{"data":"Searing Blow+1","floor":11.0,"key":"SMITH"},{"data":"Searing Blow+2","floor":13.0,"key":"SMITH"},{"data":"Searing Blow+3","floor":15.0,"key":"SMITH"},{"data":"Searing Blow+4","floor":23.0,"key":"SMITH"},{"data":"Searing Blow+5","floor":25.0,"key":"SMITH"},{"data":"Searing Blow+6","floor":28.0,"key":"SMITH"},{"data":"Searing Blow+7","floor":30.0,"key":"SMITH"},{"data":"Searing Blow+8","floor":32.0,"key":"SMITH"},{"data":"Searing Blow+9","floor":41.0,"key":"SMITH"},{"data":"Searing Blow+10","floor":47.0,"key":"SMITH"},{"floor":49.0,"key":"REST"}],"neow_cost":"NONE","seed_source_timestamp":0,"circlet_count":0,"master_deck":["AscendersBane","Defend_R","Defend_R","Defend_R","Defend_R+1","Bash","Searing Blow+11","Offering","Iron Wave","Flame Barrier+1","Disarm","Anger","Impervious","Feed","Shrug It Off","Shockwave","Shrug It Off+1","Armaments+1","True Grit+1","Headbutt+1","Master of Strategy+1"],"special_seed":0,"relics":["Burning Blood","NeowsBlessing","MawBank","War Paint","Bag of Marbles","Prayer Wheel","Velvet Choker","Old Coin","Matryoshka","Omamori","Red Skull","Toxic Egg 2","Bottled Flame","Empty Cage","Anchor","Boot","Ornamental Fan","Blood Vial","Question Card","Shuriken"],"potions_floor_usage":[51],"damage_taken":[{"damage":0.0,"enemies":"Jaw Worm","floor":1.0,"turns":1.0},{"damage":0.0,"enemies":"Cultist","floor":4.0,"turns":1.0},{"damage":0.0,"enemies":"Lagavulin","floor":8.0,"turns":1.0},{"damage":35.0,"enemies":"3 Sentries","floor":10.0,"turns":11.0},{"damage":24.0,"enemies":"Lagavulin","floor":14.0,"turns":3.0},{"damage":25.0,"enemies":"The Guardian","floor":16.0,"turns":10.0},{"damage":14.0,"enemies":"Shell Parasite","floor":18.0,"turns":3.0},{"damage":8.0,"enemies":"Colosseum Slavers","floor":21.0,"turns":5.0},{"damage":33.0,"enemies":"Colosseum Nobs","floor":21.0,"turns":5.0},{"damage":9.0,"enemies":"3 Byrds","floor":22.0,"turns":5.0},{"damage":6.0,"enemies":"3 Cultists","floor":24.0,"turns":4.0},{"damage":5.0,"enemies":"Slavers","floor":27.0,"turns":3.0},{"damage":6.0,"enemies":"Gremlin Leader","floor":29.0,"turns":1.0},{"damage":0.0,"enemies":"Chosen and Byrds","floor":31.0,"turns":4.0},{"damage":17.0,"enemies":"Automaton","floor":33.0,"turns":5.0},{"damage":23.0,"enemies":"3 Darklings","floor":35.0,"turns":8.0},{"damage":0.0,"enemies":"3 Shapes","floor":36.0,"turns":5.0},{"damage":33.0,"enemies":"Jaw Worm Horde","floor":37.0,"turns":5.0},{"damage":9.0,"enemies":"Giant Head","floor":40.0,"turns":5.0},{"damage":6.0,"enemies":"Reptomancer","floor":42.0,"turns":1.0},{"damage":6.0,"enemies":"Giant Head","floor":45.0,"turns":3.0},{"damage":6.0,"enemies":"3 Darklings","floor":48.0,"turns":5.0},{"damage":27.0,"enemies":"Awakened One","floor":50.0,"turns":27.0},{"damage":31,"enemies":"Donu and Deca","floor":51,"turns":8}],"seed_played":"4523240455758011131","potions_obtained":[{"floor":1.0,"key":"EssenceOfSteel"},{"floor":4.0,"key":"EntropicBrew"},{"floor":22.0,"key":"SkillPotion"},{"floor":27.0,"key":"Explosive Potion"},{"floor":29.0,"key":"Fire Potion"},{"floor":40.0,"key":"Energy Potion"}],"is_trial":false,"path_per_floor":["M","$","?","M","$","R","?","E","T","E","R","$","R","E","R","B",null,"M","?","$","?","M","R","M","R","T","E","R","E","R","M","R","B",null,"M","M","M","$","?","E","R","E","T","$","E","?","R","M","R","B","B",null],"character_chosen":"IRONCLAD","items_purchased":["Offering","Flame Barrier","Feed","Shrug It Off","SpeedPotion","FearPotion","Question Card","Master of Strategy+1"],"campfire_rested":1,"item_purchase_floors":[2,5,20,20,38,38,44,44],"current_hp_per_floor":[74,74,74,75,75,75,75,75,75,46,46,46,46,28,28,9,59,51,51,51,22,22,22,22,22,22,26,26,26,26,35,35,24,69,52,61,34,34,34,31,31,34,34,34,36,36,36,38,65,49,26],"gold":78,"neow_bonus":"THREE_ENEMY_KILL","is_prod":false,"is_daily":false,"chose_seed":false,"campfire_upgraded":11,"win_rate":0,"timestamp":1557614089,"path_taken":["M","$","?","M","?","R","?","E","T","E","R","$","R","E","R","BOSS","M","?","$","?","M","R","M","R","T","E","R","E","R","M","R","BOSS","M","M","M","$","?","E","R","E","T","$","E","?","R","M","R","BOSS","BOSS"],"build_version":"2019-05-07","purchased_purges":2,"victory":true,"max_hp_per_floor":[75,75,75,75,75,75,75,75,75,75,75,75,75,75,75,75,75,75,75,75,75,78,78,78,78,78,81,81,81,81,84,84,84,84,84,87,87,87,87,87,87,90,90,90,90,90,90,90,90,93,93],"card_choices":[{"not_picked":["Reckless Charge","Headbutt"],"picked":"Searing Blow","floor":1.0},{"not_picked":["Hemokinesis","Thunderclap"],"picked":"Iron Wave","floor":4.0},{"not_picked":["Clash","Sentinel","Pommel Strike"],"picked":"SKIP","floor":8.0},{"not_picked":["Twin Strike","Havoc"],"picked":"Headbutt","floor":10.0},{"not_picked":["Spot Weakness","Seeing Red","Cleave"],"picked":"SKIP","floor":14.0},{"not_picked":["Barricade","Bludgeon"],"picked":"Impervious","floor":16.0},{"not_picked":["Iron Wave","Sever Soul+1","Intimidate"],"picked":"SKIP","floor":18.0},{"not_picked":["Wild Strike","Headbutt","Cleave"],"picked":"SKIP","floor":18.0},{"not_picked":["Twin Strike","Pommel Strike"],"picked":"Shockwave","floor":21.0},{"not_picked":["Searing Blow","Warcry","Cleave"],"picked":"SKIP","floor":22.0},{"not_picked":["Thunderclap","Blood for Blood","Cleave"],"picked":"SKIP","floor":22.0},{"not_picked":["Reckless Charge+1","Hemokinesis","Fire Breathing"],"picked":"SKIP","floor":24.0},{"not_picked":["Spot Weakness","Body Slam","Pommel Strike"],"picked":"SKIP","floor":24.0},{"not_picked":["Anger","Second Wind","Pommel Strike"],"picked":"SKIP","floor":27.0},{"not_picked":["Flex+1","Exhume+1"],"picked":"Shrug It Off+1","floor":29.0},{"not_picked":["Sever Soul","Havoc+1","Warcry+1"],"picked":"SKIP","floor":31.0},{"not_picked":["Anger","Heavy Blade","Fire Breathing+1"],"picked":"SKIP","floor":31.0},{"not_picked":["Wild Strike","Rupture"],"picked":"Armaments+1","floor":35.0},{"not_picked":["Anger","Sword Boomerang"],"picked":"True Grit+1","floor":35.0},{"not_picked":["Perfected Strike","Anger","Cleave"],"picked":"SKIP","floor":36.0},{"not_picked":["Seeing Red+1","Wild Strike","Cleave"],"picked":"SKIP","floor":36.0},{"not_picked":["Armaments+1","Juggernaut","Pommel Strike"],"picked":"SKIP","floor":37.0},{"not_picked":["Sentinel+1","Dropkick","Spot Weakness+1"],"picked":"SKIP","floor":37.0},{"not_picked":["Warcry+1","Perfected Strike","Second Wind+1"],"picked":"SKIP","floor":40.0},{"not_picked":["Battle Trance+1","Dropkick"],"picked":"Headbutt+1","floor":42.0},{"not_picked":["Dual Wield+1","Armaments+1","Thunderclap","Clash"],"picked":"SKIP","floor":45.0},{"not_picked":["Dual Wield+1","Rage+1","Twin Strike","Shockwave+1"],"picked":"SKIP","floor":48.0},{"not_picked":["Perfected Strike","Wild Strike","Flex+1","Sever Soul"],"picked":"SKIP","floor":48.0}],"player_experience":982169,"relics_obtained":[{"floor":8.0,"key":"MawBank"},{"floor":9.0,"key":"War Paint"},{"floor":10.0,"key":"Bag of Marbles"},{"floor":14.0,"key":"Prayer Wheel"},{"floor":21.0,"key":"Old Coin"},{"floor":21.0,"key":"Matryoshka"},{"floor":26.0,"key":"Omamori"},{"floor":26.0,"key":"Red Skull"},{"floor":27.0,"key":"Toxic Egg 2"},{"floor":29.0,"key":"Bottled Flame"},{"floor":40.0,"key":"Anchor"},{"floor":42.0,"key":"Boot"},{"floor":43.0,"key":"Ornamental Fan"},{"floor":43.0,"key":"Blood Vial"},{"floor":45.0,"key":"Shuriken"}],"event_choices":[{"damage_healed":0.0,"max_hp_gain":0.0,"max_hp_loss":0.0,"gold_gain":50.0,"event_name":"Golden Shrine","player_choice":"Pray","floor":3.0,"gold_loss":0.0,"damage_taken":0.0},{"damage_healed":0.0,"max_hp_gain":0.0,"max_hp_loss":0.0,"gold_gain":0.0,"event_name":"Match and Keep!","player_choice":"2 cards matched","floor":7.0,"gold_loss":0.0,"damage_taken":0.0,"cards_obtained":["Disarm","Anger"]},{"cards_removed":["Strike_R"],"damage_healed":0.0,"max_hp_gain":0.0,"max_hp_loss":0.0,"gold_gain":0.0,"event_name":"Beggar","player_choice":"Gave Gold","floor":19.0,"gold_loss":75.0,"damage_taken":0.0},{"damage_healed":0.0,"max_hp_gain":0.0,"max_hp_loss":0.0,"gold_gain":0.0,"event_name":"Colosseum","player_choice":"Fight","floor":21.0,"gold_loss":0.0,"damage_taken":0.0},{"damage_healed":0.0,"max_hp_gain":0.0,"max_hp_loss":0.0,"gold_gain":0.0,"event_name":"Colosseum","player_choice":"Fought Nobs","floor":21.0,"gold_loss":0.0,"damage_taken":0.0},{"damage_healed":0.0,"max_hp_gain":0.0,"max_hp_loss":0.0,"gold_gain":0.0,"event_name":"Tomb of Lord Red Mask","player_choice":"Ignored","floor":39.0,"gold_loss":0.0,"damage_taken":0.0},{"cards_removed":["Headbutt"],"damage_healed":0.0,"max_hp_gain":0.0,"max_hp_loss":0.0,"gold_gain":0.0,"event_name":"Falling","player_choice":"Removed Attack","floor":46.0,"gold_loss":0.0,"damage_taken":0.0}],"is_beta":true,"boss_relics":[{"not_picked":["Tiny House","Mark of Pain"],"picked":"Velvet Choker"},{"not_picked":["Busted Crown","Calling Bell"],"picked":"Empty Cage"}],"items_purged_floors":[38,44],"is_endless":false,"potions_floor_spawned":[1,4,14,22,27,29,40,45,48],"ascension_level":20}