{"gold_per_floor":[112,129,79,79,26,26,60,74,101,116,132,157,157,206,206,304,304,319,331,350,275,275,302,320,335,413,48,48,48,48,148,148,249,249,269,269,194,205,205,233,233,252,328,8,21,41,41,41,41,41,41,41,41,76,76],"floor_reached":55,"playtime":3376,"items_purged":["Havoc+1","Strike_R+1"],"score":675,"play_id":"be79a788-4347-42f7-a460-aec286c4d780","local_time":"20190902015858","is_ascension_mode":false,"campfire_choices":[{"data":"Uppercut","floor":6,"key":"SMITH"},{"data":"Havoc","floor":13,"key":"SMITH"},{"floor":15,"key":"REST"},{"data":"Battle Trance","floor":30,"key":"SMITH"},{"data":"Shockwave","floor":32,"key":"SMITH"},{"data":"Exhume","floor":41,"key":"SMITH"},{"floor":47,"key":"RECALL"},{"data":"Blood for Blood","floor":49,"key":"SMITH"},{"data":"Offering","floor":52,"key":"SMITH"}],"neow_cost":"NONE","seed_source_timestamp":1648601384511032,"circlet_count":0,"master_deck":["Strike_R+1","Strike_R+1","Strike_R+1","Defend_R+1","Defend_R+1","Defend_R+1","Bash","Sword Boomerang+1","Uppercut+1","Shockwave+1","Battle Trance+1","Shrug It Off","Reaper","Offering+1","Shrug It Off","Havoc+1","Combust+1","Flex+1","Ghostly Armor","Exhume+1","Blood for Blood+1"],"relics":["Burning Blood","Ancient Tea Set","Bronze Scales","Juzu Bracelet","Pen Nib","Vajra","White Beast Statue","Blood Vial","Kunai","Torii","Calipers","Bottled Lightning","Runic Cube","Smiling Mask","Frozen Eye","Red Skull"],"potions_floor_usage":[12,12,19,20,23,25,31,31,38,38,45,50,54,55],"damage_taken":[{"damage":15,"enemies":"Jaw Worm","floor":1,"turns":5},{"damage":0,"enemies":"Small Slimes","floor":2,"turns":3},{"damage":33,"enemies":"Lagavulin","floor":7,"turns":7},{"damage":1,"enemies":"2 Louse","floor":8,"turns":2},{"damage":8,"enemies":"Large Slime","floor":10,"turns":5},{"damage":8,"enemies":"3 Louse","floor":11,"turns":3},{"damage":28,"enemies":"3 Sentries","floor":12,"turns":6},{"damage":21,"enemies":"Hexaghost","floor":16,"turns":8},{"damage":20,"enemies":"Spheric Guardian","floor":18,"turns":4},{"damage":10,"enemies":"2 Thieves","floor":19,"turns":3},{"damage":12,"enemies":"Centurion and Healer","floor":20,"turns":3},{"damage":22,"enemies":"Book of Stabbing","floor":23,"turns":4},{"damage":23,"enemies":"Cultist and Chosen","floor":24,"turns":5},{"damage":14,"enemies":"3 Cultists","floor":25,"turns":3},{"damage":17,"enemies":"Colosseum Slavers","floor":31,"turns":2},{"damage":6,"enemies":"Colosseum Nobs","floor":31,"turns":4},{"damage":57,"enemies":"Automaton","floor":33,"turns":7},{"damage":21,"enemies":"3 Shapes","floor":35,"turns":5},{"damage":9,"enemies":"3 Darklings","floor":38,"turns":5},{"damage":61,"enemies":"Giant Head","floor":40,"turns":8},{"damage":12,"enemies":"Maw","floor":42,"turns":5},{"damage":17,"enemies":"Spire Growth","floor":45,"turns":4},{"damage":11,"enemies":"Jaw Worm Horde","floor":46,"turns":4},{"damage":73,"enemies":"Awakened One","floor":50,"turns":15},{"damage":24,"enemies":"Shield and Spear","floor":54,"turns":4},{"damage":106,"enemies":"The Heart","floor":55,"turns":9}],"seed_played":"-4302748637338184360","potions_obtained":[{"floor":1,"key":"BloodPotion"},{"floor":2,"key":"Strength Potion"},{"floor":10,"key":"Energy Potion"},{"floor":11,"key":"Fire Potion"},{"floor":12,"key":"Poison Potion"},{"floor":18,"key":"Poison Potion"},{"floor":19,"key":"AttackPotion"},{"floor":20,"key":"LiquidBronze"},{"floor":23,"key":"Ancient Potion"},{"floor":24,"key":"BloodPotion"},{"floor":25,"key":"PowerPotion"},{"floor":31,"key":"EssenceOfSteel"},{"floor":33,"key":"Block Potion"},{"floor":35,"key":"Dexterity Potion"},{"floor":38,"key":"Explosive Potion"},{"floor":40,"key":"Fire Potion"},{"floor":45,"key":"Fruit Juice"},{"floor":46,"key":"Poison Potion"},{"floor":54,"key":"SteroidPotion"}],"is_trial":false,"path_per_floor":["M","M","?","?","$","R","E","M","T","M","M","E","R","T","R","B",null,"M","M","M","?","?","E","M","M","T","$","?","$","R","?","R","B",null,"M","?","$","M","?","E","R","M","T","$","M","M","R","$","R","B",null,"R","$","E","B"],"character_chosen":"IRONCLAD","items_purchased":["Havoc","Ghostly Armor","Torii","Frozen Eye","Blood for Blood"],"campfire_rested":1,"item_purchase_floors":[5,27,27,44,44],"current_hp_per_floor":[71,77,77,61,61,61,34,39,39,37,35,33,33,33,57,49,80,66,76,80,80,80,64,54,80,80,80,80,80,80,80,80,36,80,65,65,65,80,80,41,41,47,47,47,43,80,80,80,80,36,85,85,85,74,0],"gold":76,"neow_bonus":"RANDOM_COMMON_RELIC","is_prod":false,"is_daily":false,"chose_seed":false,"campfire_upgraded":7,"win_rate":0,"timestamp":1567382338,"path_taken":["M","M","?","?","$","R","E","M","T","M","M","E","R","?","R","BOSS","M","M","M","?","?","E","M","M","T","$","?","$","R","?","R","BOSS","M","?","?","M","?","E","R","M","T","$","M","M","R","?","R","BOSS","R","$","E","BOSS"],"build_version":"2019-07-17","purchased_purges":2,"victory":false,"max_hp_per_floor":[80,80,80,80,80,80,80,80,80,80,80,80,80,80,80,80,80,80,80,80,80,80,80,80,80,80,80,80,80,80,80,80,80,80,80,80,80,80,80,80,80,80,80,80,85,85,85,85,85,85,85,85,85,85,85],"card_choices":[{"not_picked":["Shockwave","True Grit"],"picked":"Sword Boomerang","floor":1},{"not_picked":["Battle Trance","Cleave"],"picked":"Uppercut","floor":2},{"not_picked":["Sever Soul","Clothesline"],"picked":"Shockwave","floor":7},{"not_picked":["Hemokinesis","Second Wind"],"picked":"Battle Trance","floor":8},{"not_picked":["Warcry","Body Slam"],"picked":"Shrug It Off","floor":10},{"not_picked":["Clothesline","Rupture","Perfected Strike"],"picked":"SKIP","floor":11},{"not_picked":["Armaments","Iron Wave"],"picked":"Reaper","floor":12},{"not_picked":["Exhume","Brutality"],"picked":"Offering","floor":16},{"not_picked":["Warcry","Burning Pact"],"picked":"Shrug It Off","floor":18},{"not_picked":["Armaments","Bloodletting+1"],"picked":"Havoc+1","floor":19},{"not_picked":["Evolve","Corruption"],"picked":"Combust+1","floor":20},{"not_picked":["Clash","Evolve","Wild Strike"],"picked":"SKIP","floor":23},{"not_picked":["Uppercut+1","Clash+1"],"picked":"Flex+1","floor":24},{"not_picked":["Clash","Heavy Blade","Perfected Strike+1"],"picked":"SKIP","floor":25},{"not_picked":["Double Tap","Barricade"],"picked":"Exhume","floor":33},{"not_picked":["Wild Strike+1","Iron Wave","Headbutt"],"picked":"SKIP","floor":35},{"not_picked":["Shrug It Off+1","Anger+1","Warcry"],"picked":"SKIP","floor":38},{"not_picked":["Entrench+1","Combust","Clothesline+1"],"picked":"SKIP","floor":40},{"not_picked":["Clothesline","Shockwave+1","Sword Boomerang+1"],"picked":"SKIP","floor":42},{"not_picked":["Flame Barrier+1","Juggernaut","Battle Trance+1"],"picked":"SKIP","floor":45},{"not_picked":["Evolve+1","Burning Pact+1","Shrug It Off+1"],"picked":"SKIP","floor":46},{"not_picked":["Thunderclap+1","Wild Strike+1","Intimidate+1"],"picked":"SKIP","floor":54}],"player_experience":133379,"relics_obtained":[{"floor":7,"key":"Bronze Scales"},{"floor":9,"key":"Juzu Bracelet"},{"floor":12,"key":"Pen Nib"},{"floor":14,"key":"Vajra"},{"floor":23,"key":"Blood Vial"},{"floor":26,"key":"Kunai"},{"floor":31,"key":"Calipers"},{"floor":31,"key":"Bottled Lightning"},{"floor":40,"key":"Smiling Mask"},{"floor":54,"key":"Red Skull"}],"event_choices":[{"cards_removed":["Strike_R"],"damage_healed":0,"gold_gain":0,"player_choice":"Card Removal","damage_taken":0,"max_hp_gain":0,"max_hp_loss":0,"event_name":"The Cleric","floor":3,"gold_loss":50},{"damage_healed":0,"gold_gain":0,"player_choice":"Entered Light","damage_taken":16,"max_hp_gain":0,"max_hp_loss":0,"event_name":"Shining Light","floor":4,"gold_loss":0,"cards_upgraded":["Strike_R","Sword Boomerang"]},{"cards_removed":["Defend_R"],"damage_healed":0,"gold_gain":0,"player_choice":"Gave Gold","damage_taken":0,"max_hp_gain":0,"max_hp_loss":0,"event_name":"Beggar","floor":21,"gold_loss":75},{"damage_healed":0,"gold_gain":0,"player_choice":"Simplicity","damage_taken":0,"max_hp_gain":0,"max_hp_loss":0,"event_name":"Back to Basics","floor":22,"gold_loss":0,"cards_upgraded":["Strike_R","Strike_R","Strike_R","Defend_R","Defend_R","Defend_R"]},{"damage_healed":0,"gold_gain":0,"player_choice":"Ignored","damage_taken":0,"max_hp_gain":0,"max_hp_loss":0,"event_name":"Ghosts","floor":28,"gold_loss":0},{"damage_healed":0,"gold_gain":0,"player_choice":"Fight","damage_taken":0,"max_hp_gain":0,"max_hp_loss":0,"event_name":"Colosseum","floor":31,"gold_loss":0},{"damage_healed":0,"gold_gain":0,"player_choice":"Fought Nobs","damage_taken":0,"max_hp_gain":0,"max_hp_loss":0,"event_name":"Colosseum","floor":31,"gold_loss":0},{"damage_healed":0,"gold_gain":0,"player_choice":"Ignored","damage_taken":0,"max_hp_gain":0,"max_hp_loss":0,"event_name":"NoteForYourself","floor":36,"gold_loss":0},{"damage_healed":0,"gold_gain":0,"player_choice":"Ignored","damage_taken":0,"max_hp_gain":0,"max_hp_loss":0,"event_name":"Tomb of Lord Red Mask","floor":39,"gold_loss":0}],"is_beta":false,"boss_relics":[{"not_picked":["Fusion Hammer","Empty Cage"],"picked":"White Beast Statue"},{"not_picked":["Runic Dome","Snecko Eye"],"picked":"Runic Cube"}],"items_purged_floors":[37,44],"is_endless":false,"potions_floor_spawned":[1,2,10,11,12,18,19,20,23,24,25,31,31,33,35,38,40,42,45,46,54],"killed_by":"The Heart","ascension_level":0}