{"gold_per_floor":[109,109,109,129,149,149,167,167,243,277,297,312,346,367,367,490,490,503,503,527,452,551,551,60,60,60,98,122,165,184,198,198,329,329,342,342,342,361,20,54,54,98,98,98,137,137,163,179,179,179],"floor_reached":50,"playtime":2930,"items_purged":[],"score":683,"play_id":"bca13afa-f727-4ec1-8eed-88ed25bbc6c4","local_time":"20190827224702","is_ascension_mode":true,"campfire_choices":[{"data":"Adrenaline","floor":6,"key":"SMITH"},{"data":"Quick Slash","floor":8,"key":"SMITH"},{"floor":15,"key":"REST"},{"floor":23,"key":"REST"},{"data":"Apotheosis","floor":25,"key":"SMITH"},{"floor":32,"key":"REST"},{"floor":41,"key":"RECALL"},{"floor":44,"key":"REST"},{"floor":49,"key":"REST"}],"neow_cost":"TEN_PERCENT_HP_LOSS","seed_source_timestamp":421861526910712,"circlet_count":0,"master_deck":["Strike_G+1","Defend_G","Defend_G","Defend_G","Defend_G","Survivor","Neutralize+1","Adrenaline+1","Quick Slash+1","Injury","Dagger Spray","Acrobatics","Wraith Form v2","Caltrops","Deadly Poison","Prepared","Footwork","Well Laid Plans","Tools of the Trade","Catalyst+1","Blade Dance+1","Caltrops+1","Poisoned Stab","Shame","Blur+1","Apotheosis+1","Deadly Poison+1","Catalyst","Leg Sweep+1","Cloak And Dagger+1","Night Terror","Deadly Poison+1","Noxious Fumes","Malaise","Dash","Crippling Poison+1"],"relics":["Ring of the Snake","Golden Idol","Matryoshka","Blood Vial","Bronze Scales","Astrolabe","Dream Catcher","TwistedFunnel","Tiny Chest","Mercury Hourglass","Bottled Tornado","Regal Pillow","Juzu Bracelet","Ornamental Fan","WristBlade","Bottled Lightning","Pear","StoneCalendar","PreservedInsect","Pantograph","Bag of Preparation"],"potions_floor_usage":[27,33,50],"damage_taken":[{"damage":0,"enemies":"Small Slimes","floor":1,"turns":3},{"damage":0,"enemies":"2 Louse","floor":4,"turns":2},{"damage":0,"enemies":"Jaw Worm","floor":5,"turns":3},{"damage":4,"enemies":"2 Fungi Beasts","floor":7,"turns":4},{"damage":11,"enemies":"Gremlin Nob","floor":10,"turns":4},{"damage":1,"enemies":"Looter","floor":11,"turns":3},{"damage":3,"enemies":"3 Louse","floor":12,"turns":3},{"damage":20,"enemies":"3 Sentries","floor":13,"turns":6},{"damage":1,"enemies":"2 Fungi Beasts","floor":14,"turns":4},{"damage":23,"enemies":"Hexaghost","floor":16,"turns":10},{"damage":13,"enemies":"Spheric Guardian","floor":18,"turns":5},{"damage":27,"enemies":"2 Thieves","floor":20,"turns":3},{"damage":5,"enemies":"Book of Stabbing","floor":27,"turns":5},{"damage":7,"enemies":"Gremlin Leader","floor":29,"turns":4},{"damage":7,"enemies":"Snake Plant","floor":30,"turns":4},{"damage":0,"enemies":"Chosen and Byrds","floor":31,"turns":3},{"damage":16,"enemies":"Automaton","floor":33,"turns":9},{"damage":4,"enemies":"3 Darklings","floor":35,"turns":5},{"damage":0,"enemies":"Orb Walker","floor":38,"turns":3},{"damage":5,"enemies":"Giant Head","floor":40,"turns":5},{"damage":36,"enemies":"Nemesis","floor":42,"turns":5},{"damage":31,"enemies":"Reptomancer","floor":45,"turns":7},{"damage":0,"enemies":"Spire Growth","floor":48,"turns":3},{"damage":89,"enemies":"Time Eater","floor":50,"turns":4}],"seed_played":"-2990472942507611469","potions_obtained":[{"floor":4,"key":"GhostInAJar"},{"floor":7,"key":"SteroidPotion"},{"floor":10,"key":"Poison Potion"},{"floor":27,"key":"Dexterity Potion"},{"floor":40,"key":"FearPotion"}],"is_trial":false,"path_per_floor":["M","?","?","M","M","R","M","R","T","E","M","M","E","M","R","B",null,"M","?","M","?","?","R","$","R","T","E","T","E","M","M","R","B",null,"M","?","?","M","$","E","R","E","T","R","E","$","T","M","R","B"],"character_chosen":"THE_SILENT","items_purchased":["Apotheosis","TwistedFunnel","Tiny Chest","Bottled Lightning","Noxious Fumes"],"campfire_rested":5,"item_purchase_floors":[24,24,24,39,39],"current_hp_per_floor":[63,50,50,50,50,50,46,46,46,35,36,35,17,18,36,15,63,50,50,25,25,25,43,43,43,43,40,40,35,30,32,63,47,63,59,59,59,61,61,68,68,34,34,70,41,41,41,43,73,0],"gold":179,"neow_bonus":"THREE_RARE_CARDS","is_prod":false,"is_daily":false,"chose_seed":false,"campfire_upgraded":3,"win_rate":0,"timestamp":1566935222,"path_taken":["M","?","?","M","M","R","M","R","T","E","?","M","E","M","R","BOSS","M","?","M","?","?","R","$","R","T","E","?","E","M","M","R","BOSS","M","?","?","M","$","E","R","E","T","R","E","?","?","M","R","BOSS"],"build_version":"2019-07-17","purchased_purges":0,"victory":false,"max_hp_per_floor":[63,63,63,63,63,63,63,63,63,63,63,63,63,63,63,63,63,63,63,63,63,63,63,63,63,63,63,63,63,63,63,63,63,63,63,63,63,63,63,73,73,73,73,73,73,73,73,73,73,73],"card_choices":[{"not_picked":["Storm of Steel","Malaise"],"picked":"Adrenaline","floor":0},{"not_picked":["Prepared","Outmaneuver"],"picked":"Quick Slash","floor":1},{"not_picked":["Deadly Poison","Bane"],"picked":"Dagger Spray","floor":4},{"not_picked":["Calculated Gamble","Quick Slash"],"picked":"Acrobatics","floor":5},{"not_picked":["Flying Knee","Acrobatics"],"picked":"Wraith Form v2","floor":7},{"not_picked":["Infinite Blades","Predator"],"picked":"Caltrops","floor":10},{"not_picked":["Underhanded Strike","Slice"],"picked":"Deadly Poison","floor":11},{"not_picked":["Masterful Stab","Deflect"],"picked":"Prepared","floor":12},{"not_picked":["Prepared","Caltrops"],"picked":"Footwork","floor":13},{"not_picked":["Cloak And Dagger","Riddle With Holes"],"picked":"Well Laid Plans","floor":14},{"not_picked":["Doppelganger","Storm of Steel"],"picked":"Tools of the Trade","floor":16},{"not_picked":["Concentrate+1","Acrobatics"],"picked":"Poisoned Stab","floor":18},{"not_picked":["Cloak And Dagger","Poisoned Stab"],"picked":"Blur+1","floor":20},{"not_picked":["Deflect","Heel Hook+1"],"picked":"Deadly Poison+1","floor":27},{"not_picked":["Glass Knife","Deflect"],"picked":"Catalyst","floor":29},{"not_picked":["Deadly Poison","Quick Slash"],"picked":"Leg Sweep+1","floor":30},{"not_picked":["Predator+1","Deadly Poison","Blur+1"],"picked":"SKIP","floor":31},{"not_picked":["Sucker Punch+1","Backflip"],"picked":"Cloak And Dagger+1","floor":32},{"not_picked":["After Image","Envenom"],"picked":"Night Terror","floor":33},{"not_picked":["Underhanded Strike+1","Acrobatics+1"],"picked":"Deadly Poison+1","floor":35},{"not_picked":["Deflect","Backflip","Leg Sweep"],"picked":"SKIP","floor":38},{"not_picked":["Eviscerate+1","Deadly Poison","Riddle With Holes"],"picked":"SKIP","floor":40},{"not_picked":["Poisoned Stab","Outmaneuver+1","Choke"],"picked":"SKIP","floor":42},{"not_picked":["Backflip","Sucker Punch+1"],"picked":"Malaise","floor":45},{"not_picked":["Bane+1","Blade Dance"],"picked":"Dash","floor":48},{"not_picked":["Dash","Blade Dance"],"picked":"Crippling Poison+1","floor":49}],"player_experience":198993,"relics_obtained":[{"floor":9,"key":"Matryoshka"},{"floor":10,"key":"Blood Vial"},{"floor":13,"key":"Bronze Scales"},{"floor":26,"key":"Mercury Hourglass"},{"floor":26,"key":"Bottled Tornado"},{"floor":27,"key":"Regal Pillow"},{"floor":28,"key":"Juzu Bracelet"},{"floor":29,"key":"Ornamental Fan"},{"floor":40,"key":"Pear"},{"floor":42,"key":"StoneCalendar"},{"floor":43,"key":"PreservedInsect"},{"floor":45,"key":"Pantograph"},{"floor":47,"key":"Bag of Preparation"}],"event_choices":[{"damage_healed":0,"gold_gain":0,"player_choice":"Entered Light","damage_taken":13,"max_hp_gain":0,"max_hp_loss":0,"event_name":"Shining Light","floor":2,"gold_loss":0,"cards_upgraded":["Strike_G","Neutralize"]},{"damage_healed":0,"gold_gain":0,"player_choice":"Take Wound","damage_taken":0,"relics_obtained":["Golden Idol"],"max_hp_gain":0,"max_hp_loss":0,"event_name":"Golden Idol","floor":3,"gold_loss":0,"cards_obtained":["Injury"]},{"damage_healed":0,"gold_gain":0,"player_choice":"Stole Relic","damage_taken":0,"relics_obtained":["Dream Catcher"],"max_hp_gain":0,"max_hp_loss":0,"event_name":"Addict","floor":19,"gold_loss":0,"cards_obtained":["Shame"]},{"cards_removed":["Strike_G"],"damage_healed":0,"gold_gain":0,"player_choice":"Gave Gold","damage_taken":0,"max_hp_gain":0,"max_hp_loss":0,"event_name":"Beggar","floor":21,"gold_loss":75},{"damage_healed":0,"gold_gain":99,"player_choice":"Stole From Cult","damage_taken":0,"max_hp_gain":0,"max_hp_loss":0,"event_name":"Nest","floor":22,"gold_loss":0},{"cards_removed":["Defend_G"],"damage_healed":0,"gold_gain":0,"player_choice":"Removed Skill","damage_taken":0,"max_hp_gain":0,"max_hp_loss":0,"event_name":"Falling","floor":36,"gold_loss":0},{"damage_healed":0,"gold_gain":0,"player_choice":"Ignored","damage_taken":0,"max_hp_gain":0,"max_hp_loss":0,"event_name":"Tomb of Lord Red Mask","floor":37,"gold_loss":0}],"is_beta":false,"boss_relics":[{"not_picked":["Coffee Dripper","Busted Crown"],"picked":"Astrolabe"},{"not_picked":["Pandora\u0027s Box","Runic Pyramid"],"picked":"WristBlade"}],"items_purged_floors":[],"is_endless":false,"potions_floor_spawned":[4,7,10,14,16,27,29,31,40,42],"killed_by":"Time Eater","ascension_level":1}