{"gold_per_floor":[116,129,129,147,160,189,209,108,157,185,185,185,216,231,231,231],"floor_reached":16,"playtime":464,"items_purged":["Perfected Strike"],"score":122,"play_id":"3d46b85f-a62d-4b31-a10a-61307cddba14","local_time":"20190904054640","is_ascension_mode":false,"campfire_choices":[{"data":"Berserk","floor":12,"key":"SMITH"},{"data":"Havoc","floor":15,"key":"SMITH"}],"neow_cost":"NONE","seed_source_timestamp":297360699058400,"circlet_count":0,"master_deck":["Strike_R","Strike_R","Strike_R","Strike_R+1","Defend_R","Defend_R","Defend_R","Bash","Wild Strike","Perfected Strike","Twin Strike","Shrug It Off","Berserk+1","Shrug It Off","Clash+1","True Grit","Feed","Havoc+1"],"relics":["Burning Blood","Matryoshka","Whetstone","Regal Pillow","Smiling Mask","Golden Idol","Dodecahedron"],"potions_floor_usage":[10,13,16],"damage_taken":[{"damage":1,"enemies":"2 Louse","floor":1,"turns":3},{"damage":0,"enemies":"Small Slimes","floor":2,"turns":2},{"damage":6,"enemies":"Jaw Worm","floor":4,"turns":2},{"damage":0,"enemies":"2 Fungi Beasts","floor":5,"turns":3},{"damage":26,"enemies":"Lagavulin","floor":6,"turns":5},{"damage":18,"enemies":"Blue Slaver","floor":7,"turns":2},{"damage":18,"enemies":"3 Sentries","floor":10,"turns":6},{"damage":8,"enemies":"Lagavulin","floor":13,"turns":7},{"damage":0,"enemies":"Exordium Wildlife","floor":14,"turns":2},{"damage":9,"enemies":"The Guardian","floor":16,"turns":5}],"seed_played":"-3854230067322644406","potions_obtained":[{"floor":2,"key":"GamblersBrew"},{"floor":6,"key":"AttackPotion"},{"floor":7,"key":"Weak Potion"}],"is_trial":false,"path_per_floor":["M","M","?","M","M","E","M","$","T","E","?","R","E","M","R","B"],"character_chosen":"IRONCLAD","items_purchased":["Clash"],"campfire_rested":0,"item_purchase_floors":[8],"current_hp_per_floor":[80,80,80,80,80,60,48,48,48,36,36,36,34,43,43,34],"gold":231,"neow_bonus":"TRANSFORM_CARD","is_prod":false,"is_daily":false,"chose_seed":false,"campfire_upgraded":2,"win_rate":0,"timestamp":1567594000,"path_taken":["M","M","?","M","M","E","M","$","T","E","?","R","E","M","R","BOSS"],"build_version":"2019-07-17","purchased_purges":1,"victory":false,"max_hp_per_floor":[80,80,80,80,80,80,80,80,80,80,74,74,74,77,77,77],"card_choices":[{"not_picked":["Armaments","Seeing Red"],"picked":"Wild Strike","floor":1},{"not_picked":["Thunderclap","Anger"],"picked":"Perfected Strike","floor":2},{"not_picked":["Flame Barrier","Iron Wave"],"picked":"Twin Strike","floor":4},{"not_picked":["Sword Boomerang","Armaments"],"picked":"Shrug It Off","floor":5},{"not_picked":["Warcry","Intimidate"],"picked":"Berserk","floor":6},{"not_picked":["Clothesline","Havoc"],"picked":"Shrug It Off","floor":7},{"not_picked":["Havoc","Dual Wield"],"picked":"True Grit","floor":10},{"not_picked":["Body Slam","Clash"],"picked":"Feed","floor":13},{"not_picked":["Clash","Iron Wave"],"picked":"Havoc","floor":14}],"player_experience":819177,"relics_obtained":[{"floor":6,"key":"Matryoshka"},{"floor":9,"key":"Whetstone"},{"floor":9,"key":"Regal Pillow"},{"floor":10,"key":"Smiling Mask"},{"floor":13,"key":"Dodecahedron"}],"event_choices":[{"cards_removed":["Defend_R"],"damage_healed":0,"gold_gain":0,"player_choice":"Forget","damage_taken":0,"max_hp_gain":0,"max_hp_loss":0,"event_name":"Living Wall","floor":3,"gold_loss":0},{"damage_healed":0,"gold_gain":0,"player_choice":"Lose Max HP","damage_taken":0,"relics_obtained":["Golden Idol"],"max_hp_gain":0,"max_hp_loss":6,"event_name":"Golden Idol","floor":11,"gold_loss":0}],"is_beta":false,"boss_relics":[],"items_purged_floors":[8],"is_endless":false,"potions_floor_spawned":[2,6,7],"killed_by":"The Guardian","ascension_level":0}