{"gold_per_floor":[114,127,127,137,137,137,166,180,205,205,238,238,254,4,4,107,157,177,195,208,227,259,259,276,276,299,315,326,326,326,137,137,240,240,258,278,295,311,331,331,331,331,331,331,363,363,382,382,382,382],"floor_reached":50,"playtime":4233,"items_purged":["Strike_G"],"score":536,"play_id":"f8c66159-f563-4266-8308-1521c6404500","local_time":"20190820124634","is_ascension_mode":false,"campfire_choices":[{"data":"After Image","floor":6,"key":"SMITH"},{"data":"Terror","floor":10,"key":"SMITH"},{"data":"Dagger Spray","floor":15,"key":"SMITH"},{"data":"Dagger Spray","floor":23,"key":"SMITH"},{"data":"Crippling Poison","floor":25,"key":"SMITH"},{"data":"After Image","floor":30,"key":"SMITH"},{"data":"Noxious Fumes","floor":32,"key":"SMITH"},{"data":"Noxious Fumes","floor":40,"key":"SMITH"},{"data":"Dagger Spray","floor":44,"key":"SMITH"},{"data":"Tools of the Trade","floor":46,"key":"SMITH"},{"data":"Well Laid Plans","floor":49,"key":"SMITH"}],"neow_cost":"NONE","seed_source_timestamp":393969408191820,"circlet_count":0,"master_deck":["Defend_G","Defend_G","Defend_G","Defend_G+1","Defend_G","Survivor","Neutralize+1","Outmaneuver","Terror+1","Dagger Spray+1","After Image+1","Backflip","Dagger Spray+1","Blur","After Image+1","Crippling Poison+1","Well Laid Plans+1","Prepared+1","PiercingWail","Quick Slash+1","Underhanded Strike","Dagger Spray","Underhanded Strike","Corpse Explosion","Noxious Fumes+1","Poisoned Stab+1","Predator+1","Poisoned Stab+1","Noxious Fumes+1","Underhanded Strike+1","Deadly Poison+1","Underhanded Strike+1","Madness","Madness","Tools of the Trade+1","Underhanded Strike+1"],"relics":["Ring of the Snake","Bag of Preparation","Happy Flower","Smiling Mask","Mercury Hourglass","Pantograph","Tiny House","Red Mask","Snake Skull","Mummified Hand","Astrolabe","PreservedInsect","Ancient Tea Set"],"potions_floor_usage":[11,16,16,21,22,33,33,38,38,45,50],"damage_taken":[{"damage":5,"enemies":"Small Slimes","floor":1,"turns":4},{"damage":4,"enemies":"2 Louse","floor":2,"turns":4},{"damage":0,"enemies":"Cultist","floor":4,"turns":3},{"damage":8,"enemies":"Gremlin Nob","floor":7,"turns":5},{"damage":3,"enemies":"Looter","floor":8,"turns":3},{"damage":6,"enemies":"3 Sentries","floor":11,"turns":5},{"damage":0,"enemies":"Gremlin Gang","floor":13,"turns":1},{"damage":35,"enemies":"Hexaghost","floor":16,"turns":9},{"damage":6,"enemies":"Chosen","floor":18,"turns":6},{"damage":0,"enemies":"3 Byrds","floor":19,"turns":2},{"damage":7,"enemies":"Shelled Parasite and Fungi","floor":20,"turns":5},{"damage":3,"enemies":"Snake Plant","floor":21,"turns":5},{"damage":5,"enemies":"Masked Bandits","floor":22,"turns":4},{"damage":0,"enemies":"3 Cultists","floor":24,"turns":4},{"damage":8,"enemies":"Snecko","floor":27,"turns":6},{"damage":3,"enemies":"Chosen and Byrds","floor":28,"turns":4},{"damage":42,"enemies":"Champ","floor":33,"turns":13},{"damage":0,"enemies":"3 Shapes","floor":35,"turns":4},{"damage":0,"enemies":"Orb Walker","floor":36,"turns":3},{"damage":0,"enemies":"Transient","floor":37,"turns":5},{"damage":0,"enemies":"Jaw Worm Horde","floor":38,"turns":3},{"damage":5,"enemies":"4 Shapes","floor":39,"turns":4},{"damage":14,"enemies":"Giant Head","floor":45,"turns":7},{"damage":0,"enemies":"Spire Growth","floor":47,"turns":4},{"damage":88,"enemies":"Awakened One","floor":50,"turns":12}],"seed_played":"5035551047858480776","potions_obtained":[{"floor":4,"key":"FearPotion"},{"floor":7,"key":"Strength Potion"},{"floor":8,"key":"Explosive Potion"},{"floor":11,"key":"SpeedPotion"},{"floor":13,"key":"Explosive Potion"},{"floor":17,"key":"Weak Potion"},{"floor":19,"key":"Swift Potion"},{"floor":20,"key":"Block Potion"},{"floor":21,"key":"Swift Potion"},{"floor":24,"key":"Energy Potion"},{"floor":35,"key":"Block Potion"},{"floor":38,"key":"Poison Potion"},{"floor":39,"key":"Dexterity Potion"}],"is_trial":false,"path_per_floor":["M","M","?","M","?","R","E","M","T","R","E","?","M","$","R","B",null,"M","M","M","M","?","R","M","R","T","M","M","?","R","$","R","B",null,"M","M","M","M","M","R","?","?","T","R","E","R","M","?","R","B"],"character_chosen":"THE_SILENT","items_purchased":["Pantograph","Corpse Explosion","Noxious Fumes"],"campfire_rested":0,"item_purchase_floors":[14,31,31],"current_hp_per_floor":[72,68,68,68,68,68,60,57,57,57,51,51,51,51,51,41,82,76,76,69,66,61,61,61,61,61,53,50,50,50,50,50,33,82,82,82,82,82,77,77,67,67,67,67,53,53,53,53,53,0],"gold":382,"neow_bonus":"TEN_PERCENT_HP_BONUS","is_prod":false,"is_daily":false,"chose_seed":false,"campfire_upgraded":11,"win_rate":0,"timestamp":1566294394,"path_taken":["M","M","?","M","?","R","E","?","T","R","E","?","M","$","R","BOSS","M","?","M","M","?","R","M","R","T","M","M","?","R","$","R","BOSS","M","M","M","M","M","R","?","?","T","R","E","R","M","?","R","BOSS"],"build_version":"2019-07-17","purchased_purges":1,"victory":false,"max_hp_per_floor":[77,77,77,77,77,77,77,77,77,77,77,77,77,77,77,77,82,82,82,82,82,82,82,82,82,82,82,82,82,82,82,82,82,82,82,82,82,82,82,82,82,82,82,82,82,82,82,82,82,82],"card_choices":[{"not_picked":["Escape Plan","Slice"],"picked":"Outmaneuver","floor":1},{"not_picked":["Outmaneuver","Slice"],"picked":"Terror","floor":2},{"not_picked":["Outmaneuver","Blade Dance"],"picked":"Dagger Spray","floor":4},{"not_picked":["Prepared","Bouncing Flask"],"picked":"Backflip","floor":7},{"not_picked":["Acrobatics","Bouncing Flask"],"picked":"Dagger Spray","floor":8},{"not_picked":["Flechettes","Slice"],"picked":"Dagger Spray","floor":11},{"not_picked":["Malaise","Endless Agony"],"picked":"Blur","floor":13},{"not_picked":["Doppelganger","Phantasmal Killer"],"picked":"After Image","floor":16},{"not_picked":["Bane","Bouncing Flask"],"picked":"Crippling Poison","floor":17},{"not_picked":["Masterful Stab","Outmaneuver"],"picked":"Well Laid Plans","floor":18},{"not_picked":["Flying Knee","Cloak And Dagger+1"],"picked":"Prepared+1","floor":19},{"not_picked":["Prepared","Slice"],"picked":"PiercingWail","floor":20},{"not_picked":["Terror","Dodge and Roll"],"picked":"Quick Slash+1","floor":21},{"not_picked":["Prepared","Dagger Throw+1"],"picked":"Underhanded Strike","floor":22},{"not_picked":["Sucker Punch","PiercingWail"],"picked":"Dagger Spray","floor":24},{"not_picked":["Terror","Deadly Poison"],"picked":"Underhanded Strike","floor":27},{"not_picked":["Underhanded Strike","Sucker Punch+1","Flying Knee"],"picked":"SKIP","floor":28},{"not_picked":["Heel Hook","Slice"],"picked":"Noxious Fumes","floor":35},{"not_picked":["Flying Knee","Distraction"],"picked":"Underhanded Strike+1","floor":36},{"not_picked":["Quick Slash+1","Flechettes+1"],"picked":"Deadly Poison+1","floor":37},{"not_picked":["Deadly Poison","Endless Agony+1","PiercingWail"],"picked":"SKIP","floor":38},{"not_picked":["Quick Slash+1","Poisoned Stab+1"],"picked":"Underhanded Strike+1","floor":39},{"not_picked":["Cloak And Dagger","All Out Attack+1"],"picked":"Tools of the Trade","floor":45},{"not_picked":["Outmaneuver+1","Prepared+1"],"picked":"Underhanded Strike+1","floor":47}],"player_experience":107291,"relics_obtained":[{"floor":7,"key":"Bag of Preparation"},{"floor":9,"key":"Happy Flower"},{"floor":11,"key":"Smiling Mask"},{"floor":22,"key":"Red Mask"},{"floor":26,"key":"Snake Skull"},{"floor":43,"key":"PreservedInsect"},{"floor":45,"key":"Ancient Tea Set"}],"event_choices":[{"damage_healed":0,"gold_gain":0,"player_choice":"Grow","damage_taken":0,"max_hp_gain":0,"max_hp_loss":0,"event_name":"Living Wall","floor":3,"gold_loss":0,"cards_upgraded":["Neutralize"]},{"damage_healed":0,"gold_gain":0,"cards_transformed":["Strike_G"],"player_choice":"Transformed","damage_taken":0,"max_hp_gain":0,"max_hp_loss":0,"event_name":"Transmorgrifier","floor":5,"gold_loss":0,"cards_obtained":["After Image"]},{"damage_healed":0,"gold_gain":0,"player_choice":"Gave Potion","damage_taken":0,"relics_obtained":["Mercury Hourglass"],"max_hp_gain":0,"max_hp_loss":0,"event_name":"WeMeetAgain","floor":12,"gold_loss":0},{"damage_healed":0,"gold_gain":0,"player_choice":"Fought Bandits","damage_taken":0,"max_hp_gain":0,"max_hp_loss":0,"event_name":"Masked Bandits","floor":22,"gold_loss":0},{"damage_healed":0,"gold_gain":0,"player_choice":"Opened","damage_taken":0,"relics_obtained":["Mummified Hand"],"max_hp_gain":0,"max_hp_loss":0,"event_name":"The Mausoleum","floor":29,"gold_loss":0},{"damage_healed":0,"gold_gain":0,"player_choice":"Embrace Madness","damage_taken":10,"max_hp_gain":0,"max_hp_loss":0,"event_name":"Winding Halls","floor":41,"gold_loss":0,"cards_obtained":["Madness","Madness"]},{"damage_healed":0,"gold_gain":0,"player_choice":"Ignored","damage_taken":0,"max_hp_gain":0,"max_hp_loss":0,"event_name":"Tomb of Lord Red Mask","floor":42,"gold_loss":0},{"cards_removed":["Dagger Spray"],"damage_healed":0,"gold_gain":0,"player_choice":"Removed Attack","damage_taken":0,"max_hp_gain":0,"max_hp_loss":0,"event_name":"Falling","floor":48,"gold_loss":0}],"is_beta":false,"boss_relics":[{"not_picked":["Runic Dome","Pandora\u0027s Box"],"picked":"Tiny House"},{"not_picked":["Velvet Choker","WristBlade"],"picked":"Astrolabe"}],"items_purged_floors":[31],"is_endless":false,"potions_floor_spawned":[4,7,8,11,13,19,20,21,24,35,38,39],"killed_by":"Awakened One","ascension_level":0}