{"gold_per_floor":[10,25,41,1,18,48,67,93,93,120,120,136,136,148,148,223,223,237,18,44,64,79,79,109,109,109,121,121,61,61,1,1,1],"floor_reached":33,"playtime":1059,"items_purged":["Defend_R"],"score":699,"play_id":"b263fb53-8a65-4d08-85c9-55509a4f54f0","local_time":"20190728165600","is_ascension_mode":true,"campfire_choices":[{"data":"Shockwave","floor":13.0,"key":"SMITH"},{"data":"Battle Trance","floor":15.0,"key":"SMITH"},{"data":"True Grit","floor":23.0,"key":"SMITH"},{"data":"Feed","floor":25.0,"key":"SMITH"},{"floor":28,"key":"REST"},{"data":"Disarm","floor":32,"key":"SMITH"}],"neow_cost":"NO_GOLD","seed_source_timestamp":598866045219108,"circlet_count":0,"master_deck":["AscendersBane","Defend_R","Defend_R","Defend_R","Bash","Immolate+1","Shrug It Off","Battle Trance+1","Clothesline","Pommel Strike","Feed+1","Shockwave+1","Impervious","Headbutt","True Grit+1","Disarm+1","Pummel+1","Bite+1","Bite+1","Bite+1","Bite+1","Bite+1"],"special_seed":0,"relics":["Burning Blood","Red Skull","Whetstone","The Courier","Potion Belt","Philosopher\u0027s Stone","Meat on the Bone","Bag of Preparation","Unceasing Top","Molten Egg 2"],"potions_floor_usage":[27,33,33],"damage_taken":[{"damage":7.0,"enemies":"Jaw Worm","floor":1.0,"turns":3.0},{"damage":8.0,"enemies":"Cultist","floor":2.0,"turns":4.0},{"damage":13.0,"enemies":"Small Slimes","floor":3.0,"turns":2.0},{"damage":0.0,"enemies":"Looter","floor":5.0,"turns":2.0},{"damage":12.0,"enemies":"3 Sentries","floor":6.0,"turns":5.0},{"damage":0.0,"enemies":"2 Fungi Beasts","floor":7.0,"turns":2.0},{"damage":27.0,"enemies":"Gremlin Nob","floor":8.0,"turns":4.0},{"damage":17.0,"enemies":"3 Sentries","floor":10.0,"turns":6.0},{"damage":0.0,"enemies":"Blue Slaver","floor":12.0,"turns":1.0},{"damage":1.0,"enemies":"Looter","floor":14.0,"turns":2.0},{"damage":0.0,"enemies":"Slime Boss","floor":16.0,"turns":6.0},{"damage":9.0,"enemies":"Chosen","floor":18.0,"turns":3.0},{"damage":9.0,"enemies":"Shell Parasite","floor":21.0,"turns":3.0},{"damage":20.0,"enemies":"Centurion and Healer","floor":22.0,"turns":5.0},{"damage":37.0,"enemies":"Slavers","floor":24.0,"turns":2.0},{"damage":16,"enemies":"Shelled Parasite and Fungi","floor":27,"turns":3},{"damage":133,"enemies":"Champ","floor":33,"turns":17}],"seed_played":"-1295121459469765792","potions_obtained":[{"floor":2.0,"key":"EssenceOfSteel"},{"floor":7.0,"key":"Dexterity Potion"},{"floor":8.0,"key":"Fire Potion"},{"floor":10.0,"key":"EntropicBrew"},{"floor":12.0,"key":"Strength Potion"},{"floor":16.0,"key":"Strength Potion"},{"floor":18.0,"key":"Swift Potion"},{"floor":22.0,"key":"GamblersBrew"},{"floor":27,"key":"FearPotion"}],"is_trial":false,"path_per_floor":["M","M","M","$","M","E","M","E","T","E","?","M","R","M","R","B",null,"M","$","T","M","M","R","E","R","T","M","R","$","?","$","R","B"],"character_chosen":"IRONCLAD","items_purchased":["Battle Trance","Meat on the Bone","Pummel+1"],"campfire_rested":1,"item_purchase_floors":[4,19,29],"current_hp_per_floor":[67,65,58,58,64,58,64,43,43,35,24,33,33,41,41,47,75,72,72,72,72,61,61,42,42,42,48,76,76,65,65,65,0],"gold":1,"neow_bonus":"THREE_RARE_CARDS","is_prod":false,"is_daily":false,"chose_seed":false,"campfire_upgraded":5,"win_rate":0,"timestamp":1564347360,"path_taken":["M","M","M","$","M","E","M","E","T","E","?","?","R","M","R","BOSS","M","$","?","M","M","R","E","R","T","M","R","$","?","?","R","BOSS"],"build_version":"2019-07-18","purchased_purges":1,"victory":false,"max_hp_per_floor":[75,75,75,75,75,75,75,75,75,78,78,81,81,84,84,84,84,84,84,84,87,90,90,90,90,90,94,94,94,65,65,65,65],"card_choices":[{"not_picked":["Fiend Fire","Barricade"],"picked":"Immolate","floor":0.0},{"not_picked":["Body Slam","Perfected Strike","Flex"],"picked":"SKIP","floor":1.0},{"not_picked":["Infernal Blade","Rupture","Burning Pact"],"picked":"SKIP","floor":2.0},{"not_picked":["True Grit","Flex"],"picked":"Shrug It Off","floor":3.0},{"not_picked":["Sever Soul","Body Slam","Feel No Pain"],"picked":"SKIP","floor":5.0},{"not_picked":["Intimidate","Flex"],"picked":"Clothesline","floor":6.0},{"not_picked":["Burning Pact","Cleave"],"picked":"Pommel Strike","floor":7.0},{"not_picked":["Carnage","Flex"],"picked":"Feed","floor":8.0},{"not_picked":["Second Wind","Flex","Sentinel"],"picked":"SKIP","floor":10.0},{"not_picked":["Headbutt","Armaments"],"picked":"Shockwave","floor":12.0},{"not_picked":["Anger","Battle Trance","Flex"],"picked":"SKIP","floor":14.0},{"not_picked":["Immolate","Fiend Fire"],"picked":"Impervious","floor":16.0},{"not_picked":["Seeing Red","Pommel Strike"],"picked":"Headbutt","floor":18.0},{"not_picked":["Pommel Strike","Evolve+1","Bloodletting+1"],"picked":"SKIP","floor":21.0},{"not_picked":["Clash","Anger"],"picked":"True Grit","floor":22.0},{"not_picked":["Infernal Blade","Pommel Strike","Burning Pact"],"picked":"SKIP","floor":24.0},{"not_picked":["Thunderclap+1","Dual Wield"],"picked":"Disarm","floor":27}],"player_experience":1003373,"relics_obtained":[{"floor":6.0,"key":"Red Skull"},{"floor":8.0,"key":"Whetstone"},{"floor":9.0,"key":"The Courier"},{"floor":10.0,"key":"Potion Belt"},{"floor":20.0,"key":"Bag of Preparation"},{"floor":24.0,"key":"Unceasing Top"},{"floor":26.0,"key":"Molten Egg 2"}],"event_choices":[{"damage_healed":0.0,"max_hp_gain":0.0,"max_hp_loss":0.0,"gold_gain":0.0,"event_name":"Wheel of Change","player_choice":"Damaged","floor":11.0,"gold_loss":0.0,"damage_taken":11.0},{"damage_healed":0,"gold_gain":0,"player_choice":"Became a vampire","damage_taken":0,"max_hp_gain":0,"max_hp_loss":29,"event_name":"Vampires","floor":30,"gold_loss":0,"cards_obtained":["Bite","Bite","Bite","Bite","Bite"]}],"is_beta":true,"boss_relics":[{"not_picked":["Empty Cage","Orrery"],"picked":"Philosopher\u0027s Stone"}],"items_purged_floors":[31],"is_endless":false,"potions_floor_spawned":[2,7,8,10,12,16,18,22,27],"killed_by":"Champ","ascension_level":20}