{"gold_per_floor":[110,110,125,146,146,146,179,179,179,197,197,216,216,231,231,352,352,372,372,392,7,27,27,27,61,142,156,176,176,22,33,33,131,131,149,249,260,260,260],"floor_reached":39,"playtime":2882,"items_purged":["Strike_B"],"score":403,"play_id":"1e6fc345-153e-4cb1-a8e4-b36177a91555","local_time":"20190818105441","is_ascension_mode":false,"campfire_choices":[{"data":"Redo","floor":6.0,"key":"SMITH"},{"data":"Dualcast","floor":8.0,"key":"SMITH"},{"data":"Zap","floor":11.0,"key":"SMITH"},{"data":"Seek","floor":13.0,"key":"SMITH"},{"floor":15.0,"key":"REST"},{"data":"Fission","floor":23.0,"key":"SMITH"},{"floor":29.0,"key":"REST"},{"floor":32.0,"key":"REST"}],"neow_cost":"NONE","seed_source_timestamp":0,"circlet_count":0,"master_deck":["Strike_B","Strike_B","Defend_B","Defend_B","Defend_B+1","Zap+1","Dualcast+1","Ball Lightning","Conserve Battery","Redo+1","Meteor Strike","Iron Wave","Sweeping Beam+1","Beam Cell+1","Seek+1","FTL+1","Fission+1","Consume","Go for the Eyes+1","Defragment","Sunder+1","Sweeping Beam+1","Reinforced Body+1","Leap+1","Tempest","Buffer","Melter+1","Self Repair","Hologram"],"special_seed":0,"relics":["Cracked Core","Bloody Idol","Molten Egg 2","Gremlin Horn","Inserter","Omamori","Oddly Smooth Stone","Letter Opener","War Paint","Nuclear Battery","Shovel"],"potions_floor_usage":[39],"damage_taken":[{"damage":0.0,"enemies":"Cultist","floor":1.0,"turns":2.0},{"damage":0.0,"enemies":"2 Louse","floor":3.0,"turns":2.0},{"damage":5.0,"enemies":"Small Slimes","floor":4.0,"turns":3.0},{"damage":16.0,"enemies":"Lagavulin","floor":7.0,"turns":7.0},{"damage":2.0,"enemies":"3 Louse","floor":10.0,"turns":3.0},{"damage":4.0,"enemies":"Exordium Thugs","floor":12.0,"turns":3.0},{"damage":6.0,"enemies":"Large Slime","floor":14.0,"turns":3.0},{"damage":32.0,"enemies":"Hexaghost","floor":16.0,"turns":9.0},{"damage":13.0,"enemies":"Shell Parasite","floor":18.0,"turns":4.0},{"damage":0.0,"enemies":"3 Byrds","floor":20.0,"turns":3.0},{"damage":20.0,"enemies":"Cultist and Chosen","floor":22.0,"turns":4.0},{"damage":35.0,"enemies":"Slavers","floor":25.0,"turns":3.0},{"damage":4.0,"enemies":"Sentry and Sphere","floor":27.0,"turns":3.0},{"damage":17.0,"enemies":"Centurion and Healer","floor":28.0,"turns":4.0},{"damage":0.0,"enemies":"Chosen and Byrds","floor":31.0,"turns":3.0},{"damage":59.0,"enemies":"Automaton","floor":33.0,"turns":8.0},{"damage":9.0,"enemies":"Orb Walker","floor":35.0,"turns":4.0},{"damage":9.0,"enemies":"Mind Bloom Boss Battle","floor":36.0,"turns":7.0},{"damage":13.0,"enemies":"3 Darklings","floor":37.0,"turns":4.0},{"damage":80,"enemies":"Donu and Deca","floor":39,"turns":7}],"seed_played":"4218900323357002494","potions_obtained":[{"floor":3.0,"key":"FearPotion"},{"floor":10.0,"key":"Block Potion"},{"floor":16.0,"key":"Poison Potion"},{"floor":18.0,"key":"SteroidPotion"},{"floor":20.0,"key":"Explosive Potion"},{"floor":31.0,"key":"FearPotion"},{"floor":35.0,"key":"SneckoOil"},{"floor":36.0,"key":"Swift Potion"},{"floor":37.0,"key":"Explosive Potion"}],"is_trial":false,"path_per_floor":["M","?","M","M","?","R","E","R","T","M","R","M","R","M","R","B",null,"M","?","M","$","M","R","?","E","T","M","M","R","$","M","R","B",null,"M","?","M","?","B"],"character_chosen":"DEFECT","items_purchased":["Defragment","Sunder+1","Sweeping Beam+1","Omamori","War Paint"],"campfire_rested":3,"item_purchase_floors":[21,21,21,21,30],"current_hp_per_floor":[75,57,57,52,52,52,36,36,36,34,34,30,30,24,46,14,75,62,62,67,67,52,52,52,22,27,28,16,38,38,43,65,11,75,71,67,66,66,0],"gold":260,"neow_bonus":"THREE_CARDS","is_prod":false,"is_daily":false,"chose_seed":false,"campfire_upgraded":5,"win_rate":0,"timestamp":1566114881,"path_taken":["M","?","M","M","?","R","E","R","T","M","R","M","R","?","R","BOSS","M","?","M","$","M","R","?","E","T","M","M","R","$","?","R","BOSS","M","?","M","?","BOSS"],"build_version":"2019-07-17","purchased_purges":1,"victory":false,"max_hp_per_floor":[75,75,75,75,75,75,75,75,75,75,75,75,75,75,75,75,75,75,75,75,75,75,75,75,75,75,75,75,75,75,75,75,75,75,75,75,75,75,75],"card_choices":[{"not_picked":["Capacitor","Redo"],"picked":"Ball Lightning","floor":0.0},{"not_picked":["Leap","Steam"],"picked":"Conserve Battery","floor":1.0},{"not_picked":["Hologram","Steam"],"picked":"Redo","floor":3.0},{"not_picked":["Auto Shields","Go for the Eyes"],"picked":"Meteor Strike","floor":4.0},{"not_picked":["Barrage","Coolheaded"],"picked":"Sweeping Beam","floor":7.0},{"not_picked":["Compile Driver+1","Undo"],"picked":"Beam Cell+1","floor":10.0},{"not_picked":["Redo","Hologram"],"picked":"Seek","floor":12.0},{"not_picked":["Steam","Redo"],"picked":"FTL+1","floor":14.0},{"not_picked":["Electrodynamics","Rainbow"],"picked":"Fission","floor":16.0},{"not_picked":["Stack","Skim"],"picked":"Consume","floor":18.0},{"not_picked":["Compile Driver+1","Gash+1"],"picked":"Go for the Eyes+1","floor":20.0},{"not_picked":["Sweeping Beam+1","Biased Cognition"],"picked":"Reinforced Body","floor":22.0},{"not_picked":["Streamline+1","Ball Lightning+1","Sweeping Beam+1"],"picked":"SKIP","floor":25.0},{"not_picked":["Go for the Eyes+1","Hologram"],"picked":"Leap+1","floor":27.0},{"not_picked":["Static Discharge","Redo"],"picked":"Tempest","floor":28.0},{"not_picked":["Cold Snap+1","Steam Power","Leap"],"picked":"SKIP","floor":31.0},{"not_picked":["All For One+1","Echo Form"],"picked":"Buffer","floor":33.0},{"not_picked":["Reinforced Body","Redo"],"picked":"Melter+1","floor":35.0},{"not_picked":["Sweeping Beam+1","Double Energy+1"],"picked":"Self Repair","floor":36.0},{"not_picked":["Steam","Streamline+1"],"picked":"Hologram","floor":37.0}],"player_experience":62959,"relics_obtained":[{"floor":7.0,"key":"Molten Egg 2"},{"floor":9.0,"key":"Gremlin Horn"},{"floor":25.0,"key":"Oddly Smooth Stone"},{"floor":26.0,"key":"Letter Opener"},{"floor":36.0,"key":"Shovel"}],"event_choices":[{"damage_healed":0.0,"max_hp_gain":0.0,"max_hp_loss":0.0,"gold_gain":0.0,"event_name":"Golden Idol","player_choice":"Take Damage","floor":2.0,"gold_loss":0.0,"damage_taken":18.0,"relics_obtained":["Golden Idol"]},{"cards_removed":["Defend_B"],"damage_healed":0.0,"max_hp_gain":0.0,"max_hp_loss":0.0,"gold_gain":0.0,"event_name":"NoteForYourself","player_choice":"Took Card","floor":5.0,"gold_loss":0.0,"damage_taken":0.0,"cards_obtained":["Iron Wave"]},{"damage_healed":0.0,"max_hp_gain":0.0,"max_hp_loss":0.0,"gold_gain":0.0,"event_name":"Forgotten Altar","player_choice":"Gave Idol","floor":19.0,"relics_lost":["Golden Idol"],"gold_loss":0.0,"damage_taken":0.0,"relics_obtained":["Bloody Idol"]},{"cards_removed":["Strike_B"],"damage_healed":0.0,"max_hp_gain":0.0,"max_hp_loss":0.0,"gold_gain":0.0,"event_name":"Purifier","player_choice":"Purged","floor":24.0,"gold_loss":0.0,"damage_taken":0.0},{"damage_healed":0.0,"max_hp_gain":0.0,"max_hp_loss":0.0,"gold_gain":0.0,"event_name":"MindBloom","player_choice":"Fight","floor":36.0,"gold_loss":0.0,"damage_taken":0.0},{"damage_healed":0.0,"max_hp_gain":0.0,"max_hp_loss":0.0,"gold_gain":0.0,"event_name":"SecretPortal","player_choice":"Took Portal","floor":38.0,"gold_loss":0.0,"damage_taken":0.0}],"is_beta":false,"boss_relics":[{"not_picked":["Empty Cage","Tiny House"],"picked":"Inserter"},{"not_picked":["Coffee Dripper","Velvet Choker"],"picked":"Nuclear Battery"}],"items_purged_floors":[21],"is_endless":false,"potions_floor_spawned":[3,10,16,18,20,31,35,36,37],"killed_by":"Donu and Deca","ascension_level":0}