{"gold_per_floor":[11,28,28,28,28,59,24,353,430,440,466,466,466,480,480,551,551,565,578,84,134,144,144,174,197,197,197,97,131,131,142,142,215,215,229,239,239,252,40,75,75,102,102,27,27,46,146,146,146,146],"floor_reached":51,"playtime":3316,"items_purged":["Strike_R","Normality","Shame"],"score":1387,"play_id":"15012bb7-db24-4e60-b823-b779d38e02c9","local_time":"20190902125910","is_ascension_mode":true,"campfire_choices":[{"data":"Inflame","floor":12,"key":"SMITH"},{"data":"Shrug It Off","floor":15,"key":"SMITH"},{"data":"Disarm","floor":23,"key":"SMITH"},{"floor":32,"key":"DIG"},{"floor":41,"key":"REST"},{"data":"Corruption","floor":45,"key":"SMITH"},{"data":"Juggernaut","floor":49,"key":"SMITH"}],"neow_cost":"NO_GOLD","seed_source_timestamp":147647278746900,"circlet_count":0,"master_deck":["AscendersBane","Strike_R+1","Strike_R+1","Strike_R+1","Strike_R+1","Defend_R+1","Defend_R+1","Defend_R+1","Defend_R+1","Bash","Inflame+1","Cleave+1","Anger","Pommel Strike","Disarm+1","Shrug It Off+1","Reaper","Armaments+1","Havoc+1","Spot Weakness","True Grit","Feel No Pain","Sword Boomerang","Disarm","Feel No Pain","Shockwave+1","Juggernaut+1","Armaments+1","Headbutt","Madness","Madness","Corruption+1"],"relics":["Burning Blood","Pocketwatch","Sundial","Calipers","Old Coin","Pear","Juzu Bracelet","Cursed Key","Bag of Preparation","Boot","Strawberry","Meat on the Bone","Enchiridion","Shovel","Potion Belt","Black Star","Centennial Puzzle","PreservedInsect","Singing Bowl","Torii","Unceasing Top"],"potions_floor_usage":[11,16,16,19,29,29,38,40,40,50],"damage_taken":[{"damage":5,"enemies":"2 Louse","floor":1,"turns":3},{"damage":7,"enemies":"Jaw Worm","floor":2,"turns":3},{"damage":20,"enemies":"Lagavulin","floor":6,"turns":7},{"damage":16,"enemies":"Gremlin Nob","floor":8,"turns":3},{"damage":4,"enemies":"Small Slimes","floor":10,"turns":3},{"damage":14,"enemies":"3 Sentries","floor":11,"turns":4},{"damage":10,"enemies":"Looter","floor":14,"turns":3},{"damage":30,"enemies":"Slime Boss","floor":16,"turns":8},{"damage":0,"enemies":"Chosen","floor":18,"turns":4},{"damage":3,"enemies":"2 Thieves","floor":19,"turns":4},{"damage":0,"enemies":"Sentry and Sphere","floor":22,"turns":3},{"damage":14,"enemies":"Gremlin Leader","floor":24,"turns":5},{"damage":24,"enemies":"Slavers","floor":29,"turns":7},{"damage":13,"enemies":"Cultist and Chosen","floor":31,"turns":7},{"damage":49,"enemies":"Collector","floor":33,"turns":9},{"damage":14,"enemies":"Orb Walker","floor":35,"turns":5},{"damage":35,"enemies":"3 Darklings","floor":36,"turns":6},{"damage":37,"enemies":"Jaw Worm Horde","floor":38,"turns":5},{"damage":55,"enemies":"Reptomancer","floor":40,"turns":8},{"damage":7,"enemies":"Nemesis","floor":42,"turns":5},{"damage":1,"enemies":"Transient","floor":46,"turns":6},{"damage":0,"enemies":"Mind Bloom Boss Battle","floor":47,"turns":6},{"damage":69,"enemies":"Time Eater","floor":50,"turns":12}],"seed_played":"-46961807344834132","potions_obtained":[{"floor":1,"key":"Regen Potion"},{"floor":6,"key":"AttackPotion"},{"floor":11,"key":"Swift Potion"},{"floor":14,"key":"Weak Potion"},{"floor":18,"key":"SkillPotion"},{"floor":19,"key":"Dexterity Potion"},{"floor":22,"key":"Dexterity Potion"},{"floor":35,"key":"Block Potion"},{"floor":38,"key":"Block Potion"},{"floor":42,"key":"Dexterity Potion"}],"is_trial":false,"path_per_floor":["M","M","?","T","?","E","?","E","T","M","E","R","?","M","R","B",null,"M","M","$","?","M","R","E","T","T","?","$","E","?","M","R","B",null,"M","M","?","M","$","E","R","E","T","$","R","M","?","T","R","B",null],"character_chosen":"IRONCLAD","items_purchased":["Spot Weakness","True Grit","Feel No Pain","Bag of Preparation","Sword Boomerang","Regen Potion","Corruption"],"campfire_rested":1,"item_purchase_floors":[20,20,20,20,20,39,44],"current_hp_per_floor":[69,68,68,68,68,54,72,62,72,74,66,66,40,36,36,27,71,84,85,85,85,85,85,85,92,92,71,71,53,53,56,56,60,84,90,82,65,46,46,35,62,63,63,63,63,86,98,98,98,54],"gold":146,"neow_bonus":"ONE_RARE_RELIC","is_prod":false,"is_daily":false,"chose_seed":false,"campfire_upgraded":5,"win_rate":0,"timestamp":1567447150,"path_taken":["M","M","?","?","?","E","?","E","T","M","E","R","?","M","R","BOSS","M","M","$","?","M","R","E","?","T","?","$","E","?","M","R","BOSS","M","M","?","M","$","E","R","E","T","$","R","M","?","?","R","BOSS"],"build_version":"2019-07-17","purchased_purges":3,"victory":true,"max_hp_per_floor":[75,75,75,75,75,75,75,75,85,85,85,85,85,85,85,85,85,85,85,85,85,85,85,85,92,92,92,92,92,92,92,92,92,92,92,92,92,92,92,92,92,94,94,94,94,96,98,98,98,98],"card_choices":[{"not_picked":["Dropkick","Body Slam"],"picked":"Inflame","floor":1},{"not_picked":["Thunderclap","Wild Strike"],"picked":"Cleave","floor":2},{"not_picked":["Barricade","Shockwave"],"picked":"Anger","floor":6},{"not_picked":["Flex","Carnage"],"picked":"Pommel Strike","floor":8},{"not_picked":["Flex","Wild Strike","Dropkick"],"picked":"SKIP","floor":10},{"not_picked":["Carnage","Warcry"],"picked":"Disarm","floor":11},{"not_picked":["Iron Wave","Wild Strike"],"picked":"Shrug It Off","floor":14},{"not_picked":["Exhume","Barricade"],"picked":"Reaper","floor":16},{"not_picked":["Wild Strike","Headbutt"],"picked":"Armaments+1","floor":18},{"not_picked":["Wild Strike","Seeing Red"],"picked":"Havoc+1","floor":19},{"not_picked":["Seeing Red","Body Slam","Iron Wave"],"picked":"SKIP","floor":22},{"not_picked":["Uppercut","Hemokinesis"],"picked":"Disarm","floor":24},{"not_picked":["Sword Boomerang","Warcry"],"picked":"Feel No Pain","floor":29},{"not_picked":["Perfected Strike","Clash+1"],"picked":"Shockwave+1","floor":31},{"not_picked":["Exhume","Impervious"],"picked":"Juggernaut","floor":33},{"not_picked":["Havoc","Clothesline"],"picked":"Armaments+1","floor":35},{"not_picked":["Heavy Blade","Sever Soul"],"picked":"Headbutt","floor":36},{"not_picked":["Armaments","Dual Wield","Entrench"],"picked":"SKIP","floor":38},{"not_picked":["Juggernaut","Rampage+1","Metallicize"],"picked":"SKIP","floor":40},{"not_picked":["Iron Wave","Perfected Strike","Body Slam"],"picked":"Singing Bowl","floor":42},{"not_picked":["Twin Strike","Iron Wave","Bloodletting"],"picked":"Singing Bowl","floor":46},{"not_picked":["Thunderclap","Clothesline+1","Entrench"],"picked":"Singing Bowl","floor":47}],"player_experience":781234,"relics_obtained":[{"floor":4,"key":"Sundial"},{"floor":6,"key":"Calipers"},{"floor":8,"key":"Old Coin"},{"floor":9,"key":"Pear"},{"floor":11,"key":"Juzu Bracelet"},{"floor":24,"key":"Boot"},{"floor":25,"key":"Strawberry"},{"floor":26,"key":"Meat on the Bone"},{"floor":27,"key":"Enchiridion"},{"floor":29,"key":"Shovel"},{"floor":32,"key":"Potion Belt"},{"floor":40,"key":"Centennial Puzzle"},{"floor":40,"key":"PreservedInsect"},{"floor":42,"key":"Singing Bowl"},{"floor":42,"key":"Torii"},{"floor":47,"key":"Unceasing Top"}],"event_choices":[{"damage_healed":0,"gold_gain":0,"player_choice":"Grow","damage_taken":0,"max_hp_gain":0,"max_hp_loss":0,"event_name":"Living Wall","floor":3,"gold_loss":0,"cards_upgraded":["Cleave"]},{"damage_healed":0,"gold_gain":0,"player_choice":"Ignored","damage_taken":0,"max_hp_gain":0,"max_hp_loss":0,"event_name":"Liars Game","floor":5,"gold_loss":0},{"damage_healed":18,"gold_gain":0,"player_choice":"Healed","damage_taken":0,"max_hp_gain":0,"max_hp_loss":0,"event_name":"The Cleric","floor":7,"gold_loss":35},{"damage_healed":0,"gold_gain":0,"player_choice":"Entered Light","damage_taken":26,"max_hp_gain":0,"max_hp_loss":0,"event_name":"Shining Light","floor":13,"gold_loss":0,"cards_upgraded":["Strike_R","Strike_R"]},{"damage_healed":0,"gold_gain":50,"player_choice":"Stole From Cult","damage_taken":0,"max_hp_gain":0,"max_hp_loss":0,"event_name":"Nest","floor":21,"gold_loss":0},{"damage_healed":0,"gold_gain":0,"player_choice":"Obtained Book","damage_taken":21,"max_hp_gain":0,"max_hp_loss":0,"event_name":"Cursed Tome","floor":27,"gold_loss":0},{"damage_healed":0,"gold_gain":0,"player_choice":"Simplicity","damage_taken":0,"max_hp_gain":0,"max_hp_loss":0,"event_name":"Back to Basics","floor":30,"gold_loss":0,"cards_upgraded":["Strike_R","Strike_R","Defend_R","Defend_R","Defend_R","Defend_R"]},{"damage_healed":0,"gold_gain":0,"player_choice":"Embrace Madness","damage_taken":17,"max_hp_gain":0,"max_hp_loss":0,"event_name":"Winding Halls","floor":37,"gold_loss":0,"cards_obtained":["Madness","Madness"]},{"damage_healed":0,"gold_gain":0,"player_choice":"Fight","damage_taken":0,"max_hp_gain":0,"max_hp_loss":0,"event_name":"MindBloom","floor":47,"gold_loss":0}],"is_beta":false,"boss_relics":[{"not_picked":["Runic Pyramid","Tiny House"],"picked":"Cursed Key"},{"not_picked":["Pandora\u0027s Box","Coffee Dripper"],"picked":"Black Star"}],"items_purged_floors":[20,28,39],"is_endless":false,"potions_floor_spawned":[1,6,11,14,18,19,22,35,38,42],"ascension_level":17}