{"gold_per_floor":[118,137,137,212,236,236,77,103,152,152,182,232,248,248,248,320,320,336,336,611,526,526,526,560,560,560,3,13,27,27,27,27,105,105,120,120,120,138,34,34,134,134,160,160,160,160,173,173,173,173,173],"floor_reached":51,"playtime":3043,"items_purged":["Pain"],"score":1301,"play_id":"636e2d51-4ee3-424e-9298-129c052015b6","local_time":"20190128202856","is_ascension_mode":true,"campfire_choices":[{"data":"Dagger Throw","floor":6.0,"key":"SMITH"},{"data":"Footwork","floor":15.0,"key":"SMITH"},{"data":"Well Laid Plans","floor":23.0,"key":"SMITH"},{"data":"Deadly Poison","floor":30.0,"key":"SMITH"},{"floor":32.0,"key":"REST"},{"data":"Blur","floor":40,"key":"SMITH"},{"data":"Cloak And Dagger","floor":42,"key":"SMITH"},{"data":"Cloak And Dagger","floor":46,"key":"SMITH"},{"data":"Blur","floor":49,"key":"SMITH"}],"neow_cost":"NONE","seed_source_timestamp":1653481374599912,"circlet_count":0,"master_deck":["AscendersBane","Defend_G+1","Defend_G+1","Defend_G+1","Defend_G+1","Defend_G+1","Strike_G+1","Strike_G+1","Strike_G+1","Strike_G+1","Survivor","Neutralize+1","Endless Agony+1","Well Laid Plans+1","Dash","Deadly Poison+1","Footwork+1","Adrenaline","Predator","Footwork+1","Escape Plan","Dodge and Roll","Dodge and Roll","Envenom","Blur+1","Deadly Poison","Blur+1","Cloak And Dagger+1","Cloak And Dagger+1","Blur+1"],"special_seed":0,"relics":["Ring of the Snake","NeowsBlessing","Juzu Bracelet","Dodecahedron","Centennial Puzzle","Ornamental Fan","Whetstone","Cursed Key","Smiling Mask","The Courier","Mummified Hand","Omamori","DollysMirror","Blood Vial","Eternal Feather","Incense Burner","Lantern"],"potions_floor_usage":[38],"damage_taken":[{"damage":0.0,"enemies":"Cultist","floor":1.0,"turns":1.0},{"damage":0.0,"enemies":"Jaw Worm","floor":2.0,"turns":1.0},{"damage":0.0,"enemies":"Lagavulin","floor":8.0,"turns":1.0},{"damage":6.0,"enemies":"3 Sentries","floor":11.0,"turns":7.0},{"damage":0.0,"enemies":"2 Louse","floor":13.0,"turns":3.0},{"damage":23.0,"enemies":"Hexaghost","floor":16.0,"turns":14.0},{"damage":7.0,"enemies":"Spheric Guardian","floor":18.0,"turns":4.0},{"damage":9.0,"enemies":"Slavers","floor":24.0,"turns":8.0},{"damage":0.0,"enemies":"Shell Parasite","floor":28.0,"turns":4.0},{"damage":2.0,"enemies":"Snecko","floor":29.0,"turns":7.0},{"damage":39.0,"enemies":"Champ","floor":33.0,"turns":27.0},{"damage":5.0,"enemies":"3 Shapes","floor":35.0,"turns":5.0},{"damage":3,"enemies":"Orb Walker","floor":38,"turns":4},{"damage":0,"enemies":"Mind Bloom Boss Battle","floor":41,"turns":8},{"damage":8,"enemies":"Jaw Worm Horde","floor":47,"turns":10},{"damage":53,"enemies":"Awakened One","floor":50,"turns":29},{"damage":31,"enemies":"Time Eater","floor":51,"turns":2}],"seed_played":"1334384334071651344","potions_obtained":[{"floor":1.0,"key":"AttackPotion"},{"floor":2.0,"key":"SteroidPotion"},{"floor":16.0,"key":"Fire Potion"},{"floor":33.0,"key":"Block Potion"},{"floor":41,"key":"SteroidPotion"}],"is_trial":false,"path_per_floor":["M","M","?","?","T","R","$","E","T","?","E","?","M","?","R","B",null,"M","?","?","?","?","R","E","?","T","$","M","M","R","?","R","B",null,"M","?","?","M","$","R","?","R","T","?","?","R","M","?","R","B","B"],"character_chosen":"THE_SILENT","items_purchased":["Well Laid Plans","Dash","Omamori","DollysMirror","Escape Plan","Blood Vial","Dexterity Potion","Blur","Cloak And Dagger"],"campfire_rested":1,"item_purchase_floors":[7,7,27,27,27,27,27,39,39],"current_hp_per_floor":[59,59,59,48,48,48,48,48,48,48,42,36,36,36,36,13,53,46,46,46,46,46,46,37,37,37,37,39,39,39,39,58,21,55,52,52,52,51,51,66,66,66,66,66,66,66,58,58,66,13,0],"gold":173,"neow_bonus":"THREE_ENEMY_KILL","is_prod":false,"is_daily":false,"chose_seed":false,"campfire_upgraded":8,"win_rate":0,"timestamp":1548725336,"path_taken":["M","?","?","?","?","R","$","E","T","?","E","?","M","?","R","BOSS","M","?","?","?","?","R","E","?","T","$","M","M","R","?","R","BOSS","M","?","?","M","$","R","?","R","T","?","?","R","M","?","R","BOSS","BOSS"],"build_version":"2019-01-23","purchased_purges":1,"victory":false,"max_hp_per_floor":[66,66,66,66,66,66,66,66,66,66,66,66,66,66,66,66,66,66,66,66,66,66,66,66,66,66,66,66,66,66,66,66,66,66,66,66,66,66,66,66,66,66,66,66,66,66,66,66,66,66,66],"card_choices":[{"not_picked":["Reflex","Calculated Gamble"],"picked":"Endless Agony","floor":1.0},{"not_picked":["Bane","Cloak And Dagger"],"picked":"Dagger Throw","floor":2.0},{"not_picked":["Tactician","Venomology","Flying Knee"],"picked":"SKIP","floor":8.0},{"not_picked":["Prepared","Dodge and Roll"],"picked":"Deadly Poison","floor":11.0},{"not_picked":["Dagger Throw","Catalyst"],"picked":"Footwork","floor":13.0},{"not_picked":["Die Die Die","Phantasmal Killer"],"picked":"Adrenaline","floor":16.0},{"not_picked":["Slice","Endless Agony","Blade Dance+1"],"picked":"SKIP","floor":18.0},{"not_picked":["Dash","Skewer"],"picked":"Predator","floor":24.0},{"not_picked":["Blade Dance","Distraction"],"picked":"Dodge and Roll","floor":28.0},{"not_picked":["Tactician","Cloak And Dagger"],"picked":"Dodge and Roll","floor":29.0},{"not_picked":["Glass Knife","Wraith Form v2"],"picked":"Envenom","floor":33.0},{"not_picked":["Flechettes","Heel Hook"],"picked":"Blur","floor":35.0},{"not_picked":["Outmaneuver+1","Flying Knee+1"],"picked":"Deadly Poison","floor":38},{"not_picked":["Predator","Dagger Spray"],"picked":"Cloak And Dagger","floor":41},{"not_picked":["Sucker Punch","Well Laid Plans"],"picked":"Blur+1","floor":47}],"player_experience":928966,"relics_obtained":[{"floor":5.0,"key":"Juzu Bracelet"},{"floor":8.0,"key":"Dodecahedron"},{"floor":9.0,"key":"Centennial Puzzle"},{"floor":11.0,"key":"Whetstone"},{"floor":24.0,"key":"The Courier"},{"floor":26.0,"key":"Mummified Hand"},{"floor":41,"key":"Incense Burner"},{"floor":43,"key":"Lantern"}],"event_choices":[{"damage_healed":0.0,"max_hp_gain":0.0,"max_hp_loss":0.0,"gold_gain":0.0,"event_name":"Living Wall","player_choice":"Grow","floor":3.0,"gold_loss":0.0,"damage_taken":0.0,"cards_upgraded":["Neutralize"]},{"damage_healed":0.0,"max_hp_gain":0.0,"max_hp_loss":0.0,"gold_gain":75.0,"event_name":"World of Goop","player_choice":"Gather Gold","floor":4.0,"gold_loss":0.0,"damage_taken":11.0},{"damage_healed":0.0,"max_hp_gain":0.0,"max_hp_loss":0.0,"gold_gain":0.0,"event_name":"WeMeetAgain","player_choice":"Gave Potion","floor":10.0,"gold_loss":0.0,"damage_taken":0.0,"relics_obtained":["Ornamental Fan"]},{"damage_healed":0.0,"max_hp_gain":0.0,"max_hp_loss":0.0,"gold_gain":50.0,"event_name":"FaceTrader","player_choice":"Touch","floor":12.0,"gold_loss":0.0,"damage_taken":6.0},{"cards_removed":["Strike_G"],"damage_healed":0.0,"max_hp_gain":0.0,"max_hp_loss":0.0,"gold_gain":0.0,"event_name":"Purifier","player_choice":"Purged","floor":14.0,"gold_loss":0.0,"damage_taken":0.0},{"damage_healed":0.0,"max_hp_gain":0.0,"max_hp_loss":0.0,"gold_gain":0.0,"event_name":"Ghosts","player_choice":"Ignored","floor":19.0,"gold_loss":0.0,"damage_taken":0.0},{"damage_healed":0.0,"max_hp_gain":0.0,"max_hp_loss":0.0,"gold_gain":275.0,"event_name":"Golden Shrine","player_choice":"Desecrate","floor":20.0,"gold_loss":0.0,"damage_taken":0.0,"cards_obtained":["Regret"]},{"damage_healed":0.0,"max_hp_gain":0.0,"max_hp_loss":0.0,"gold_gain":0.0,"event_name":"Addict","player_choice":"Obtained Relic","floor":21.0,"gold_loss":85.0,"damage_taken":0.0,"relics_obtained":["Smiling Mask"]},{"cards_removed":["Regret"],"damage_healed":0.0,"max_hp_gain":0.0,"max_hp_loss":0.0,"gold_gain":0.0,"event_name":"Wheel of Change","player_choice":"Card Removal","floor":22.0,"gold_loss":0.0,"damage_taken":0.0},{"damage_healed":0.0,"max_hp_gain":0.0,"max_hp_loss":0.0,"gold_gain":0.0,"event_name":"Back to Basics","player_choice":"Simplicity","floor":25.0,"gold_loss":0.0,"damage_taken":0.0,"cards_upgraded":["Defend_G","Defend_G","Defend_G","Defend_G","Defend_G","Strike_G","Strike_G","Strike_G"]},{"damage_healed":0.0,"max_hp_gain":0.0,"max_hp_loss":0.0,"gold_gain":0.0,"event_name":"Beggar","player_choice":"Ignored","floor":31.0,"gold_loss":0.0,"damage_taken":0.0},{"damage_healed":0.0,"max_hp_gain":0.0,"max_hp_loss":0.0,"gold_gain":0.0,"event_name":"SensoryStone","player_choice":"Memory 1","floor":36.0,"gold_loss":0.0,"damage_taken":0.0},{"damage_healed":0,"gold_gain":0,"player_choice":"Ignored","damage_taken":0,"max_hp_gain":0,"max_hp_loss":0,"event_name":"Mysterious Sphere","floor":37,"gold_loss":0},{"damage_healed":0,"gold_gain":0,"player_choice":"Fight","damage_taken":0,"max_hp_gain":0,"max_hp_loss":0,"event_name":"MindBloom","floor":41,"gold_loss":0},{"damage_healed":0,"gold_gain":0,"player_choice":"Ignored","damage_taken":0,"max_hp_gain":0,"max_hp_loss":0,"event_name":"Tomb of Lord Red Mask","floor":44,"gold_loss":0},{"damage_healed":13,"gold_gain":0,"player_choice":"Writhe","damage_taken":0,"max_hp_gain":0,"max_hp_loss":0,"event_name":"Winding Halls","floor":45,"gold_loss":0,"cards_obtained":["Writhe"]},{"cards_removed":["Dagger Throw"],"damage_healed":0,"gold_gain":0,"player_choice":"Removed Attack","damage_taken":0,"max_hp_gain":0,"max_hp_loss":0,"event_name":"Falling","floor":48,"gold_loss":0}],"is_beta":true,"boss_relics":[{"not_picked":["White Beast Statue","Empty Cage"],"picked":"Cursed Key"},{"not_picked":["Tiny House","Philosopher\u0027s Stone"],"picked":"Eternal Feather"}],"items_purged_floors":[27],"is_endless":false,"potions_floor_spawned":[1,2,16,33,41],"killed_by":"Time Eater","ascension_level":20}