{"gold_per_floor":[109,128,128,128,11,46,46,56,81,93,111,111,121,155,155,251,251,264,275,290,45,64,64],"floor_reached":23,"playtime":1280,"items_purged":["Strike_G"],"score":281,"play_id":"8419870d-6ef9-4bf9-8414-71caf8c98663","local_time":"20190820225434","is_ascension_mode":true,"campfire_choices":[{"data":"Die Die Die","floor":7,"key":"SMITH"},{"data":"Catalyst","floor":12,"key":"SMITH"},{"data":"Night Terror","floor":15,"key":"SMITH"}],"neow_cost":"NONE","seed_source_timestamp":433401355742599,"circlet_count":0,"master_deck":["Strike_G","Strike_G+1","Strike_G+1","Defend_G","Defend_G","Defend_G","Defend_G","Defend_G","Survivor","Neutralize","Dash","Cloak And Dagger","Catalyst+1","Well Laid Plans","Die Die Die+1","Bouncing Flask","Outmaneuver","Accuracy","Night Terror+1","Noxious Fumes","Corpse Explosion","Poisoned Stab","Setup+1","Apotheosis","Bouncing Flask+1"],"relics":["Ring of the Snake","NeowsBlessing","Whetstone","Vajra","Boot","Sozu"],"potions_floor_usage":[16,16,18,20],"damage_taken":[{"damage":0,"enemies":"Jaw Worm","floor":1,"turns":1},{"damage":0,"enemies":"2 Louse","floor":2,"turns":1},{"damage":0,"enemies":"3 Sentries","floor":6,"turns":1},{"damage":0,"enemies":"Cultist","floor":8,"turns":3},{"damage":0,"enemies":"2 Fungi Beasts","floor":10,"turns":3},{"damage":0,"enemies":"Exordium Wildlife","floor":11,"turns":1},{"damage":6,"enemies":"Exordium Thugs","floor":13,"turns":3},{"damage":19,"enemies":"Gremlin Nob","floor":14,"turns":4},{"damage":31,"enemies":"Hexaghost","floor":16,"turns":6},{"damage":7,"enemies":"Shell Parasite","floor":18,"turns":3},{"damage":10,"enemies":"3 Byrds","floor":19,"turns":2},{"damage":9,"enemies":"Cultist and Chosen","floor":20,"turns":5},{"damage":20,"enemies":"Shelled Parasite and Fungi","floor":22,"turns":4},{"damage":33,"enemies":"Slavers","floor":23,"turns":2}],"seed_played":"6415361017599300357","potions_obtained":[{"floor":1,"key":"Regen Potion"},{"floor":2,"key":"Weak Potion"},{"floor":8,"key":"Regen Potion"},{"floor":11,"key":"Swift Potion"},{"floor":16,"key":"Block Potion"}],"is_trial":false,"path_per_floor":["M","M","?","?","$","E","R","M","T","M","M","R","M","E","R","B",null,"M","M","M","$","M","E"],"character_chosen":"THE_SILENT","items_purchased":["Catalyst","Well Laid Plans","Apotheosis"],"campfire_rested":0,"item_purchase_floors":[5,5,21],"current_hp_per_floor":[70,70,75,75,75,75,75,75,75,75,75,75,69,50,50,59,75,68,58,49,49,29,0],"gold":64,"neow_bonus":"THREE_ENEMY_KILL","is_prod":false,"is_daily":false,"chose_seed":false,"campfire_upgraded":3,"win_rate":0,"timestamp":1566330874,"path_taken":["M","M","?","?","$","E","R","M","T","M","?","R","M","E","R","BOSS","M","M","M","$","M","E"],"build_version":"2019-07-17","purchased_purges":1,"victory":false,"max_hp_per_floor":[70,70,75,75,75,75,75,75,75,75,75,75,75,75,75,75,75,75,75,75,75,75,75],"card_choices":[{"not_picked":["Reflex","Dagger Spray"],"picked":"Dash","floor":1},{"not_picked":["Reflex","Sucker Punch"],"picked":"Cloak And Dagger","floor":2},{"not_picked":["Sucker Punch","Dagger Spray"],"picked":"Die Die Die","floor":6},{"not_picked":["Cloak And Dagger","Deadly Poison"],"picked":"Bouncing Flask","floor":8},{"not_picked":["Choke","Skewer"],"picked":"Outmaneuver","floor":10},{"not_picked":["All Out Attack","Outmaneuver"],"picked":"Accuracy","floor":11},{"not_picked":["Bane","Escape Plan"],"picked":"Night Terror","floor":13},{"not_picked":["Infinite Blades","Quick Slash"],"picked":"Noxious Fumes","floor":14},{"not_picked":["Bullet Time","Unload"],"picked":"Corpse Explosion","floor":16},{"not_picked":["Accuracy+1","PiercingWail"],"picked":"Poisoned Stab","floor":18},{"not_picked":["Flechettes+1","All Out Attack","Quick Slash"],"picked":"SKIP","floor":19},{"not_picked":["Prepared","Outmaneuver+1"],"picked":"Setup+1","floor":20},{"not_picked":["Skewer","Quick Slash"],"picked":"Bouncing Flask+1","floor":22}],"player_experience":127520,"relics_obtained":[{"floor":6,"key":"Whetstone"},{"floor":9,"key":"Vajra"},{"floor":14,"key":"Boot"}],"event_choices":[{"damage_healed":0,"gold_gain":0,"player_choice":"Donut","damage_taken":0,"max_hp_gain":5,"max_hp_loss":0,"event_name":"Big Fish","floor":3,"gold_loss":0},{"cards_removed":["Strike_G"],"damage_healed":0,"gold_gain":0,"player_choice":"Offered Basic","damage_taken":0,"max_hp_gain":0,"max_hp_loss":0,"event_name":"Bonfire Elementals","floor":4,"gold_loss":0}],"is_beta":false,"boss_relics":[{"not_picked":["Empty Cage","Ring of the Serpent"],"picked":"Sozu"}],"items_purged_floors":[21],"is_endless":false,"potions_floor_spawned":[1,2,8,11,13,16,18,20,22],"killed_by":"Slavers","ascension_level":2}