{"gold_per_floor":[111,131,81,99,99,99,125,139,139,170,170,190,201,218,218,317,317,329,344,344,362,373,373,373,373,373,385,396,412,412,412],"floor_reached":31,"playtime":1032,"items_purged":[],"score":318,"play_id":"f87d1b12-8cd7-4a5b-8cb6-7d5fd6c76818","local_time":"20190829133546","is_ascension_mode":true,"campfire_choices":[{"data":"Streamline","floor":6,"key":"SMITH"},{"data":"White Noise","floor":15,"key":"SMITH"},{"data":"Biased Cognition","floor":23,"key":"SMITH"},{"data":"Machine Learning","floor":25,"key":"SMITH"}],"neow_cost":"NONE","seed_source_timestamp":563487697960192,"circlet_count":0,"master_deck":["Strike_B","Strike_B","Strike_B","Defend_B","Defend_B","Defend_B","Defend_B","Zap","Dualcast","Machine Learning+1","Ball Lightning","Leap","Streamline+1","White Noise+1","Sweeping Beam","Static Discharge","Doom and Gloom","Ball Lightning","Melter","Thunder Strike","Steam+1","Biased Cognition+1","Sunder+1","Decay"],"relics":["Cracked Core","Ancient Tea Set","The Courier","Ginger","Mercury Hourglass","Philosopher\u0027s Stone","Cables"],"potions_floor_usage":[7,21,28,28,29],"damage_taken":[{"damage":0,"enemies":"2 Louse","floor":1,"turns":2},{"damage":6,"enemies":"Jaw Worm","floor":2,"turns":2},{"damage":0,"enemies":"Cultist","floor":4,"turns":3},{"damage":35,"enemies":"3 Sentries","floor":7,"turns":5},{"damage":0,"enemies":"Large Slime","floor":8,"turns":3},{"damage":8,"enemies":"Lagavulin","floor":10,"turns":6},{"damage":3,"enemies":"2 Fungi Beasts","floor":12,"turns":2},{"damage":2,"enemies":"3 Louse","floor":13,"turns":2},{"damage":2,"enemies":"Exordium Wildlife","floor":14,"turns":3},{"damage":0,"enemies":"Slime Boss","floor":16,"turns":5},{"damage":20,"enemies":"3 Byrds","floor":18,"turns":3},{"damage":3,"enemies":"Chosen","floor":19,"turns":3},{"damage":25,"enemies":"Centurion and Healer","floor":21,"turns":5},{"damage":20,"enemies":"Shelled Parasite and Fungi","floor":22,"turns":4},{"damage":7,"enemies":"Snecko","floor":27,"turns":3},{"damage":19,"enemies":"Snake Plant","floor":28,"turns":2},{"damage":2,"enemies":"Cultist and Chosen","floor":29,"turns":4},{"damage":3,"enemies":"Shelled Parasite and Fungi","floor":31,"turns":1}],"seed_played":"-1911956180200752949","potions_obtained":[{"floor":2,"key":"Regen Potion"},{"floor":4,"key":"GamblersBrew"},{"floor":7,"key":"Regen Potion"},{"floor":8,"key":"Ancient Potion"},{"floor":16,"key":"PowerPotion"},{"floor":21,"key":"FairyPotion"},{"floor":27,"key":"Regen Potion"},{"floor":28,"key":"Swift Potion"}],"is_trial":false,"path_per_floor":["M","M","?","M","?","R","E","M","T","E","T","M","M","M","R","B",null,"M","M","?","M","M","R","?","R","T","M","M","M","?","M"],"character_chosen":"DEFECT","items_purchased":[],"campfire_rested":0,"item_purchase_floors":[],"current_hp_per_floor":[75,69,69,69,74,74,53,53,53,45,45,42,40,38,38,38,80,60,57,57,46,26,26,26,26,26,19,5,3,3,0],"gold":412,"neow_bonus":"ONE_RANDOM_RARE_CARD","is_prod":false,"is_daily":false,"chose_seed":false,"campfire_upgraded":4,"win_rate":0,"timestamp":1567074946,"path_taken":["M","M","?","M","?","R","E","M","T","E","?","M","M","?","R","BOSS","M","M","?","M","M","R","?","R","T","M","M","M","?","M"],"build_version":"2019-07-17","purchased_purges":0,"victory":false,"max_hp_per_floor":[75,75,75,75,80,80,80,80,80,80,80,80,80,80,80,80,80,80,80,80,80,80,80,80,80,80,80,80,80,80,80],"card_choices":[{"not_picked":["Go for the Eyes","Beam Cell"],"picked":"Ball Lightning","floor":1},{"not_picked":["Stack","Conserve Battery"],"picked":"Leap","floor":2},{"not_picked":["Rebound","Chill"],"picked":"Streamline","floor":4},{"not_picked":["Fusion","Hello World"],"picked":"White Noise","floor":7},{"not_picked":["Ball Lightning","Turbo"],"picked":"Sweeping Beam","floor":8},{"not_picked":["Rebound","Go for the Eyes"],"picked":"Static Discharge","floor":10},{"not_picked":["Rip and Tear","Skim"],"picked":"Doom and Gloom","floor":12},{"not_picked":["Chill","Sweeping Beam"],"picked":"Ball Lightning","floor":13},{"not_picked":["Steam","Leap"],"picked":"Melter","floor":14},{"not_picked":["Fission","Reboot"],"picked":"Thunder Strike","floor":16},{"not_picked":["Ball Lightning","Sweeping Beam+1"],"picked":"Steam+1","floor":18},{"not_picked":["Melter","Rip and Tear","Streamline"],"picked":"SKIP","floor":19},{"not_picked":["Chaos","Redo"],"picked":"Sunder+1","floor":21},{"not_picked":["Cold Snap","Coolheaded+1","Fission"],"picked":"SKIP","floor":22},{"not_picked":["Beam Cell","Cold Snap","Turbo"],"picked":"SKIP","floor":27},{"not_picked":["Stack","Reboot","Beam Cell"],"picked":"SKIP","floor":28},{"not_picked":["Sweeping Beam","Melter","Stack+1"],"picked":"SKIP","floor":29}],"player_experience":223129,"relics_obtained":[{"floor":7,"key":"Ancient Tea Set"},{"floor":9,"key":"The Courier"},{"floor":10,"key":"Ginger"},{"floor":11,"key":"Mercury Hourglass"},{"floor":26,"key":"Cables"}],"event_choices":[{"cards_removed":["Strike_B"],"damage_healed":0,"gold_gain":0,"player_choice":"Card Removal","damage_taken":0,"max_hp_gain":0,"max_hp_loss":0,"event_name":"The Cleric","floor":3,"gold_loss":50},{"damage_healed":0,"gold_gain":0,"player_choice":"Donut","damage_taken":0,"max_hp_gain":5,"max_hp_loss":0,"event_name":"Big Fish","floor":5,"gold_loss":0},{"damage_healed":0,"gold_gain":0,"player_choice":"Read","damage_taken":0,"max_hp_gain":0,"max_hp_loss":0,"event_name":"The Library","floor":20,"gold_loss":0,"cards_obtained":["Biased Cognition"]},{"damage_healed":0,"gold_gain":0,"player_choice":"Ignored","damage_taken":0,"max_hp_gain":0,"max_hp_loss":0,"event_name":"Ghosts","floor":24,"gold_loss":0},{"damage_healed":0,"gold_gain":0,"player_choice":"Smashed Altar","damage_taken":0,"max_hp_gain":0,"max_hp_loss":0,"event_name":"Forgotten Altar","floor":30,"gold_loss":0,"cards_obtained":["Decay"]}],"is_beta":false,"boss_relics":[{"not_picked":["Snecko Eye","Runic Dome"],"picked":"Philosopher\u0027s Stone"}],"items_purged_floors":[],"is_endless":false,"potions_floor_spawned":[2,4,7,8,16,18,21,27,28],"killed_by":"Shelled Parasite and Fungi","ascension_level":1}