{"gold_per_floor":[109,109,109,11,36,74,74,99,99,138,118,118,139,174,174,263,263,277,290,191,216,91,91,131,145,175,112,124,7,48,66,66,159,159,175,195,210,85,106,106,139,139,139,139,157,157,7,20,20,20],"floor_reached":50,"playtime":1306,"items_purged":["Defend_R","Defend_R","Defend_R","Decay"],"score":1285,"play_id":"4f130bb9-0a32-4841-a560-69f4ddd3292a","local_time":"20190903203558","is_ascension_mode":true,"campfire_choices":[{"data":"Perfected Strike","floor":7.0,"key":"SMITH"},{"data":"Perfected Strike","floor":12.0,"key":"SMITH"},{"data":"Pommel Strike","floor":15.0,"key":"SMITH"},{"data":"Perfected Strike","floor":23.0,"key":"SMITH"},{"floor":28.0,"key":"REST"},{"data":"Perfected Strike","floor":32.0,"key":"SMITH"},{"floor":40,"key":"DIG"},{"floor":46,"key":"DIG"},{"floor":49,"key":"DIG"}],"neow_cost":"NONE","seed_source_timestamp":1774172684653548,"circlet_count":0,"master_deck":["AscendersBane","Strike_R","Strike_R","Strike_R","Strike_R","Strike_R","Defend_R+1","Bash","Flame Barrier+1","Perfected Strike+1","Disarm","Wild Strike","Headbutt","Perfected Strike+1","Pommel Strike+1","Immolate+1","Perfected Strike+1","Armaments","Shrug It Off+1","Shockwave","Wild Strike","Wild Strike+1","Perfected Strike+1","Wild Strike+1","Impervious","Shrug It Off+1","Armaments+1","Normality"],"special_seed":0,"relics":["Burning Blood","NeowsBlessing","Golden Idol","Mercury Hourglass","Matryoshka","Mango","Pen Nib","Cursed Key","Pantograph","MawBank","Tiny Chest","Shovel","Snecko Eye","Strawberry","War Paint","Dream Catcher","Shuriken","Whetstone","Kunai"],"potions_floor_usage":[41,50,50],"damage_taken":[{"damage":0.0,"enemies":"2 Louse","floor":1.0,"turns":1.0},{"damage":0.0,"enemies":"Small Slimes","floor":5.0,"turns":1.0},{"damage":0.0,"enemies":"Lagavulin","floor":6.0,"turns":1.0},{"damage":0.0,"enemies":"Cultist","floor":8.0,"turns":2.0},{"damage":5.0,"enemies":"3 Sentries","floor":10.0,"turns":2.0},{"damage":7.0,"enemies":"Exordium Thugs","floor":13.0,"turns":3.0},{"damage":20.0,"enemies":"Lagavulin","floor":14.0,"turns":5.0},{"damage":18.0,"enemies":"Hexaghost","floor":16.0,"turns":6.0},{"damage":16.0,"enemies":"Shell Parasite","floor":18.0,"turns":3.0},{"damage":22.0,"enemies":"2 Thieves","floor":19.0,"turns":3.0},{"damage":4.0,"enemies":"Cultist and Chosen","floor":21.0,"turns":3.0},{"damage":32.0,"enemies":"Slavers","floor":24.0,"turns":4.0},{"damage":9.0,"enemies":"Centurion and Healer","floor":25.0,"turns":2.0},{"damage":0.0,"enemies":"Book of Stabbing","floor":30.0,"turns":2.0},{"damage":12.0,"enemies":"Chosen and Byrds","floor":31.0,"turns":3.0},{"damage":71.0,"enemies":"Automaton","floor":33.0,"turns":8.0},{"damage":12.0,"enemies":"3 Darklings","floor":35.0,"turns":2.0},{"damage":0.0,"enemies":"Orb Walker","floor":36.0,"turns":1.0},{"damage":0.0,"enemies":"Transient","floor":37.0,"turns":6.0},{"damage":6.0,"enemies":"Sphere and 2 Shapes","floor":39.0,"turns":3.0},{"damage":26,"enemies":"Giant Head","floor":41,"turns":5},{"damage":2,"enemies":"Maw","floor":45,"turns":4},{"damage":0,"enemies":"Transient","floor":48,"turns":6},{"damage":111,"enemies":"Awakened One","floor":50,"turns":10}],"seed_played":"737997703422349110","potions_obtained":[{"floor":1.0,"key":"AttackPotion"},{"floor":6.0,"key":"SteroidPotion"},{"floor":11.0,"key":"Ancient Potion"},{"floor":16.0,"key":"Energy Potion"},{"floor":18.0,"key":"SteroidPotion"},{"floor":24.0,"key":"Block Potion"},{"floor":30.0,"key":"SkillPotion"},{"floor":33.0,"key":"SkillPotion"},{"floor":39.0,"key":"PowerPotion"},{"floor":41,"key":"AttackPotion"}],"is_trial":false,"path_per_floor":["M","?","?","$","M","E","R","M","T","E","?","R","M","E","R","B",null,"M","M","$","M","$","R","E","M","T","?","R","$","E","M","R","B",null,"M","M","M","$","M","R","E","?","T","$","M","R","$","M","R","B"],"character_chosen":"IRONCLAD","items_purchased":["Perfected Strike","Disarm","Shrug It Off","Shockwave","Wild Strike","Perfected Strike"],"campfire_rested":1,"item_purchase_floors":[4,4,20,20,22,29],"current_hp_per_floor":[74,74,48,48,54,60,60,66,66,81,81,81,80,66,66,54,80,70,54,54,56,56,56,30,27,27,27,53,53,59,53,53,13,70,64,70,76,76,76,83,63,63,63,63,67,67,67,73,73,0],"gold":20,"neow_bonus":"THREE_ENEMY_KILL","is_prod":false,"is_daily":false,"chose_seed":false,"campfire_upgraded":5,"win_rate":0,"timestamp":1567557358,"path_taken":["M","?","?","$","M","E","R","M","T","E","?","R","M","E","R","BOSS","M","M","?","M","$","R","E","?","T","?","R","$","E","M","R","BOSS","M","M","M","$","M","R","E","?","T","$","M","R","$","M","R","BOSS"],"build_version":"2019-08-26","purchased_purges":4,"victory":false,"max_hp_per_floor":[75,75,75,75,75,75,75,75,75,89,89,89,89,89,89,89,89,89,89,89,89,89,89,89,89,89,89,89,89,89,89,89,89,89,89,89,89,89,89,96,96,96,96,96,96,96,96,96,96,96],"card_choices":[{"not_picked":["True Grit","Clothesline"],"picked":"Flame Barrier","floor":1.0},{"not_picked":["Body Slam","Iron Wave"],"picked":"Wild Strike","floor":5.0},{"not_picked":["Barricade","Dual Wield"],"picked":"Headbutt","floor":6.0},{"not_picked":["Rampage","Warcry"],"picked":"Perfected Strike","floor":8.0},{"not_picked":["Rupture","Sword Boomerang","Barricade"],"picked":"SKIP","floor":10.0},{"not_picked":["Bloodletting","Rage","Pummel"],"picked":"SKIP","floor":13.0},{"not_picked":["Anger","Armaments"],"picked":"Pommel Strike","floor":14.0},{"not_picked":["Demon Form","Reaper"],"picked":"Immolate","floor":16.0},{"not_picked":["Twin Strike+1","Entrench"],"picked":"Perfected Strike","floor":18.0},{"not_picked":["Cleave","Heavy Blade","Armaments"],"picked":"SKIP","floor":19.0},{"not_picked":["Cleave","Heavy Blade"],"picked":"Armaments","floor":19.0},{"not_picked":["Entrench","Body Slam","Sever Soul+1"],"picked":"SKIP","floor":21.0},{"not_picked":["Havoc","Corruption+1"],"picked":"Wild Strike+1","floor":24.0},{"not_picked":["Havoc","Anger","Carnage"],"picked":"SKIP","floor":25.0},{"not_picked":["Disarm","Bloodletting","Havoc+1"],"picked":"SKIP","floor":30.0},{"not_picked":["Combust+1","Ghostly Armor"],"picked":"Wild Strike","floor":31.0},{"not_picked":["Exhume","Berserk"],"picked":"Impervious","floor":33.0},{"not_picked":["Fire Breathing","Dropkick","Armaments"],"picked":"SKIP","floor":35.0},{"not_picked":["Flex","Warcry"],"picked":"Shrug It Off+1","floor":36.0},{"not_picked":["Shrug It Off","Headbutt","Clash"],"picked":"SKIP","floor":37.0},{"not_picked":["Anger+1","True Grit"],"picked":"Armaments+1","floor":39.0},{"not_picked":["Body Slam+1","Second Wind","Thunderclap"],"picked":"SKIP","floor":41},{"not_picked":["Rampage","Heavy Blade","Sword Boomerang"],"picked":"SKIP","floor":45},{"not_picked":["True Grit","Shrug It Off","Anger"],"picked":"SKIP","floor":48}],"player_experience":1046206,"relics_obtained":[{"floor":6.0,"key":"Mercury Hourglass"},{"floor":9.0,"key":"Matryoshka"},{"floor":10.0,"key":"Mango"},{"floor":14.0,"key":"Pen Nib"},{"floor":24.0,"key":"Pantograph"},{"floor":26.0,"key":"MawBank"},{"floor":26.0,"key":"Tiny Chest"},{"floor":30.0,"key":"Shovel"},{"floor":40,"key":"Strawberry"},{"floor":41,"key":"War Paint"},{"floor":43,"key":"Dream Catcher"},{"floor":43,"key":"Shuriken"},{"floor":46,"key":"Whetstone"},{"floor":49,"key":"Kunai"}],"event_choices":[{"damage_healed":0.0,"max_hp_gain":0.0,"max_hp_loss":0.0,"gold_gain":0.0,"event_name":"Living Wall","player_choice":"Grow","floor":2.0,"gold_loss":0.0,"damage_taken":0.0,"cards_upgraded":["Flame Barrier"]},{"damage_healed":0.0,"max_hp_gain":0.0,"max_hp_loss":0.0,"gold_gain":0.0,"event_name":"Golden Idol","player_choice":"Take Damage","floor":3.0,"gold_loss":0.0,"damage_taken":26.0,"relics_obtained":["Golden Idol"]},{"damage_healed":0.0,"max_hp_gain":0.0,"max_hp_loss":0.0,"gold_gain":0.0,"event_name":"The Woman in Blue","player_choice":"Bought 1 Potion","floor":11.0,"gold_loss":0.0,"damage_taken":0.0},{"cards_removed":["Shame"],"damage_healed":0.0,"max_hp_gain":0.0,"max_hp_loss":0.0,"gold_gain":0.0,"event_name":"Beggar","player_choice":"Gave Gold","floor":27.0,"gold_loss":75.0,"damage_taken":0.0},{"damage_healed":0,"gold_gain":0,"player_choice":"Cursed","damage_taken":0,"max_hp_gain":0,"max_hp_loss":0,"event_name":"Wheel of Change","floor":42,"gold_loss":0,"cards_obtained":["Decay"]}],"is_beta":true,"boss_relics":[{"not_picked":["Runic Dome","Tiny House"],"picked":"Cursed Key"},{"not_picked":["Philosopher\u0027s Stone","Velvet Choker"],"picked":"Snecko Eye"}],"items_purged_floors":[22,29,38,47],"is_endless":false,"potions_floor_spawned":[1,6,13,16,18,24,30,33,39,41,48],"killed_by":"Awakened One","ascension_level":20}