{"gold_per_floor":[210,210,224,236,256,285,302,302],"floor_reached":8,"playtime":348,"items_purged":[],"score":66,"play_id":"f7f24575-0ef2-447e-8580-77bee044a882","local_time":"20190822091529","is_ascension_mode":true,"campfire_choices":[],"neow_cost":"NONE","seed_source_timestamp":557995336059919,"circlet_count":0,"master_deck":["Strike_B","Strike_B","Strike_B","Defend_B","Defend_B","Defend_B","Defend_B","Zap","Dualcast","Sweeping Beam","Doom and Gloom","Creative AI","Chill","Leap","Ball Lightning"],"relics":["Cracked Core","Ancient Tea Set"],"potions_floor_usage":[8],"damage_taken":[{"damage":6,"enemies":"Small Slimes","floor":1,"turns":4},{"damage":0,"enemies":"Cultist","floor":3,"turns":2},{"damage":0,"enemies":"2 Louse","floor":4,"turns":1},{"damage":15,"enemies":"Large Slime","floor":5,"turns":5},{"damage":51,"enemies":"Lagavulin","floor":6,"turns":8},{"damage":12,"enemies":"Lots of Slimes","floor":7,"turns":2},{"damage":17,"enemies":"Gremlin Nob","floor":8,"turns":3}],"seed_played":"-1203020377437250464","potions_obtained":[{"floor":3,"key":"FairyPotion"},{"floor":4,"key":"Regen Potion"}],"is_trial":false,"path_per_floor":["M","?","M","M","M","E","M","E"],"character_chosen":"DEFECT","items_purchased":[],"campfire_rested":0,"item_purchase_floors":[],"current_hp_per_floor":[69,69,69,69,54,3,1,0],"gold":302,"neow_bonus":"HUNDRED_GOLD","is_prod":false,"is_daily":false,"chose_seed":false,"campfire_upgraded":0,"win_rate":0,"timestamp":1566454529,"path_taken":["M","?","M","M","M","E","M","E"],"build_version":"2019-07-17","purchased_purges":0,"victory":false,"max_hp_per_floor":[75,75,75,75,75,75,75,75],"card_choices":[{"not_picked":["Go for the Eyes","Compile Driver"],"picked":"Sweeping Beam","floor":1},{"not_picked":["Go for the Eyes","Chaos"],"picked":"Doom and Gloom","floor":3},{"not_picked":["Redo","Glacier"],"picked":"Creative AI","floor":4},{"not_picked":["Compile Driver","Rebound"],"picked":"Chill","floor":5},{"not_picked":["Genetic Algorithm","Undo"],"picked":"Leap","floor":6},{"not_picked":["Barrage","Aggregate"],"picked":"Ball Lightning","floor":7}],"player_experience":143939,"relics_obtained":[{"floor":6,"key":"Ancient Tea Set"}],"event_choices":[{"cards_removed":["Strike_B"],"damage_healed":0,"gold_gain":0,"player_choice":"Card Removal","damage_taken":0,"max_hp_gain":0,"max_hp_loss":0,"event_name":"Wheel of Change","floor":2,"gold_loss":0}],"is_beta":false,"boss_relics":[],"items_purged_floors":[],"is_endless":false,"potions_floor_spawned":[3,4],"killed_by":"Gremlin Nob","ascension_level":2}