{"gold_per_floor":[113,113,124,134,149,149,181,181,181,209,224,224,238,264,264,339,339,350,425,436,456,8,34,34,62,62,62,62,72,72,82,82,153,153,168,168,268,28,28,28,55,55,81,116,116,136,40,66,66,66],"floor_reached":51,"playtime":3745,"items_purged":["Strike_R","Writhe"],"score":1276,"play_id":"2288472a-16f4-4803-b507-1893677c002a","local_time":"20190807165617","is_ascension_mode":true,"campfire_choices":[{"data":"Shockwave","floor":6,"key":"SMITH"},{"data":"Iron Wave","floor":8,"key":"SMITH"},{"data":"True Grit","floor":15,"key":"SMITH"},{"data":"Havoc","floor":24,"key":"SMITH"},{"floor":28,"key":"REST"},{"data":"Flame Barrier","floor":32,"key":"SMITH"},{"data":"Blind","floor":40,"key":"SMITH"},{"data":"Sentinel","floor":42,"key":"SMITH"},{"floor":49,"key":"REST"}],"neow_cost":"NONE","seed_source_timestamp":6685797302900,"circlet_count":0,"master_deck":["AscendersBane","Strike_R","Strike_R","Strike_R","Strike_R","Defend_R","Defend_R","Defend_R","Defend_R","Bash+1","Clothesline","Iron Wave+1","Shockwave+1","Carnage","Reaper+1","Headbutt+1","Ghostly Armor","True Grit+1","Cleave+1","Impervious","Body Slam+1","Flame Barrier+1","Blind+1","Disarm","Havoc+1","Headbutt+1","Sentinel+1","Barricade","Rage","Madness","Madness","Apotheosis","Pommel Strike+1","Shrug It Off","Carnage+1"],"relics":["Burning Blood","Juzu Bracelet","Molten Egg 2","Question Card","Bottled Lightning","Bronze Scales","Busted Crown","Tiny Chest","Happy Flower","Dream Catcher","Singing Bowl","Kunai","Smiling Mask","Snecko Eye","Unceasing Top","ClockworkSouvenir","Bag of Preparation","Omamori","Peace Pipe","Pantograph"],"potions_floor_usage":[10,11,14,16,16,18,31,33,48,48],"damage_taken":[{"damage":8,"enemies":"Jaw Worm","floor":1,"turns":4},{"damage":9,"enemies":"Small Slimes","floor":3,"turns":4},{"damage":5,"enemies":"Cultist","floor":4,"turns":4},{"damage":19,"enemies":"Exordium Thugs","floor":5,"turns":7},{"damage":10,"enemies":"Gremlin Nob","floor":7,"turns":4},{"damage":24,"enemies":"Lagavulin","floor":10,"turns":9},{"damage":29,"enemies":"Gremlin Gang","floor":11,"turns":5},{"damage":9,"enemies":"Blue Slaver","floor":13,"turns":3},{"damage":9,"enemies":"Gremlin Nob","floor":14,"turns":4},{"damage":31,"enemies":"The Guardian","floor":16,"turns":14},{"damage":8,"enemies":"Spheric Guardian","floor":18,"turns":3},{"damage":11,"enemies":"2 Thieves","floor":20,"turns":3},{"damage":1,"enemies":"Snecko","floor":21,"turns":3},{"damage":11,"enemies":"Book of Stabbing","floor":23,"turns":5},{"damage":50,"enemies":"Gremlin Leader","floor":25,"turns":8},{"damage":0,"enemies":"Sentry and Sphere","floor":29,"turns":4},{"damage":8,"enemies":"Shelled Parasite and Fungi","floor":31,"turns":5},{"damage":71,"enemies":"Champ","floor":33,"turns":14},{"damage":16,"enemies":"Orb Walker","floor":35,"turns":4},{"damage":0,"enemies":"Mind Bloom Boss Battle","floor":37,"turns":5},{"damage":14,"enemies":"Nemesis","floor":44,"turns":7},{"damage":35,"enemies":"3 Darklings","floor":46,"turns":6},{"damage":65,"enemies":"Reptomancer","floor":48,"turns":9},{"damage":10,"enemies":"Awakened One","floor":50,"turns":18}],"seed_played":"-2728242749150600718","potions_obtained":[{"floor":4,"key":"Strength Potion"},{"floor":5,"key":"BloodPotion"},{"floor":7,"key":"SpeedPotion"},{"floor":11,"key":"SmokeBomb"},{"floor":12,"key":"BloodPotion"},{"floor":12,"key":"Energy Potion"},{"floor":14,"key":"Weak Potion"},{"floor":16,"key":"AttackPotion"},{"floor":18,"key":"Weak Potion"},{"floor":25,"key":"EssenceOfSteel"},{"floor":37,"key":"BloodPotion"},{"floor":44,"key":"GamblersBrew"}],"is_trial":false,"path_per_floor":["M","?","M","M","M","R","E","R","T","E","M","?","M","E","R","B",null,"M","?","M","M","$","E","R","E","T","T","R","M","?","M","R","B",null,"M","?","?","$","?","R","T","R","T","E","?","M","$","E","R","B",null],"character_chosen":"IRONCLAD","items_purchased":["Blind","Disarm","Tiny Chest","Energy Potion","Havoc","ClockworkSouvenir","Rage","Shrug It Off"],"campfire_rested":2,"item_purchase_floors":[22,22,22,22,22,38,38,47],"current_hp_per_floor":[66,59,56,57,44,44,40,40,40,29,37,37,34,38,38,31,64,67,60,55,60,60,62,62,31,31,31,53,61,61,72,72,14,63,62,62,70,70,60,60,60,60,60,54,51,43,43,17,43,71],"gold":66,"neow_bonus":"UPGRADE_CARD","is_prod":false,"is_daily":false,"chose_seed":false,"campfire_upgraded":7,"win_rate":0,"timestamp":1565214977,"path_taken":["M","?","M","M","M","R","E","R","T","E","M","?","M","E","R","BOSS","M","?","M","M","$","E","R","E","T","?","R","M","?","M","R","BOSS","M","?","?","$","?","R","?","R","T","E","?","M","$","E","R","BOSS"],"build_version":"2019-07-17","purchased_purges":2,"victory":true,"max_hp_per_floor":[75,75,75,75,75,75,75,75,75,75,75,75,75,75,75,75,75,75,75,75,75,75,75,75,75,75,75,75,77,77,79,79,79,79,81,81,83,83,83,83,83,83,83,85,87,87,87,89,89,89],"card_choices":[{"not_picked":["Ghostly Armor","Warcry"],"picked":"Clothesline","floor":1},{"not_picked":["Carnage","Inflame"],"picked":"Iron Wave","floor":3},{"not_picked":["Intimidate","Combust"],"picked":"Shockwave","floor":4},{"not_picked":["Searing Blow","Flex"],"picked":"Carnage","floor":5},{"not_picked":["Wild Strike","Evolve"],"picked":"Reaper","floor":7},{"not_picked":["Clothesline+1","Pommel Strike+1","Battle Trance","Headbutt+1"],"picked":"SKIP","floor":10},{"not_picked":["Clothesline+1","Pommel Strike+1","Battle Trance"],"picked":"Headbutt+1","floor":10},{"not_picked":["Anger+1","Twin Strike+1","Warcry"],"picked":"Ghostly Armor","floor":11},{"not_picked":["Dark Embrace","Burning Pact","Flex"],"picked":"True Grit","floor":13},{"not_picked":["Uppercut+1","Bloodletting","Armaments"],"picked":"Cleave+1","floor":14},{"not_picked":["Brutality","Barricade","Limit Break"],"picked":"Impervious","floor":16},{"not_picked":["Iron Wave+1"],"picked":"Body Slam+1","floor":18},{"not_picked":["True Grit"],"picked":"Flame Barrier","floor":20},{"not_picked":["Flame Barrier","Sword Boomerang+1"],"picked":"SKIP","floor":21},{"not_picked":["Iron Wave+1"],"picked":"Headbutt+1","floor":23},{"not_picked":["Clash+1","Armaments"],"picked":"SKIP","floor":25},{"not_picked":["Combust+1"],"picked":"Sentinel","floor":28},{"not_picked":["Heavy Blade+1","Fiend Fire+1"],"picked":"Singing Bowl","floor":29},{"not_picked":["Fire Breathing","Seeing Red"],"picked":"Singing Bowl","floor":31},{"not_picked":["Bludgeon+1"],"picked":"Barricade","floor":33},{"not_picked":["Dropkick+1","Cleave+1"],"picked":"Singing Bowl","floor":35},{"not_picked":["Perfected Strike+1","Heavy Blade+1"],"picked":"Singing Bowl","floor":37},{"not_picked":["Warcry","Iron Wave+1"],"picked":"Singing Bowl","floor":44},{"not_picked":["Enlightenment"],"picked":"Apotheosis","floor":45},{"not_picked":["Blind","Discovery"],"picked":"Singing Bowl","floor":45},{"not_picked":["Dropkick+1"],"picked":"Pommel Strike+1","floor":46},{"not_picked":["Uppercut+1","Anger+1"],"picked":"Singing Bowl","floor":48},{"not_picked":["Headbutt+1"],"picked":"Carnage+1","floor":49}],"player_experience":496335,"relics_obtained":[{"floor":7,"key":"Molten Egg 2"},{"floor":9,"key":"Question Card"},{"floor":10,"key":"Bottled Lightning"},{"floor":14,"key":"Bronze Scales"},{"floor":23,"key":"Happy Flower"},{"floor":25,"key":"Dream Catcher"},{"floor":26,"key":"Singing Bowl"},{"floor":27,"key":"Kunai"},{"floor":37,"key":"Unceasing Top"},{"floor":41,"key":"Bag of Preparation"},{"floor":43,"key":"Omamori"},{"floor":44,"key":"Peace Pipe"},{"floor":48,"key":"Pantograph"}],"event_choices":[{"damage_healed":0,"gold_gain":0,"player_choice":"Success","damage_taken":7,"relics_obtained":["Juzu Bracelet"],"max_hp_gain":0,"max_hp_loss":0,"event_name":"Scrap Ooze","floor":2,"gold_loss":0},{"damage_healed":0,"gold_gain":0,"player_choice":"Got Potions","damage_taken":0,"max_hp_gain":0,"max_hp_loss":0,"event_name":"Lab","floor":12,"gold_loss":0},{"damage_healed":0,"gold_gain":75,"player_choice":"Touch","damage_taken":7,"max_hp_gain":0,"max_hp_loss":0,"event_name":"FaceTrader","floor":19,"gold_loss":0},{"damage_healed":0,"gold_gain":0,"player_choice":"Opened","damage_taken":0,"relics_obtained":["Smiling Mask"],"max_hp_gain":0,"max_hp_loss":0,"event_name":"The Mausoleum","floor":30,"gold_loss":0,"cards_obtained":["Writhe"]},{"damage_healed":0,"gold_gain":0,"player_choice":"Ignored","damage_taken":0,"max_hp_gain":0,"max_hp_loss":0,"event_name":"Tomb of Lord Red Mask","floor":36,"gold_loss":0},{"damage_healed":0,"gold_gain":0,"player_choice":"Fight","damage_taken":0,"max_hp_gain":0,"max_hp_loss":0,"event_name":"MindBloom","floor":37,"gold_loss":0},{"damage_healed":0,"gold_gain":0,"player_choice":"Embrace Madness","damage_taken":10,"max_hp_gain":0,"max_hp_loss":0,"event_name":"Winding Halls","floor":39,"gold_loss":0,"cards_obtained":["Madness","Madness"]},{"damage_healed":0,"gold_gain":0,"player_choice":"Memory 2","damage_taken":5,"max_hp_gain":0,"max_hp_loss":0,"event_name":"SensoryStone","floor":45,"gold_loss":0}],"is_beta":false,"boss_relics":[{"not_picked":["Lizard Tail","Coffee Dripper"],"picked":"Busted Crown"},{"not_picked":["Cursed Key","Tiny House"],"picked":"Snecko Eye"}],"items_purged_floors":[22,47],"is_endless":false,"potions_floor_spawned":[4,5,7,11,14,16,18,25,29,37,44],"ascension_level":14}