{"gold_per_floor":[111,7,7,7,18,48,59,59,59,59,69,69,102,113,113,113],"floor_reached":16,"playtime":640,"items_purged":[],"score":204,"play_id":"aa3ed902-4b46-4619-89e5-74873e58dc5f","local_time":"20190902120330","is_ascension_mode":true,"campfire_choices":[{"data":"Corruption","floor":10,"key":"SMITH"},{"floor":12,"key":"REST"},{"data":"True Grit","floor":15,"key":"SMITH"}],"neow_cost":"NONE","seed_source_timestamp":146994356306000,"circlet_count":0,"master_deck":["AscendersBane","Strike_R","Strike_R","Strike_R","Strike_R","Defend_R+1","Defend_R","Defend_R+1","Defend_R","Bash","Hemokinesis+1","Corruption+1","Anger","Iron Wave","Dark Embrace","Seeing Red","Inflame","Offering","True Grit+1"],"relics":["Burning Blood","Blue Candle","Oddly Smooth Stone","Gremlin Horn","War Paint"],"potions_floor_usage":[],"damage_taken":[{"damage":14,"enemies":"Jaw Worm","floor":1,"turns":4},{"damage":14,"enemies":"Small Slimes","floor":5,"turns":5},{"damage":20,"enemies":"Gremlin Nob","floor":6,"turns":3},{"damage":3,"enemies":"Cultist","floor":7,"turns":3},{"damage":13,"enemies":"Looter","floor":11,"turns":3},{"damage":18,"enemies":"Lagavulin","floor":13,"turns":6},{"damage":6,"enemies":"3 Louse","floor":14,"turns":3},{"damage":46,"enemies":"Slime Boss","floor":16,"turns":8}],"seed_played":"2666299999470133945","potions_obtained":[{"floor":6,"key":"Dexterity Potion"},{"floor":7,"key":"LiquidBronze"}],"is_trial":false,"path_per_floor":["M","$","?","?","M","E","M","?","T","R","M","R","E","M","R","B"],"character_chosen":"IRONCLAD","items_purchased":["Corruption","Anger"],"campfire_rested":1,"item_purchase_floors":[2,2],"current_hp_per_floor":[67,67,60,60,52,38,41,30,30,30,23,47,35,35,35,0],"gold":113,"neow_bonus":"TEN_PERCENT_HP_BONUS","is_prod":false,"is_daily":false,"chose_seed":false,"campfire_upgraded":2,"win_rate":0,"timestamp":1567443810,"path_taken":["M","$","?","?","M","E","M","?","T","R","?","R","E","M","R","BOSS"],"build_version":"2019-07-17","purchased_purges":0,"victory":false,"max_hp_per_floor":[82,82,82,82,82,82,82,82,82,82,82,82,82,82,82,82],"card_choices":[{"not_picked":["Twin Strike","Clothesline"],"picked":"Hemokinesis","floor":1},{"not_picked":["Clothesline","Blood for Blood"],"picked":"Iron Wave","floor":5},{"not_picked":["Sever Soul","Berserk"],"picked":"Dark Embrace","floor":6},{"not_picked":["Anger","Twin Strike"],"picked":"Seeing Red","floor":7},{"not_picked":["Armaments","Clash"],"picked":"Inflame","floor":11},{"not_picked":["Blood for Blood","Clash"],"picked":"Offering","floor":13},{"not_picked":["Perfected Strike","Heavy Blade"],"picked":"True Grit","floor":14}],"player_experience":780594,"relics_obtained":[{"floor":6,"key":"Blue Candle"},{"floor":9,"key":"Gremlin Horn"},{"floor":13,"key":"War Paint"}],"event_choices":[{"cards_removed":["Strike_R"],"damage_healed":0,"gold_gain":0,"player_choice":"Card Removal","damage_taken":7,"max_hp_gain":0,"max_hp_loss":0,"event_name":"Golden Wing","floor":3,"gold_loss":0},{"damage_healed":0,"gold_gain":0,"player_choice":"Grow","damage_taken":0,"max_hp_gain":0,"max_hp_loss":0,"event_name":"Living Wall","floor":4,"gold_loss":0,"cards_upgraded":["Hemokinesis"]},{"damage_healed":0,"gold_gain":0,"player_choice":"Success","damage_taken":11,"relics_obtained":["Oddly Smooth Stone"],"max_hp_gain":0,"max_hp_loss":0,"event_name":"Scrap Ooze","floor":8,"gold_loss":0}],"is_beta":false,"boss_relics":[],"items_purged_floors":[],"is_endless":false,"potions_floor_spawned":[6,7,11,13],"killed_by":"Slime Boss","ascension_level":17}