{"gold_per_floor":[118,3,13,13,13,39,58,58,58,58,58,58,91,107,107,107],"floor_reached":16,"playtime":1012,"items_purged":["Writhe"],"score":205,"play_id":"ad0db408-1d1b-44d8-8c30-93442c269b48","local_time":"20190904063147","is_ascension_mode":true,"campfire_choices":[{"floor":8,"key":"DIG"},{"data":"Sword Boomerang","floor":10,"key":"SMITH"},{"floor":12,"key":"DIG"},{"floor":15,"key":"REST"}],"neow_cost":"CURSE","seed_source_timestamp":299521049427500,"circlet_count":0,"master_deck":["AscendersBane","Strike_R","Strike_R+1","Strike_R","Defend_R","Defend_R","Defend_R","Defend_R","Bash","Second Wind","Ghostly Armor","Rampage","Shockwave","Cleave+1","Sword Boomerang+1","Havoc","Offering","Warcry"],"relics":["Burning Blood","Shovel","Vajra","Whetstone","Ginger","Gremlin Horn","Charon\u0027s Ashes"],"potions_floor_usage":[14],"damage_taken":[{"damage":3,"enemies":"2 Louse","floor":1,"turns":4},{"damage":2,"enemies":"Jaw Worm","floor":3,"turns":5},{"damage":43,"enemies":"Gremlin Nob","floor":6,"turns":5},{"damage":0,"enemies":"Cultist","floor":7,"turns":4},{"damage":51,"enemies":"Lagavulin","floor":13,"turns":8},{"damage":5,"enemies":"Large Slime","floor":14,"turns":5},{"damage":37,"enemies":"The Guardian","floor":16,"turns":11}],"seed_played":"-8586173699962634181","potions_obtained":[{"floor":13,"key":"GamblersBrew"}],"is_trial":false,"path_per_floor":["M","$","M","?","$","E","M","R","T","R","?","R","E","M","R","B"],"character_chosen":"IRONCLAD","items_purchased":["Shockwave"],"campfire_rested":1,"item_purchase_floors":[2],"current_hp_per_floor":[71,71,75,64,64,27,33,33,33,33,58,58,13,14,36,0],"gold":107,"neow_bonus":"TRANSFORM_TWO_CARDS","is_prod":false,"is_daily":false,"chose_seed":false,"campfire_upgraded":1,"win_rate":0,"timestamp":1567596707,"path_taken":["M","$","M","?","$","E","M","R","T","R","?","R","E","?","R","BOSS"],"build_version":"2019-07-17","purchased_purges":1,"victory":false,"max_hp_per_floor":[75,75,75,75,75,75,75,75,75,75,75,75,75,75,75,75],"card_choices":[{"not_picked":["Cleave","Havoc"],"picked":"Rampage","floor":1},{"not_picked":["Shrug It Off","Inflame"],"picked":"Cleave","floor":3},{"not_picked":["Combust","Metallicize"],"picked":"Sword Boomerang","floor":6},{"not_picked":["Perfected Strike","Fire Breathing"],"picked":"Havoc","floor":7},{"not_picked":["Burning Pact","Twin Strike"],"picked":"Offering","floor":13},{"not_picked":["Pommel Strike","Cleave"],"picked":"Warcry","floor":14}],"player_experience":821304,"relics_obtained":[{"floor":6,"key":"Vajra"},{"floor":8,"key":"Whetstone"},{"floor":9,"key":"Ginger"},{"floor":12,"key":"Gremlin Horn"},{"floor":13,"key":"Charon\u0027s Ashes"}],"event_choices":[{"damage_healed":0,"gold_gain":0,"player_choice":"Success","damage_taken":11,"relics_obtained":["Shovel"],"max_hp_gain":0,"max_hp_loss":0,"event_name":"Scrap Ooze","floor":4,"gold_loss":0},{"damage_healed":25,"gold_gain":0,"player_choice":"Banana","damage_taken":0,"max_hp_gain":0,"max_hp_loss":0,"event_name":"Big Fish","floor":11,"gold_loss":0}],"is_beta":false,"boss_relics":[],"items_purged_floors":[2],"is_endless":false,"potions_floor_spawned":[13],"killed_by":"The Guardian","ascension_level":18}