{"gold_per_floor":[115,131,143,162,462,490,490,565,565,598,617,4,4,21,21,125,125,137,236,261,186,23,23,54,67,67,87,168,233,233,233,233,337,337,348,193,210,230,241,266,266,266],"floor_reached":42,"playtime":1993,"items_purged":[],"score":654,"play_id":"18f806b7-17bf-4222-86c8-5545b29008d6","local_time":"20190901173552","is_ascension_mode":true,"campfire_choices":[{"data":"Dualcast","floor":7,"key":"SMITH"},{"data":"Beam Cell","floor":15,"key":"SMITH"},{"data":"Defragment","floor":23,"key":"SMITH"},{"data":"Double Energy","floor":30,"key":"SMITH"},{"floor":32,"key":"REST"},{"floor":41,"key":"REST"}],"neow_cost":"NONE","seed_source_timestamp":0,"circlet_count":0,"master_deck":["Zap+1","Dualcast+1","Core Surge","Gash","Leap","Beam Cell+1","Ball Lightning","Self Repair","Sweeping Beam","Static Discharge","Ball Lightning","Core Surge","Hello World","Ball Lightning","Redo","Turbo","Aggregate","Darkness","Defragment+1","Double Energy+1","Thunder Strike","Leap+1","Steam+1","Go for the Eyes+1","Fission","Gash","Parasite","Ball Lightning+1","Melter"],"special_seed":0,"relics":["Cracked Core","Old Coin","StoneCalendar","Torii","Pear","FossilizedHelix","Unceasing Top","Pandora\u0027s Box","Red Mask","WingedGreaves","Happy Flower","Bottled Tornado","Tiny Chest","Sozu","Vajra","Thread and Needle"],"potions_floor_usage":[33,39],"damage_taken":[{"damage":0.0,"enemies":"Cultist","floor":1.0,"turns":3.0},{"damage":0.0,"enemies":"Small Slimes","floor":2.0,"turns":3.0},{"damage":0.0,"enemies":"2 Louse","floor":3.0,"turns":3.0},{"damage":0.0,"enemies":"Looter","floor":4.0,"turns":3.0},{"damage":14.0,"enemies":"Gremlin Nob","floor":6.0,"turns":4.0},{"damage":22,"enemies":"Lagavulin","floor":10,"turns":6},{"damage":1,"enemies":"3 Louse","floor":11,"turns":4},{"damage":0,"enemies":"Large Slime","floor":14,"turns":4},{"damage":28,"enemies":"The Guardian","floor":16,"turns":7},{"damage":22,"enemies":"Shell Parasite","floor":18,"turns":5},{"damage":11,"enemies":"Masked Bandits","floor":20,"turns":3},{"damage":31,"enemies":"Gremlin Leader","floor":24,"turns":3},{"damage":5,"enemies":"3 Byrds","floor":25,"turns":3},{"damage":15,"enemies":"Snecko","floor":27,"turns":4},{"damage":2,"enemies":"Book of Stabbing","floor":29,"turns":3},{"damage":0,"enemies":"Champ","floor":33,"turns":8},{"damage":3,"enemies":"3 Shapes","floor":35,"turns":3},{"damage":22,"enemies":"3 Darklings","floor":37,"turns":4},{"damage":20,"enemies":"4 Shapes","floor":38,"turns":4},{"damage":0,"enemies":"Writhing Mass","floor":39,"turns":2},{"damage":59,"enemies":"Nemesis","floor":40,"turns":5},{"damage":47,"enemies":"Reptomancer","floor":42,"turns":2}],"seed_played":"-1135054446606408467","potions_obtained":[{"floor":2.0,"key":"EssenceOfSteel"},{"floor":6,"key":"Ancient Potion"},{"floor":10,"key":"Energy Potion"},{"floor":25,"key":"Strength Potion"},{"floor":29,"key":"Regen Potion"},{"floor":33,"key":"Dexterity Potion"}],"is_trial":false,"path_per_floor":["M","M","M","M","?","E","R","?","T","E","M","$","?","M","R","B",null,"M","?","?","?","$","R","E","M","T","M","T","E","R","?","R","B",null,"M","$","M","M","M","E","R","E"],"character_chosen":"DEFECT","items_purchased":["FossilizedHelix","Unceasing Top","Thunder Strike","Vajra"],"campfire_rested":2,"item_purchase_floors":[12,12,22,36],"current_hp_per_floor":[75,75,75,75,72,58,58,47,47,42,48,48,48,55,55,34,85,70,70,66,66,66,66,42,37,37,29,29,34,34,18,45,67,90,87,87,72,59,66,14,41,0],"gold":266,"neow_bonus":"ONE_RANDOM_RARE_CARD","is_prod":false,"is_daily":false,"chose_seed":false,"campfire_upgraded":4,"win_rate":0,"timestamp":1567348552,"path_taken":["M","M","M","M","?","E","R","?","T","E","M","$","?","M","R","BOSS","M","?","?","?","$","R","E","M","T","M","?","E","R","?","R","BOSS","M","$","M","M","M","E","R","E"],"build_version":"2019-07-17","purchased_purges":0,"victory":false,"max_hp_per_floor":[75,75,75,75,75,75,75,75,75,85,85,85,85,85,85,85,85,85,85,85,85,85,85,85,85,85,85,85,85,85,90,90,90,90,90,90,90,90,90,90,90,90],"card_choices":[{"not_picked":["Conserve Battery","Leap"],"picked":"Gash","floor":1.0},{"not_picked":["FTL","Heatsinks"],"picked":"Leap","floor":2.0},{"not_picked":["Leap","Coolheaded"],"picked":"Beam Cell","floor":3.0},{"not_picked":["Cold Snap","Hello World"],"picked":"Ball Lightning","floor":4.0},{"not_picked":["Genetic Algorithm","Hyperbeam"],"picked":"Self Repair","floor":6},{"not_picked":["Turbo","Leap"],"picked":"Sweeping Beam","floor":10},{"not_picked":["Stack","Scrape"],"picked":"Static Discharge","floor":11},{"not_picked":["Chaos","Redo"],"picked":"Ball Lightning","floor":14},{"not_picked":["Meteor Strike","Reboot"],"picked":"Core Surge","floor":16},{"not_picked":["Beam Cell+1","Undo","Barrage"],"picked":"SKIP","floor":18},{"not_picked":["Static Discharge","Hello World+1"],"picked":"Double Energy","floor":20},{"not_picked":["Genetic Algorithm","Barrage"],"picked":"Leap+1","floor":24},{"not_picked":["Storm","Turbo"],"picked":"Steam+1","floor":25},{"not_picked":["Steam+1","Turbo"],"picked":"Go for the Eyes+1","floor":27},{"not_picked":["Steam","Ball Lightning","Sweeping Beam+1"],"picked":"SKIP","floor":29},{"not_picked":["Hyperbeam","Rainbow"],"picked":"Fission","floor":33},{"not_picked":["Doom and Gloom","Cold Snap","Sweeping Beam+1"],"picked":"SKIP","floor":35},{"not_picked":["Steam+1","Doom and Gloom","Auto Shields"],"picked":"SKIP","floor":37},{"not_picked":["Stack","Leap"],"picked":"Gash","floor":38},{"not_picked":["Undo+1","Chill+1"],"picked":"Ball Lightning+1","floor":39},{"not_picked":["Meteor Strike","Rip and Tear"],"picked":"Melter","floor":40}],"player_experience":231549,"relics_obtained":[{"floor":6,"key":"StoneCalendar"},{"floor":9,"key":"Torii"},{"floor":10,"key":"Pear"},{"floor":20,"key":"Red Mask"},{"floor":24,"key":"WingedGreaves"},{"floor":26,"key":"Happy Flower"},{"floor":28,"key":"Bottled Tornado"},{"floor":29,"key":"Tiny Chest"},{"floor":40,"key":"Thread and Needle"}],"event_choices":[{"damage_healed":0.0,"max_hp_gain":0.0,"max_hp_loss":0.0,"gold_gain":0.0,"event_name":"Scrap Ooze","player_choice":"Success","floor":5.0,"gold_loss":0.0,"damage_taken":3.0,"relics_obtained":["Old Coin"]},{"damage_healed":0,"gold_gain":75,"player_choice":"Gather Gold","damage_taken":11,"max_hp_gain":0,"max_hp_loss":0,"event_name":"World of Goop","floor":8,"gold_loss":0},{"damage_healed":0,"gold_gain":0,"player_choice":"Grow","damage_taken":0,"max_hp_gain":0,"max_hp_loss":0,"event_name":"Living Wall","floor":13,"gold_loss":0,"cards_upgraded":["Zap"]},{"damage_healed":0,"gold_gain":99,"player_choice":"Stole From Cult","damage_taken":0,"max_hp_gain":0,"max_hp_loss":0,"event_name":"Nest","floor":19,"gold_loss":0},{"damage_healed":0,"gold_gain":0,"player_choice":"Fought Bandits","damage_taken":0,"max_hp_gain":0,"max_hp_loss":0,"event_name":"Masked Bandits","floor":20,"gold_loss":0},{"cards_removed":["Beam Cell"],"damage_healed":0,"gold_gain":0,"player_choice":"Gave Gold","damage_taken":0,"max_hp_gain":0,"max_hp_loss":0,"event_name":"Beggar","floor":21,"gold_loss":75},{"damage_healed":0,"gold_gain":0,"player_choice":"Shed Blood","damage_taken":21,"max_hp_gain":5,"max_hp_loss":0,"event_name":"Forgotten Altar","floor":31,"gold_loss":0}],"is_beta":false,"boss_relics":[{"not_picked":["Nuclear Battery","Tiny House"],"picked":"Pandora\u0027s Box"},{"not_picked":["Velvet Choker","Astrolabe"],"picked":"Sozu"}],"items_purged_floors":[],"is_endless":false,"potions_floor_spawned":[2,6,10,25,29,33,37],"killed_by":"Reptomancer","ascension_level":1}