{"gold_per_floor":[116,130,141,141,141,141,153,153,232,245,89,152,166,182,182,279,279,299,18,31,42,42,42,57,57,80,80,100,100,100,199,199,304,304,323,323,323,404,420,420,448,448,448,448,466,566,586,89,89,89],"floor_reached":51,"playtime":2690,"items_purged":["Strike_G","Strike_G"],"score":767,"play_id":"d7892a89-f37d-4fea-8d24-863461118f5a","local_time":"20190904162156","is_ascension_mode":false,"campfire_choices":[{"data":"Neutralize","floor":6,"key":"SMITH"},{"floor":8,"key":"REST"},{"data":"Cloak And Dagger","floor":15,"key":"SMITH"},{"data":"After Image","floor":23,"key":"SMITH"},{"data":"Infinite Blades","floor":27,"key":"SMITH"},{"floor":30,"key":"REST"},{"data":"Footwork","floor":32,"key":"SMITH"},{"data":"Blur","floor":40,"key":"SMITH"},{"data":"Envenom","floor":42,"key":"SMITH"},{"floor":44,"key":"REST"},{"floor":49,"key":"REST"}],"neow_cost":"NONE","seed_source_timestamp":1873861447047681,"circlet_count":0,"master_deck":["Strike_G+1","Strike_G","Defend_G","Defend_G","Defend_G+1","Defend_G","Defend_G","Survivor","Neutralize+1","PiercingWail","Quick Slash","Flying Knee","Blade Dance+1","Escape Plan","Blur+1","Cloak And Dagger+1","Noxious Fumes","After Image+1","Infinite Blades+1","Dagger Spray","Caltrops","Slice","Deflect","Footwork+1","Envenom+1","Finisher+1"],"relics":["Ring of the Serpent","Art of War","Ornamental Fan","War Paint","Orrery","Shuriken","Smiling Mask","Question Card","Boot","Dodecahedron","Nunchaku","Happy Flower"],"potions_floor_usage":[12,16,16,20,28,39,41,50,50],"damage_taken":[{"damage":8,"enemies":"Jaw Worm","floor":1,"turns":6},{"damage":0,"enemies":"2 Louse","floor":2,"turns":4},{"damage":2,"enemies":"Small Slimes","floor":3,"turns":4},{"damage":0,"enemies":"3 Louse","floor":7,"turns":3},{"damage":0,"enemies":"Blue Slaver","floor":10,"turns":3},{"damage":15,"enemies":"Gremlin Nob","floor":12,"turns":4},{"damage":0,"enemies":"Large Slime","floor":13,"turns":6},{"damage":0,"enemies":"3 Louse","floor":14,"turns":4},{"damage":31,"enemies":"Slime Boss","floor":16,"turns":11},{"damage":8,"enemies":"2 Thieves","floor":18,"turns":5},{"damage":0,"enemies":"3 Byrds","floor":20,"turns":5},{"damage":15,"enemies":"Snecko","floor":21,"turns":6},{"damage":2,"enemies":"Snake Plant","floor":24,"turns":7},{"damage":4,"enemies":"Chosen and Byrds","floor":28,"turns":6},{"damage":2,"enemies":"Colosseum Slavers","floor":29,"turns":6},{"damage":24,"enemies":"Automaton","floor":33,"turns":9},{"damage":0,"enemies":"Orb Walker","floor":35,"turns":5},{"damage":16,"enemies":"3 Darklings","floor":39,"turns":7},{"damage":12,"enemies":"Reptomancer","floor":41,"turns":8},{"damage":10,"enemies":"Sphere and 2 Shapes","floor":45,"turns":7},{"damage":7,"enemies":"Spire Growth","floor":47,"turns":7},{"damage":14,"enemies":"Donu and Deca","floor":50,"turns":8}],"seed_played":"833716234802714714","potions_obtained":[{"floor":1,"key":"SpeedPotion"},{"floor":3,"key":"SkillPotion"},{"floor":7,"key":"Poison Potion"},{"floor":13,"key":"Dexterity Potion"},{"floor":16,"key":"GhostInAJar"},{"floor":21,"key":"SkillPotion"},{"floor":24,"key":"Ancient Potion"},{"floor":28,"key":"AttackPotion"},{"floor":33,"key":"SkillPotion"},{"floor":39,"key":"FearPotion"},{"floor":41,"key":"FairyPotion"},{"floor":45,"key":"PowerPotion"}],"is_trial":false,"path_per_floor":["M","M","M","?","?","R","M","R","T","M","$","?","M","M","R","B",null,"M","$","M","M","?","R","M","?","T","R","M","?","R","?","R","B",null,"M","?","?","T","M","R","E","R","T","R","M","?","M","$","R","B",null],"character_chosen":"THE_SILENT","items_purchased":["Escape Plan","Shuriken","Slice","Nunchaku","Happy Flower"],"campfire_rested":4,"item_purchase_floors":[11,19,19,48,48],"current_hp_per_floor":[62,62,60,46,39,39,39,60,60,60,60,45,45,45,45,14,70,62,62,62,47,47,47,45,45,45,45,41,39,60,60,60,36,70,70,70,70,70,54,54,42,42,42,63,53,53,46,46,67,53],"gold":89,"neow_bonus":"RANDOM_COMMON_RELIC","is_prod":false,"is_daily":false,"chose_seed":false,"campfire_upgraded":7,"win_rate":0,"timestamp":1567606916,"path_taken":["M","M","M","?","?","R","M","R","T","M","$","?","M","M","R","BOSS","M","$","M","M","?","R","M","?","T","R","M","?","R","?","R","BOSS","M","?","?","?","M","R","E","R","T","R","M","?","M","$","R","BOSS"],"build_version":"2019-07-17","purchased_purges":2,"victory":true,"max_hp_per_floor":[70,70,70,70,70,70,70,70,70,70,70,70,70,70,70,70,70,70,70,70,70,70,70,70,70,70,70,70,70,70,70,70,70,70,70,70,70,70,70,70,70,70,70,70,70,70,70,70,70,70],"card_choices":[{"not_picked":["Expertise","Slice"],"picked":"PiercingWail","floor":1},{"not_picked":["Prepared","Backflip"],"picked":"Quick Slash","floor":2},{"not_picked":["Distraction","Dodge and Roll"],"picked":"Poisoned Stab","floor":3},{"not_picked":["Blade Dance","Doppelganger"],"picked":"Flying Knee","floor":7},{"not_picked":["Prepared","Bouncing Flask"],"picked":"Blade Dance","floor":10},{"not_picked":["Prepared","Crippling Poison"],"picked":"Blur","floor":12},{"not_picked":["Blade Dance","Tactician"],"picked":"Cloak And Dagger","floor":13},{"not_picked":["Acrobatics","Bane"],"picked":"Noxious Fumes","floor":14},{"not_picked":["Night Terror","Unload"],"picked":"After Image","floor":16},{"not_picked":["Outmaneuver","Sucker Punch"],"picked":"Infinite Blades","floor":17},{"not_picked":["PiercingWail","Acrobatics"],"picked":"Dagger Spray","floor":17},{"not_picked":["Underhanded Strike","Distraction"],"picked":"Caltrops","floor":17},{"not_picked":["Blur","Heel Hook","Underhanded Strike"],"picked":"SKIP","floor":18},{"not_picked":["Deadly Poison","Night Terror"],"picked":"Deflect","floor":20},{"not_picked":["Flying Knee+1","Slice"],"picked":"Footwork","floor":21},{"not_picked":["Deadly Poison","Poisoned Stab","PiercingWail"],"picked":"SKIP","floor":24},{"not_picked":["All Out Attack","PiercingWail","Bane"],"picked":"SKIP","floor":28},{"not_picked":["Bullet Time","Corpse Explosion"],"picked":"Envenom","floor":33},{"not_picked":["Acrobatics","Underhanded Strike","Skewer+1"],"picked":"SKIP","floor":35},{"not_picked":["Distraction","Dagger Throw+1","Quick Slash"],"picked":"Finisher+1","floor":39},{"not_picked":["Burst","Slice+1","Acrobatics+1","Dagger Spray+1"],"picked":"SKIP","floor":41},{"not_picked":["All Out Attack+1","Masterful Stab+1","Blade Dance","Expertise+1"],"picked":"SKIP","floor":45},{"not_picked":["Slice+1","Calculated Gamble","Flying Knee+1","Dagger Spray"],"picked":"SKIP","floor":47}],"player_experience":152250,"relics_obtained":[{"floor":9,"key":"Ornamental Fan"},{"floor":12,"key":"War Paint"},{"floor":26,"key":"Smiling Mask"},{"floor":38,"key":"Question Card"},{"floor":41,"key":"Boot"},{"floor":43,"key":"Dodecahedron"}],"event_choices":[{"damage_healed":0,"gold_gain":0,"player_choice":"Entered Light","damage_taken":14,"max_hp_gain":0,"max_hp_loss":0,"event_name":"Shining Light","floor":4,"gold_loss":0,"cards_upgraded":["Poisoned Stab","Strike_G"]},{"cards_removed":["Strike_G"],"damage_healed":0,"gold_gain":0,"player_choice":"Card Removal","damage_taken":7,"max_hp_gain":0,"max_hp_loss":0,"event_name":"Golden Wing","floor":5,"gold_loss":0},{"damage_healed":0,"gold_gain":0,"player_choice":"Searched \u00272\u0027 times","damage_taken":0,"max_hp_gain":0,"max_hp_loss":0,"event_name":"Dead Adventurer","floor":12,"gold_loss":0},{"damage_healed":0,"gold_gain":0,"player_choice":"Ignored","damage_taken":0,"max_hp_gain":0,"max_hp_loss":0,"event_name":"Cursed Tome","floor":22,"gold_loss":0},{"damage_healed":0,"gold_gain":0,"player_choice":"Ignored","damage_taken":0,"max_hp_gain":0,"max_hp_loss":0,"event_name":"The Mausoleum","floor":25,"gold_loss":0},{"damage_healed":0,"gold_gain":0,"player_choice":"Fight","damage_taken":0,"max_hp_gain":0,"max_hp_loss":0,"event_name":"Colosseum","floor":29,"gold_loss":0},{"damage_healed":0,"gold_gain":0,"player_choice":"Fled From Nobs","damage_taken":0,"max_hp_gain":0,"max_hp_loss":0,"event_name":"Colosseum","floor":29,"gold_loss":0},{"damage_healed":0,"gold_gain":99,"player_choice":"Stole From Cult","damage_taken":0,"max_hp_gain":0,"max_hp_loss":0,"event_name":"Nest","floor":31,"gold_loss":0},{"damage_healed":0,"gold_gain":0,"player_choice":"Ignored","damage_taken":0,"max_hp_gain":0,"max_hp_loss":0,"event_name":"Tomb of Lord Red Mask","floor":36,"gold_loss":0},{"cards_removed":["Poisoned Stab"],"damage_healed":0,"gold_gain":0,"player_choice":"Removed Attack","damage_taken":0,"max_hp_gain":0,"max_hp_loss":0,"event_name":"Falling","floor":37,"gold_loss":0},{"damage_healed":0,"gold_gain":100,"player_choice":"Pray","damage_taken":0,"max_hp_gain":0,"max_hp_loss":0,"event_name":"Golden Shrine","floor":46,"gold_loss":0}],"is_beta":false,"boss_relics":[{"not_picked":["Philosopher\u0027s Stone","Coffee Dripper"],"picked":"Orrery"},{"not_picked":["Eternal Feather","Pandora\u0027s Box"],"picked":"Ring of the Serpent"}],"items_purged_floors":[11,48],"is_endless":false,"potions_floor_spawned":[1,3,7,13,16,21,24,28,33,39,41,45],"ascension_level":0}