{"gold_per_floor":[111,128,76,91,91,91,148,182,182,213,231,231,231,248,248,343,343,325,342,356,356],"floor_reached":21,"playtime":988,"items_purged":[],"score":235,"play_id":"9167e123-9030-4a7e-8b58-57b6bf43bcbc","local_time":"20190821145409","is_ascension_mode":true,"campfire_choices":[{"data":"Neutralize","floor":6,"key":"SMITH"},{"floor":12,"key":"REST"},{"floor":15,"key":"REST"}],"neow_cost":"NONE","seed_source_timestamp":491269819230356,"circlet_count":0,"master_deck":["Strike_G","Strike_G","Strike_G","Strike_G","Strike_G","Defend_G","Defend_G+1","Defend_G","Defend_G","Defend_G","Survivor","Neutralize+1","All Out Attack","Blur","Deadly Poison","Bouncing Flask","Dagger Spray","Outmaneuver+1","Wraith Form v2","Deadly Poison","Cloak And Dagger","Adrenaline","Cloak And Dagger","Crippling Poison","Well Laid Plans","Dash","Backstab","Dagger Spray+1","Terror","Deadly Poison"],"relics":["Ring of the Snake","Pear","Happy Flower","Mummified Hand","Orichalcum","Orrery"],"potions_floor_usage":[16,16],"damage_taken":[{"damage":0,"enemies":"2 Louse","floor":1,"turns":4},{"damage":0,"enemies":"Small Slimes","floor":2,"turns":2},{"damage":3,"enemies":"Jaw Worm","floor":4,"turns":4},{"damage":19,"enemies":"Lagavulin Event","floor":7,"turns":6},{"damage":27,"enemies":"3 Sentries","floor":8,"turns":7},{"damage":24,"enemies":"Gremlin Nob","floor":10,"turns":4},{"damage":16,"enemies":"Large Slime","floor":11,"turns":6},{"damage":0,"enemies":"Gremlin Gang","floor":14,"turns":3},{"damage":17,"enemies":"Hexaghost","floor":16,"turns":10},{"damage":14,"enemies":"2 Thieves","floor":18,"turns":4},{"damage":9,"enemies":"Spheric Guardian","floor":19,"turns":4},{"damage":18,"enemies":"Snake Plant","floor":20,"turns":5},{"damage":0,"enemies":"Centurion and Healer","floor":21,"turns":1}],"seed_played":"1659696848312705501","potions_obtained":[{"floor":2,"key":"SpeedPotion"},{"floor":10,"key":"FairyPotion"},{"floor":11,"key":"Regen Potion"},{"floor":20,"key":"EssenceOfSteel"}],"is_trial":false,"path_per_floor":["M","M","$","M","?","R","?","E","T","E","M","R","?","M","R","B",null,"M","M","M","M"],"character_chosen":"THE_SILENT","items_purchased":["Deadly Poison"],"campfire_rested":2,"item_purchase_floors":[3],"current_hp_per_floor":[77,77,77,74,74,74,65,38,38,14,8,34,17,17,43,41,87,73,64,46,46],"gold":356,"neow_bonus":"TEN_PERCENT_HP_BONUS","is_prod":false,"is_daily":false,"chose_seed":false,"campfire_upgraded":1,"win_rate":0,"timestamp":1566388449,"path_taken":["M","M","$","M","?","R","?","E","T","E","M","R","?","M","R","BOSS","M","M","M","M"],"build_version":"2019-07-17","purchased_purges":0,"victory":false,"max_hp_per_floor":[77,77,77,77,77,77,87,87,87,87,87,87,87,87,87,87,87,87,87,87,87],"card_choices":[{"not_picked":["Deflect","Outmaneuver"],"picked":"All Out Attack","floor":1},{"not_picked":["Blade Dance","Slice"],"picked":"Blur","floor":2},{"not_picked":["Blade Dance","Reflex"],"picked":"Bouncing Flask","floor":4},{"not_picked":["Endless Agony","Quick Slash"],"picked":"Dagger Spray","floor":7},{"not_picked":["Endless Agony","Flying Knee"],"picked":"Outmaneuver","floor":8},{"not_picked":["Dash","Masterful Stab"],"picked":"Wraith Form v2","floor":10},{"not_picked":["Outmaneuver","Dagger Spray"],"picked":"Deadly Poison","floor":11},{"not_picked":["Outmaneuver","Backflip"],"picked":"Cloak And Dagger","floor":14},{"not_picked":["Storm of Steel","A Thousand Cuts"],"picked":"Adrenaline","floor":16},{"not_picked":["Acrobatics","Poisoned Stab"],"picked":"Cloak And Dagger","floor":17},{"not_picked":["Dagger Throw","Heel Hook"],"picked":"Crippling Poison","floor":17},{"not_picked":["Finisher","Poisoned Stab"],"picked":"Well Laid Plans","floor":17},{"not_picked":["Outmaneuver","Acrobatics"],"picked":"Dash","floor":17},{"not_picked":["Distraction","Phantasmal Killer"],"picked":"Backstab","floor":17},{"not_picked":["Bane+1","Dodge and Roll+1"],"picked":"Dagger Spray+1","floor":18},{"not_picked":["Expertise","Poisoned Stab+1"],"picked":"Terror","floor":19},{"not_picked":["Dagger Spray","Grand Finale"],"picked":"Deadly Poison","floor":20}],"player_experience":139548,"relics_obtained":[{"floor":7,"key":"Pear"},{"floor":8,"key":"Happy Flower"},{"floor":9,"key":"Mummified Hand"},{"floor":10,"key":"Orichalcum"}],"event_choices":[{"damage_healed":0,"gold_gain":0,"player_choice":"Ignored","damage_taken":0,"max_hp_gain":0,"max_hp_loss":0,"event_name":"Liars Game","floor":5,"gold_loss":0},{"damage_healed":0,"gold_gain":0,"player_choice":"Searched \u00272\u0027 times","damage_taken":0,"max_hp_gain":0,"max_hp_loss":0,"event_name":"Dead Adventurer","floor":7,"gold_loss":0},{"damage_healed":0,"gold_gain":0,"player_choice":"Entered Light","damage_taken":17,"max_hp_gain":0,"max_hp_loss":0,"event_name":"Shining Light","floor":13,"gold_loss":0,"cards_upgraded":["Outmaneuver","Defend_G"]}],"is_beta":false,"boss_relics":[{"not_picked":["Empty Cage","Ring of the Serpent"],"picked":"Orrery"}],"items_purged_floors":[],"is_endless":false,"potions_floor_spawned":[2,10,11,20],"killed_by":"Centurion and Healer","ascension_level":2}