{"gold_per_floor":[111,124,124,124,124,149,149,0,50,50,68,87,87,97,97,202,252,263,12,31,31,46,46,76,86,86,86,49,49,62,82,82,82],"floor_reached":33,"playtime":1635,"items_purged":[],"score":267,"play_id":"d66d81db-ba7d-461d-b3bb-c8e1901c7196","local_time":"20190828234234","is_ascension_mode":false,"campfire_choices":[{"data":"Shrug It Off","floor":7,"key":"SMITH"},{"data":"Rage","floor":13,"key":"SMITH"},{"floor":15,"key":"REST"},{"data":"Reaper","floor":23,"key":"SMITH"},{"floor":27,"key":"REST"},{"data":"Shrug It Off","floor":32,"key":"SMITH"}],"neow_cost":"NONE","seed_source_timestamp":1296553458087057,"circlet_count":0,"master_deck":["Strike_R","Strike_R","Strike_R","Strike_R","Strike_R","Defend_R+1","Defend_R+1","Bash","Perfected Strike+1","Pommel Strike","Shrug It Off+1","Impervious","True Grit","Rage+1","Warcry","Reaper+1","Shockwave","Iron Wave+1","Disarm","The Bomb","J.A.X.","Infernal Blade+1","Shrug It Off+1","Clash+1","Seeing Red","Second Wind+1"],"relics":["Burning Blood","Ornamental Fan","Pen Nib","Tiny House","Omamori","Gambling Chip"],"potions_floor_usage":[25,25],"damage_taken":[{"damage":3,"enemies":"Jaw Worm","floor":1,"turns":4},{"damage":1,"enemies":"2 Louse","floor":2,"turns":3},{"damage":36,"enemies":"Lagavulin","floor":6,"turns":4},{"damage":0,"enemies":"Cultist","floor":11,"turns":2},{"damage":2,"enemies":"2 Fungi Beasts","floor":12,"turns":3},{"damage":10,"enemies":"Large Slime","floor":14,"turns":6},{"damage":52,"enemies":"Hexaghost","floor":16,"turns":14},{"damage":14,"enemies":"Chosen","floor":18,"turns":7},{"damage":7,"enemies":"2 Thieves","floor":20,"turns":4},{"damage":20,"enemies":"Snecko","floor":22,"turns":6},{"damage":70,"enemies":"Gremlin Leader","floor":24,"turns":7},{"damage":12,"enemies":"Centurion and Healer","floor":25,"turns":7},{"damage":14,"enemies":"3 Cultists","floor":30,"turns":6},{"damage":13,"enemies":"Snecko","floor":31,"turns":5},{"damage":94,"enemies":"Automaton","floor":33,"turns":12}],"seed_played":"8670522218628671658","potions_obtained":[{"floor":1,"key":"Ancient Potion"},{"floor":6,"key":"Swift Potion"},{"floor":11,"key":"Swift Potion"},{"floor":17,"key":"Energy Potion"},{"floor":25,"key":"Explosive Potion"},{"floor":30,"key":"Fire Potion"}],"is_trial":false,"path_per_floor":["M","M","?","?","?","E","R","$","T","$","M","M","R","M","R","B",null,"M","$","M","?","M","R","E","M","T","R","$","?","M","M","R","B"],"character_chosen":"IRONCLAD","items_purchased":["Impervious","Disarm","The Bomb","Seeing Red"],"campfire_rested":2,"item_purchase_floors":[8,19,19,28],"current_hp_per_floor":[88,88,70,70,63,33,33,33,33,33,39,43,43,39,65,19,93,89,89,88,88,74,74,13,16,16,43,43,74,66,66,66,0],"gold":82,"neow_bonus":"TEN_PERCENT_HP_BONUS","is_prod":false,"is_daily":false,"chose_seed":false,"campfire_upgraded":4,"win_rate":0,"timestamp":1567028554,"path_taken":["M","M","?","?","?","E","R","$","T","$","M","M","R","M","R","BOSS","M","$","M","?","M","R","E","M","T","R","$","?","M","M","R","BOSS"],"build_version":"2019-07-17","purchased_purges":0,"victory":false,"max_hp_per_floor":[88,88,88,88,88,88,88,88,88,88,88,88,88,88,88,88,93,93,93,93,93,93,93,93,93,93,93,93,93,93,93,93,93],"card_choices":[{"not_picked":["Inflame","Burning Pact"],"picked":"Perfected Strike","floor":1},{"not_picked":["Twin Strike","Flex"],"picked":"Pommel Strike","floor":2},{"not_picked":["Armaments","Rage"],"picked":"Shrug It Off","floor":6},{"not_picked":["Dropkick","Sword Boomerang"],"picked":"True Grit","floor":11},{"not_picked":["Clash","Shrug It Off"],"picked":"Rage","floor":12},{"not_picked":["Rampage","Sword Boomerang"],"picked":"Warcry","floor":14},{"not_picked":["Double Tap","Bludgeon"],"picked":"Reaper","floor":16},{"not_picked":["Wild Strike","Sever Soul"],"picked":"Shockwave","floor":17},{"not_picked":["Twin Strike","Clothesline+1"],"picked":"Iron Wave+1","floor":18},{"not_picked":["Pommel Strike","Twin Strike","Havoc"],"picked":"SKIP","floor":20},{"not_picked":["Body Slam","Sever Soul"],"picked":"Infernal Blade+1","floor":22},{"not_picked":["Carnage","Fiend Fire"],"picked":"Shrug It Off","floor":24},{"not_picked":["Armaments","Burning Pact"],"picked":"Clash+1","floor":25},{"not_picked":["Heavy Blade","Second Wind","Wild Strike"],"picked":"SKIP","floor":30},{"not_picked":["Corruption","Sentinel"],"picked":"Second Wind+1","floor":31}],"player_experience":69214,"relics_obtained":[{"floor":6,"key":"Ornamental Fan"},{"floor":9,"key":"Pen Nib"},{"floor":24,"key":"Omamori"},{"floor":26,"key":"Gambling Chip"}],"event_choices":[{"damage_healed":0,"gold_gain":0,"player_choice":"Entered Light","damage_taken":18,"max_hp_gain":0,"max_hp_loss":0,"event_name":"Shining Light","floor":3,"gold_loss":0,"cards_upgraded":["Perfected Strike","Defend_R"]},{"cards_removed":["Defend_R"],"damage_healed":0,"gold_gain":0,"player_choice":"Forget","damage_taken":0,"max_hp_gain":0,"max_hp_loss":0,"event_name":"Living Wall","floor":4,"gold_loss":0},{"cards_removed":["Defend_R"],"damage_healed":0,"gold_gain":0,"player_choice":"Card Removal","damage_taken":7,"max_hp_gain":0,"max_hp_loss":0,"event_name":"Golden Wing","floor":5,"gold_loss":0},{"damage_healed":0,"gold_gain":0,"player_choice":"Obtain J.A.X.","damage_taken":0,"max_hp_gain":0,"max_hp_loss":0,"event_name":"Drug Dealer","floor":21,"gold_loss":0,"cards_obtained":["J.A.X."]},{"damage_healed":31,"gold_gain":0,"player_choice":"Heal","damage_taken":0,"max_hp_gain":0,"max_hp_loss":0,"event_name":"The Library","floor":29,"gold_loss":0}],"is_beta":false,"boss_relics":[{"not_picked":["Black Blood","Coffee Dripper"],"picked":"Tiny House"}],"items_purged_floors":[],"is_endless":false,"potions_floor_spawned":[1,6,11,20,25,30],"killed_by":"Automaton","ascension_level":0}