{"gold_per_floor":[359,26,26,26,41,41,61,75,102,134,134,165,165,200,200,294,294,307,0,0,0,14,57,57,88,111,161,76,89,89,123,123,216,216,240,80,94,94,7,7,7,21,45,90,102,138,193,218,230,242,254],"floor_reached":52,"playtime":2501,"items_purged":["Strike_G+1"],"score":2468,"play_id":"d5e093fa-5a8e-4e68-b0c0-984b0f2be9b5","local_time":"20190826154727","is_ascension_mode":true,"campfire_choices":[{"data":"Neutralize","floor":6.0,"key":"SMITH"},{"floor":11.0,"key":"REST"},{"data":"Malaise","floor":15.0,"key":"SMITH"},{"data":"Ghostly","floor":24,"key":"SMITH"},{"data":"Noxious Fumes","floor":30,"key":"SMITH"},{"data":"Ghostly","floor":32,"key":"SMITH"},{"data":"Night Terror","floor":40,"key":"SMITH"},{"data":"Well Laid Plans","floor":45,"key":"SMITH"},{"floor":49,"key":"REST"}],"neow_cost":"TEN_PERCENT_HP_LOSS","seed_source_timestamp":1064368617352848,"circlet_count":0,"master_deck":["AscendersBane","Strike_G+1","Strike_G+1","Strike_G+1","Defend_G+1","Defend_G+1","Defend_G+1","Defend_G+1","Defend_G+1","Survivor","Neutralize+1","Backstab","Malaise+1","All Out Attack","Predator","Noxious Fumes+1","Backstab","Corpse Explosion","Well Laid Plans+1","Footwork","Poisoned Stab","Ghostly+1","Ghostly","Ghostly+1","Leg Sweep+1","Night Terror+1","Noxious Fumes","Ghostly+1","Backflip"],"special_seed":0,"relics":["Ring of the Snake","Membership Card","Bronze Scales","Orichalcum","Pear","Whetstone","Golden Idol","Bag of Marbles","Sozu","Paper Crane","Strange Spoon","Nunchaku","Bottled Flame","Centennial Puzzle","PreservedInsect","Happy Flower","Empty Cage","Oddly Smooth Stone","Omamori","MawBank","Thread and Needle","Pen Nib"],"potions_floor_usage":[51],"damage_taken":[{"damage":5.0,"enemies":"Jaw Worm","floor":1.0,"turns":7.0},{"damage":0.0,"enemies":"Small Slimes","floor":5.0,"turns":3.0},{"damage":0.0,"enemies":"2 Louse","floor":7.0,"turns":2.0},{"damage":0.0,"enemies":"2 Fungi Beasts","floor":8.0,"turns":3.0},{"damage":10.0,"enemies":"Gremlin Nob","floor":10.0,"turns":4.0},{"damage":18.0,"enemies":"3 Sentries","floor":12.0,"turns":7.0},{"damage":0.0,"enemies":"Gremlin Nob","floor":14.0,"turns":3.0},{"damage":0.0,"enemies":"The Guardian","floor":16.0,"turns":13.0},{"damage":1,"enemies":"3 Byrds","floor":18,"turns":2},{"damage":0,"enemies":"2 Thieves","floor":22,"turns":4},{"damage":8,"enemies":"Book of Stabbing","floor":23,"turns":5},{"damage":0,"enemies":"Gremlin Leader","floor":25,"turns":8},{"damage":4,"enemies":"Snake Plant","floor":29,"turns":3},{"damage":0,"enemies":"Slavers","floor":31,"turns":3},{"damage":0,"enemies":"Automaton","floor":33,"turns":10},{"damage":0,"enemies":"3 Darklings","floor":35,"turns":1},{"damage":0,"enemies":"3 Shapes","floor":37,"turns":2},{"damage":10,"enemies":"Spire Growth","floor":42,"turns":8},{"damage":0,"enemies":"Giant Head","floor":44,"turns":12},{"damage":0,"enemies":"Sphere and 2 Shapes","floor":46,"turns":5},{"damage":0,"enemies":"Reptomancer","floor":47,"turns":9},{"damage":0,"enemies":"Transient","floor":48,"turns":6},{"damage":11,"enemies":"Donu and Deca","floor":50,"turns":10},{"damage":2,"enemies":"Time Eater","floor":51,"turns":16}],"seed_played":"3341500164286615103","potions_obtained":[{"floor":7.0,"key":"SkillPotion"},{"floor":16.0,"key":"Ancient Potion"}],"is_trial":false,"path_per_floor":["M","$","?","?","M","R","M","M","T","E","R","E","?","E","R","B",null,"M","$","?","?","M","E","R","E","T","?","?","M","R","E","R","B",null,"M","$","M","?","$","R","?","M","T","E","R","M","E","M","R","B","B",null],"character_chosen":"THE_SILENT","items_purchased":["Membership Card","Malaise","SteroidPotion","Footwork","Paper Crane","Strange Spoon","Poisoned Stab","Oddly Smooth Stone","Noxious Fumes","Omamori"],"campfire_rested":2,"item_purchase_floors":[2,2,2,19,19,19,19,36,36,39],"current_hp_per_floor":[54,54,59,48,48,48,48,48,48,48,70,52,52,52,52,52,64,63,63,63,34,34,26,26,26,26,26,26,22,22,22,22,22,31,31,31,31,31,31,31,31,21,21,21,21,21,21,21,31,20,18],"gold":266,"neow_bonus":"TWO_FIFTY_GOLD","is_prod":false,"is_daily":false,"chose_seed":false,"campfire_upgraded":7,"win_rate":0,"timestamp":1566848847,"path_taken":["M","$","?","?","M","R","M","M","T","E","R","E","?","E","R","BOSS","M","$","?","?","M","E","R","E","T","?","?","M","R","E","R","BOSS","M","$","M","?","$","R","?","M","T","E","R","M","E","M","R","BOSS","BOSS"],"build_version":"2019-08-23","purchased_purges":1,"victory":true,"max_hp_per_floor":[60,60,65,65,65,65,65,65,65,75,75,75,68,68,68,68,68,68,68,68,34,34,34,34,34,34,34,34,34,34,34,34,34,34,34,34,34,34,34,34,34,34,34,34,34,34,34,34,34,34,34],"card_choices":[{"not_picked":["Slice","Quick Slash"],"picked":"Backstab","floor":1.0},{"not_picked":["Dodge and Roll","Outmaneuver"],"picked":"All Out Attack","floor":5.0},{"not_picked":["Backflip","Dodge and Roll"],"picked":"Cloak And Dagger","floor":7.0},{"not_picked":["Accuracy","Backflip","Sucker Punch"],"picked":"SKIP","floor":8.0},{"not_picked":["A Thousand Cuts","Endless Agony"],"picked":"Predator","floor":10.0},{"not_picked":["Finisher","Reflex"],"picked":"Noxious Fumes","floor":12.0},{"not_picked":["Cloak And Dagger","Heel Hook"],"picked":"Backstab","floor":14.0},{"not_picked":["Grand Finale","Unload"],"picked":"Corpse Explosion","floor":16.0},{"not_picked":["Endless Agony","Flechettes"],"picked":"Well Laid Plans","floor":18},{"not_picked":["Infinite Blades","Dodge and Roll","Setup"],"picked":"SKIP","floor":22},{"not_picked":["Dagger Throw+1","Flying Knee+1","Dodge and Roll"],"picked":"SKIP","floor":23},{"not_picked":["Outmaneuver","Deadly Poison","Cloak And Dagger"],"picked":"SKIP","floor":25},{"not_picked":["Predator","Dagger Throw","Infinite Blades+1"],"picked":"SKIP","floor":29},{"not_picked":["Dodge and Roll","Bullet Time"],"picked":"Leg Sweep+1","floor":31},{"not_picked":["After Image","A Thousand Cuts"],"picked":"Night Terror","floor":33},{"not_picked":["Dagger Spray","Flying Knee","Acrobatics+1"],"picked":"SKIP","floor":35},{"not_picked":["Blade Dance","Dagger Spray+1","Underhanded Strike"],"picked":"SKIP","floor":37},{"not_picked":["PiercingWail","Outmaneuver"],"picked":"Backflip","floor":42},{"not_picked":["Slice","Prepared+1","Distraction"],"picked":"SKIP","floor":44},{"not_picked":["Terror","Sucker Punch","Dodge and Roll"],"picked":"SKIP","floor":46},{"not_picked":["Storm of Steel","Caltrops","Flying Knee"],"picked":"SKIP","floor":47},{"not_picked":["Escape Plan","Flechettes+1","Deflect"],"picked":"SKIP","floor":48}],"player_experience":1026573,"relics_obtained":[{"floor":9.0,"key":"Orichalcum"},{"floor":10.0,"key":"Pear"},{"floor":12.0,"key":"Whetstone"},{"floor":14.0,"key":"Bag of Marbles"},{"floor":23,"key":"Nunchaku"},{"floor":25,"key":"Bottled Flame"},{"floor":26,"key":"Centennial Puzzle"},{"floor":31,"key":"Happy Flower"},{"floor":43,"key":"MawBank"},{"floor":44,"key":"Thread and Needle"},{"floor":47,"key":"Pen Nib"}],"event_choices":[{"damage_healed":0.0,"max_hp_gain":5.0,"max_hp_loss":0.0,"gold_gain":0.0,"event_name":"Big Fish","player_choice":"Donut","floor":3.0,"gold_loss":0.0,"damage_taken":0.0},{"damage_healed":0.0,"max_hp_gain":0.0,"max_hp_loss":0.0,"gold_gain":0.0,"event_name":"Scrap Ooze","player_choice":"Success","floor":4.0,"gold_loss":0.0,"damage_taken":11.0,"relics_obtained":["Bronze Scales"]},{"damage_healed":0.0,"max_hp_gain":0.0,"max_hp_loss":7.0,"gold_gain":0.0,"event_name":"Golden Idol","player_choice":"Lose Max HP","floor":13.0,"gold_loss":0.0,"damage_taken":0.0,"relics_obtained":["Golden Idol"]},{"damage_healed":0,"gold_gain":0,"player_choice":"Simplicity","damage_taken":0,"max_hp_gain":0,"max_hp_loss":0,"event_name":"Back to Basics","floor":20,"gold_loss":0,"cards_upgraded":["Strike_G","Strike_G","Strike_G","Defend_G","Defend_G","Defend_G","Defend_G","Defend_G"]},{"damage_healed":0,"gold_gain":0,"player_choice":"Became a Ghost","damage_taken":0,"max_hp_gain":0,"max_hp_loss":34,"event_name":"Ghosts","floor":21,"gold_loss":0,"cards_obtained":["Ghostly","Ghostly","Ghostly"]},{"damage_healed":0,"gold_gain":50,"player_choice":"Stole From Cult","damage_taken":0,"max_hp_gain":0,"max_hp_loss":0,"event_name":"Nest","floor":27,"gold_loss":0},{"damage_healed":0,"gold_gain":0,"player_choice":"Obtained Relic","damage_taken":0,"relics_obtained":["PreservedInsect"],"max_hp_gain":0,"max_hp_loss":0,"event_name":"Addict","floor":28,"gold_loss":85},{"damage_healed":0,"gold_gain":0,"player_choice":"Memory 1","damage_taken":0,"max_hp_gain":0,"max_hp_loss":0,"event_name":"SensoryStone","floor":38,"gold_loss":0},{"damage_healed":0,"gold_gain":0,"player_choice":"Copied","damage_taken":0,"max_hp_gain":0,"max_hp_loss":0,"event_name":"Duplicator","floor":41,"gold_loss":0,"cards_obtained":["Ghostly"]}],"is_beta":true,"boss_relics":[{"not_picked":["Eternal Feather","White Beast Statue"],"picked":"Sozu"},{"not_picked":["Orrery","Black Star"],"picked":"Empty Cage"}],"items_purged_floors":[36],"is_endless":false,"potions_floor_spawned":[7,8,16,18,25,29,46,47,48],"ascension_level":20}