{"gold_per_floor":[118,118,131,146,221,221,236,236,266,284,284,302,330,345,345,440,440,456,60],"floor_reached":19,"playtime":2214,"items_purged":[],"score":171,"play_id":"1bb2708c-6f64-449e-ae3f-dc6a1f93ab7f","local_time":"20190816093637","is_ascension_mode":false,"campfire_choices":[{"data":"Neutralize","floor":6,"key":"SMITH"},{"floor":8,"key":"REST"},{"data":"Glass Knife","floor":11,"key":"SMITH"},{"floor":15,"key":"REST"}],"neow_cost":"CURSE","seed_source_timestamp":38976967577068,"circlet_count":0,"master_deck":["Strike_G","Strike_G","Strike_G","Strike_G","Strike_G","Defend_G","Defend_G","Defend_G","Defend_G","Defend_G","Survivor","Neutralize+1","Decay","Underhanded Strike","Acrobatics","Blur","Glass Knife+1","Riddle With Holes","Dagger Throw","Blur","Unload","Leg Sweep+1","Quick Slash","Dodge and Roll","Well Laid Plans"],"relics":["Ring of the Snake","Unceasing Top","Mummified Hand","Tiny Chest","Torii","Lizard Tail","Paper Crane"],"potions_floor_usage":[7,16,16,16,16,16,18],"damage_taken":[{"damage":4,"enemies":"Jaw Worm","floor":1,"turns":8},{"damage":2,"enemies":"2 Louse","floor":3,"turns":4},{"damage":1,"enemies":"Cultist","floor":4,"turns":4},{"damage":8,"enemies":"Red Slaver","floor":7,"turns":7},{"damage":12,"enemies":"Gremlin Gang","floor":10,"turns":6},{"damage":0,"enemies":"3 Louse","floor":12,"turns":4},{"damage":38,"enemies":"Lagavulin","floor":13,"turns":10},{"damage":2,"enemies":"Exordium Wildlife","floor":14,"turns":4},{"damage":29,"enemies":"Slime Boss","floor":16,"turns":13},{"damage":23,"enemies":"Chosen","floor":18,"turns":8}],"seed_played":"-8256000172877537303","potions_obtained":[{"floor":3,"key":"EssenceOfSteel"},{"floor":10,"key":"Strength Potion"},{"floor":13,"key":"GamblersBrew"},{"floor":14,"key":"EntropicBrew"},{"floor":16,"key":"Poison Potion"}],"is_trial":false,"path_per_floor":["M","?","M","M","?","R","M","R","T","M","R","M","E","M","R","B",null,"M","$"],"character_chosen":"THE_SILENT","items_purchased":["Paper Crane","Quick Slash","Dodge and Roll","Well Laid Plans"],"campfire_rested":2,"item_purchase_floors":[19,19,19,19],"current_hp_per_floor":[66,59,57,56,49,49,41,62,62,50,50,50,12,10,31,2,70,47,47],"gold":60,"neow_bonus":"ONE_RARE_RELIC","is_prod":false,"is_daily":false,"chose_seed":false,"campfire_upgraded":2,"win_rate":0.0,"timestamp":1565937397,"path_taken":["M","?","M","M","?","R","M","R","T","M","R","?","E","M","R","BOSS","M","$"],"build_version":"2019-07-17","purchased_purges":0,"victory":false,"max_hp_per_floor":[70,70,70,70,70,70,70,70,70,70,70,70,70,70,70,70,70,70,70],"card_choices":[{"not_picked":["Heel Hook","Blur"],"picked":"Underhanded Strike","floor":1},{"not_picked":["Outmaneuver","Backflip"],"picked":"Acrobatics","floor":3},{"not_picked":["Bane","Predator"],"picked":"Blur","floor":4},{"not_picked":["Acrobatics","Dodge and Roll"],"picked":"Glass Knife","floor":7},{"not_picked":["PiercingWail","Acrobatics"],"picked":"Riddle With Holes","floor":10},{"not_picked":["Caltrops","Backflip"],"picked":"Dagger Throw","floor":12},{"not_picked":["Quick Slash","Slice","Blade Dance"],"picked":"SKIP","floor":13},{"not_picked":["Deadly Poison","Expertise"],"picked":"Blur","floor":14},{"not_picked":["Phantasmal Killer","Wraith Form v2"],"picked":"Unload","floor":16},{"not_picked":["Crippling Poison","Endless Agony"],"picked":"Leg Sweep+1","floor":18}],"player_experience":45019,"relics_obtained":[{"floor":9,"key":"Tiny Chest"},{"floor":13,"key":"Torii"}],"event_choices":[{"damage_healed":0,"gold_gain":0,"player_choice":"Success","damage_taken":7,"relics_obtained":["Mummified Hand"],"max_hp_gain":0,"max_hp_loss":0,"event_name":"Scrap Ooze","floor":2,"gold_loss":0},{"damage_healed":0,"gold_gain":75,"player_choice":"Touch","damage_taken":7,"max_hp_gain":0,"max_hp_loss":0,"event_name":"FaceTrader","floor":5,"gold_loss":0}],"is_beta":false,"boss_relics":[{"not_picked":["Cursed Key","Fusion Hammer"],"picked":"Lizard Tail"}],"items_purged_floors":[],"is_endless":false,"potions_floor_spawned":[3,10,13,14,16],"ascension_level":0}