{"gold_per_floor":[110,110,127,227,247,273,284,284,333,333,348,155,209,224,224,325,325,341,148,168,168,168,201,216,216,216,216,232,48,58,58,58,58],"floor_reached":33,"playtime":2013,"items_purged":[],"score":267,"play_id":"57594dcd-6276-47e6-845c-8b9b3e50fc05","local_time":"20190819132655","is_ascension_mode":false,"campfire_choices":[{"data":"Streamline","floor":8,"key":"SMITH"},{"data":"Zap","floor":10,"key":"SMITH"},{"data":"Gash","floor":15,"key":"SMITH"},{"data":"Self Repair","floor":25,"key":"SMITH"},{"data":"Echo Form","floor":27,"key":"SMITH"},{"floor":32,"key":"REST"}],"neow_cost":"NONE","seed_source_timestamp":312206863535088,"circlet_count":0,"master_deck":["Strike_B+1","Strike_B+1","Strike_B+1","Strike_B+1","Defend_B+1","Defend_B+1","Defend_B+1","Defend_B+1","Zap+1","Dualcast+1","Gash+1","Genetic Algorithm","Streamline+1","Stack","Auto Shields","Self Repair+1","Go for the Eyes","Ball Lightning","Echo Form+1","Beam Cell","Conserve Battery+1","Conserve Battery+1","Sweeping Beam","Defragment","Sweeping Beam","Capacitor","Sunder+1"],"relics":["Cracked Core","NeowsBlessing","Kunai","Boot","PreservedInsect","White Beast Statue","Toy Ornithopter","Oddly Smooth Stone","Mummified Hand"],"potions_floor_usage":[12,16,18,18,20,20,24,24,28,33,33,33],"damage_taken":[{"damage":0,"enemies":"2 Louse","floor":1,"turns":1},{"damage":0,"enemies":"Jaw Worm","floor":3,"turns":1},{"damage":0,"enemies":"Cultist","floor":5,"turns":1},{"damage":25,"enemies":"Gremlin Nob","floor":6,"turns":4},{"damage":3,"enemies":"Red Slaver","floor":7,"turns":2},{"damage":6,"enemies":"Exordium Thugs","floor":11,"turns":4},{"damage":12,"enemies":"3 Louse","floor":14,"turns":3},{"damage":16,"enemies":"Slime Boss","floor":16,"turns":9},{"damage":13,"enemies":"2 Thieves","floor":18,"turns":4},{"damage":20,"enemies":"Shell Parasite","floor":20,"turns":6},{"damage":40,"enemies":"Book of Stabbing","floor":23,"turns":6},{"damage":8,"enemies":"Centurion and Healer","floor":24,"turns":8},{"damage":17,"enemies":"Snecko","floor":28,"turns":8},{"damage":20,"enemies":"Shelled Parasite and Fungi","floor":30,"turns":8},{"damage":70,"enemies":"Collector","floor":33,"turns":7}],"seed_played":"-7916036771249753319","potions_obtained":[{"floor":5,"key":"Energy Potion"},{"floor":6,"key":"GamblersBrew"},{"floor":11,"key":"Fruit Juice"},{"floor":14,"key":"SpeedPotion"},{"floor":16,"key":"EssenceOfSteel"},{"floor":18,"key":"AttackPotion"},{"floor":20,"key":"Dexterity Potion"},{"floor":23,"key":"EssenceOfSteel"},{"floor":24,"key":"EssenceOfSteel"},{"floor":28,"key":"Strength Potion"},{"floor":30,"key":"Dexterity Potion"}],"is_trial":false,"path_per_floor":["M","?","M","?","M","E","M","R","T","R","M","$","T","M","R","B",null,"M","$","M","?","?","E","M","R","T","R","M","$","M","$","R","B"],"character_chosen":"DEFECT","items_purchased":["Self Repair","Go for the Eyes","Regen Potion","Toy Ornithopter","Sweeping Beam","Capacitor","FocusPotion"],"campfire_rested":1,"item_purchase_floors":[12,12,12,19,29,29,29],"current_hp_per_floor":[75,75,75,75,75,50,47,47,47,47,41,46,46,41,41,47,80,74,74,78,78,62,29,38,38,38,38,36,36,26,26,50,0],"gold":58,"neow_bonus":"THREE_ENEMY_KILL","is_prod":false,"is_daily":false,"chose_seed":false,"campfire_upgraded":5,"win_rate":0,"timestamp":1566210415,"path_taken":["M","?","M","?","?","E","M","R","T","R","M","$","?","M","R","BOSS","M","$","M","?","?","E","M","R","T","R","M","$","M","$","R","BOSS"],"build_version":"2019-07-17","purchased_purges":0,"victory":false,"max_hp_per_floor":[75,75,75,75,75,75,75,75,75,75,75,80,80,80,80,80,80,80,80,80,80,80,80,80,80,80,80,80,80,80,80,80,80],"card_choices":[{"not_picked":["Fusion","Hologram"],"picked":"Gash","floor":1},{"not_picked":["Sweeping Beam","Barrage"],"picked":"Genetic Algorithm","floor":3},{"not_picked":["Coolheaded","Turbo"],"picked":"Streamline","floor":5},{"not_picked":["Reboot","Fusion"],"picked":"Stack","floor":6},{"not_picked":["Compile Driver","Turbo"],"picked":"Auto Shields","floor":7},{"not_picked":["Genetic Algorithm","Blizzard","Steam Power"],"picked":"SKIP","floor":11},{"not_picked":["Force Field","Go for the Eyes"],"picked":"Ball Lightning","floor":14},{"not_picked":["Biased Cognition","Creative AI"],"picked":"Echo Form","floor":16},{"not_picked":["Stack","Steam"],"picked":"Beam Cell","floor":18},{"not_picked":["Hello World+1","Blizzard+1"],"picked":"Conserve Battery+1","floor":20},{"not_picked":["Compile Driver","Ball Lightning+1"],"picked":"Conserve Battery+1","floor":23},{"not_picked":["Stack","Chill"],"picked":"Sweeping Beam","floor":24},{"not_picked":["Go for the Eyes+1","Compile Driver"],"picked":"Defragment","floor":28},{"not_picked":["Conserve Battery","Cold Snap+1"],"picked":"Sunder+1","floor":30}],"player_experience":79317,"relics_obtained":[{"floor":6,"key":"Kunai"},{"floor":9,"key":"Boot"},{"floor":13,"key":"PreservedInsect"},{"floor":23,"key":"Oddly Smooth Stone"},{"floor":26,"key":"Mummified Hand"}],"event_choices":[{"damage_healed":0,"gold_gain":0,"player_choice":"Grow","damage_taken":0,"max_hp_gain":0,"max_hp_loss":0,"event_name":"Living Wall","floor":2,"gold_loss":0,"cards_upgraded":["Dualcast"]},{"damage_healed":0,"gold_gain":100,"player_choice":"Pray","damage_taken":0,"max_hp_gain":0,"max_hp_loss":0,"event_name":"Golden Shrine","floor":4,"gold_loss":0},{"damage_healed":0,"gold_gain":0,"player_choice":"Simplicity","damage_taken":0,"max_hp_gain":0,"max_hp_loss":0,"event_name":"Back to Basics","floor":21,"gold_loss":0,"cards_upgraded":["Strike_B","Strike_B","Strike_B","Strike_B","Defend_B","Defend_B","Defend_B","Defend_B"]},{"damage_healed":0,"gold_gain":0,"player_choice":"Obtained Book","damage_taken":16,"max_hp_gain":0,"max_hp_loss":0,"event_name":"Cursed Tome","floor":22,"gold_loss":0}],"is_beta":false,"boss_relics":[{"not_picked":["Busted Crown","FrozenCore"],"picked":"White Beast Statue"}],"items_purged_floors":[],"is_endless":false,"potions_floor_spawned":[5,6,11,14,16,18,20,23,24,28,30],"killed_by":"Collector","ascension_level":0}