{"gold_per_floor":[114,114,134,209,209,243,253,263,288,300,326,345,9,26,26,125,125,137,69,87,100,110,110,141,151,151,168,168],"floor_reached":28,"playtime":2583,"items_purged":["Strike_G"],"score":281,"play_id":"bf3f72c7-c57c-49ea-a215-30828056e3f1","local_time":"20190816212908","is_ascension_mode":false,"campfire_choices":[{"floor":15,"key":"REST"},{"data":"Noxious Fumes","floor":23,"key":"SMITH"}],"neow_cost":"NONE","seed_source_timestamp":81360358754294,"circlet_count":0,"master_deck":["Strike_G","Defend_G","Defend_G","Defend_G","Defend_G","Defend_G","Survivor","Neutralize+1","Bane","Dagger Spray","Deadly Poison","Prepared","Dagger Throw","Die Die Die","Dagger Spray","Caltrops","Crippling Poison","Poisoned Stab","Adrenaline","Dash+1","A Thousand Cuts+1","Endless Agony+1","Catalyst","Noxious Fumes+1","Bane","Adrenaline","Bane","After Image+1"],"relics":["Ring of the Snake","NeowsBlessing","PreservedInsect","Anchor","Bag of Marbles","Snake Skull","Astrolabe","Frozen Egg 2","Bottled Flame"],"potions_floor_usage":[16,21,21,24,24,28],"damage_taken":[{"damage":0,"enemies":"2 Louse","floor":1,"turns":1},{"damage":0,"enemies":"Jaw Worm","floor":3,"turns":1},{"damage":0,"enemies":"Lagavulin","floor":6,"turns":1},{"damage":0,"enemies":"Cultist","floor":7,"turns":3},{"damage":6,"enemies":"Gremlin Gang","floor":8,"turns":6},{"damage":6,"enemies":"Lots of Slimes","floor":10,"turns":5},{"damage":10,"enemies":"Gremlin Nob","floor":11,"turns":3},{"damage":0,"enemies":"Looter","floor":12,"turns":2},{"damage":4,"enemies":"Blue Slaver","floor":14,"turns":3},{"damage":17,"enemies":"Hexaghost","floor":16,"turns":8},{"damage":0,"enemies":"3 Byrds","floor":18,"turns":2},{"damage":2,"enemies":"Chosen","floor":20,"turns":4},{"damage":4,"enemies":"Shelled Parasite and Fungi","floor":21,"turns":3},{"damage":13,"enemies":"Centurion and Healer","floor":22,"turns":5},{"damage":6,"enemies":"Book of Stabbing","floor":24,"turns":4},{"damage":12,"enemies":"Snake Plant","floor":25,"turns":4},{"damage":25,"enemies":"Shelled Parasite and Fungi","floor":27,"turns":5},{"damage":16,"enemies":"Snecko","floor":28,"turns":4}],"seed_played":"5201489015127327901","potions_obtained":[{"floor":1,"key":"GamblersBrew"},{"floor":6,"key":"GhostInAJar"},{"floor":11,"key":"EntropicBrew"},{"floor":14,"key":"Block Potion"},{"floor":21,"key":"Block Potion"},{"floor":22,"key":"EssenceOfSteel"},{"floor":25,"key":"EntropicBrew"},{"floor":27,"key":"Weak Potion"}],"is_trial":false,"path_per_floor":["M","?","M","?","?","E","M","M","T","M","E","M","$","M","R","B",null,"M","$","M","M","M","R","E","M","T","M","M"],"character_chosen":"THE_SILENT","items_purchased":["Snake Skull","Caltrops","Crippling Poison","Noxious Fumes"],"campfire_rested":1,"item_purchase_floors":[13,13,13,19],"current_hp_per_floor":[70,75,75,64,64,64,64,58,58,52,42,42,42,38,60,43,75,75,75,73,69,56,56,50,38,38,13,0],"gold":168,"neow_bonus":"THREE_ENEMY_KILL","is_prod":false,"is_daily":false,"chose_seed":false,"campfire_upgraded":1,"win_rate":0.0,"timestamp":1565980148,"path_taken":["M","?","M","?","?","E","M","M","T","M","E","M","?","M","R","BOSS","M","?","M","M","?","R","E","M","T","M","M"],"build_version":"2019-07-17","purchased_purges":1,"victory":false,"max_hp_per_floor":[70,75,75,75,75,75,75,75,75,75,75,75,75,75,75,75,75,75,75,75,75,75,75,75,75,75,75,75],"card_choices":[{"not_picked":["Calculated Gamble","Blade Dance"],"picked":"Bane","floor":1},{"not_picked":["Deflect","Backflip"],"picked":"Dagger Spray","floor":3},{"not_picked":["Deflect","Masterful Stab"],"picked":"Deadly Poison","floor":6},{"not_picked":["Flying Knee","Distraction"],"picked":"Prepared","floor":7},{"not_picked":["Eviscerate","Masterful Stab"],"picked":"Dagger Throw","floor":8},{"not_picked":["Flying Knee","Deflect"],"picked":"Die Die Die","floor":10},{"not_picked":["Finisher","Endless Agony"],"picked":"Dagger Spray","floor":11},{"not_picked":["Slice","Blade Dance","Underhanded Strike"],"picked":"SKIP","floor":12},{"not_picked":["Backflip","Deflect"],"picked":"Poisoned Stab","floor":14},{"not_picked":["A Thousand Cuts","Unload"],"picked":"Adrenaline","floor":16},{"not_picked":["Underhanded Strike","Prepared"],"picked":"Catalyst","floor":18},{"not_picked":["Flying Knee","Acrobatics+1","Expertise"],"picked":"SKIP","floor":20},{"not_picked":["Flying Knee","Acrobatics+1","Expertise"],"picked":"SKIP","floor":20},{"not_picked":["Dash+1","Infinite Blades"],"picked":"Bane","floor":21},{"not_picked":["Deflect","Acrobatics+1"],"picked":"Adrenaline","floor":22},{"not_picked":["Underhanded Strike","Deflect","Slice+1"],"picked":"SKIP","floor":24},{"not_picked":["Underhanded Strike+1","Flying Knee+1"],"picked":"Bane","floor":25},{"not_picked":["Skewer","Prepared"],"picked":"After Image+1","floor":27}],"player_experience":50171,"relics_obtained":[{"floor":6,"key":"PreservedInsect"},{"floor":9,"key":"Anchor"},{"floor":11,"key":"Bag of Marbles"},{"floor":24,"key":"Frozen Egg 2"},{"floor":26,"key":"Bottled Flame"}],"event_choices":[{"damage_healed":0,"gold_gain":0,"player_choice":"Donut","damage_taken":0,"max_hp_gain":5,"max_hp_loss":0,"event_name":"Big Fish","floor":2,"gold_loss":0},{"damage_healed":0,"gold_gain":75,"player_choice":"Gather Gold","damage_taken":11,"max_hp_gain":0,"max_hp_loss":0,"event_name":"World of Goop","floor":4,"gold_loss":0},{"damage_healed":0,"gold_gain":0,"player_choice":"Grow","damage_taken":0,"max_hp_gain":0,"max_hp_loss":0,"event_name":"Living Wall","floor":5,"gold_loss":0,"cards_upgraded":["Neutralize"]}],"is_beta":false,"boss_relics":[{"not_picked":["Eternal Feather","Black Star"],"picked":"Astrolabe"}],"items_purged_floors":[13],"is_endless":false,"potions_floor_spawned":[1,6,11,14,21,22,25,27],"killed_by":"Snecko","ascension_level":0}