{"gold_per_floor":[118,118,118,118,130,130,158,176,201,215,215,248,248,281,281,384,384,402,415,433,17,31,62,62,62,87,104,104,129,145,173,173,278,278,293,293,293,312,323,323,348,348,371,78,93,70,101,118,118,118,118,118,80,107,107],"floor_reached":56,"playtime":4424,"items_purged":["Regret","Strike_B+1"],"score":1389,"play_id":"40c82e86-7a0d-48b4-b4d2-84740295d985","local_time":"20190905172251","is_ascension_mode":true,"campfire_choices":[{"data":"Zap","floor":6.0,"key":"SMITH"},{"floor":11.0,"key":"REST"},{"data":"Cold Snap","floor":13.0,"key":"SMITH"},{"data":"Dualcast","floor":15.0,"key":"SMITH"},{"floor":25.0,"key":"REST"},{"floor":32.0,"key":"REST"},{"floor":40.0,"key":"RECALL"},{"floor":42.0,"key":"REST"},{"floor":49.0,"key":"REST"},{"floor":52.0,"key":"REST"}],"neow_cost":"NONE","seed_source_timestamp":0,"circlet_count":0,"master_deck":["Strike_B+1","Strike_B+1","Defend_B+1","Defend_B+1","Defend_B+1","Defend_B+1","Zap+1","Dualcast+1","Rip and Tear","Coolheaded+1","Cold Snap+1","Redo+1","Glacier+1","Beam Cell","Undo+1","Core Surge","Streamline+1","BootSequence+1","Blizzard","Consume+1","Capacitor+1","Darkness+1","FTL+1","White Noise+1","Hologram+1","Turbo+1","Biased Cognition+1","Compile Driver+1","Chill+1","Stack+1","Loop+1","Barrage+1","Loop+1","Force Field+1"],"special_seed":0,"relics":["Cracked Core","Boot","Toxic Egg 2","Mercury Hourglass","Vajra","Cables","Dodecahedron","Fusion Hammer","Frozen Egg 2","Question Card","Bronze Scales","War Paint","DataDisk","Busted Crown","Lantern","ClockworkSouvenir","Molten Egg 2","Bag of Preparation"],"potions_floor_usage":[55,55],"damage_taken":[{"damage":0.0,"enemies":"Small Slimes","floor":1.0,"turns":3.0},{"damage":2.0,"enemies":"Jaw Worm","floor":5.0,"turns":3.0},{"damage":28.0,"enemies":"Gremlin Nob","floor":7.0,"turns":4.0},{"damage":1.0,"enemies":"Cultist","floor":8.0,"turns":2.0},{"damage":10.0,"enemies":"Blue Slaver","floor":10.0,"turns":2.0},{"damage":9.0,"enemies":"3 Sentries","floor":12.0,"turns":5.0},{"damage":2.0,"enemies":"Gremlin Nob","floor":14.0,"turns":3.0},{"damage":10.0,"enemies":"Slime Boss","floor":16.0,"turns":8.0},{"damage":1.0,"enemies":"Spheric Guardian","floor":18.0,"turns":3.0},{"damage":7.0,"enemies":"Shell Parasite","floor":19.0,"turns":3.0},{"damage":2.0,"enemies":"Shelled Parasite and Fungi","floor":20.0,"turns":4.0},{"damage":0.0,"enemies":"Centurion and Healer","floor":22.0,"turns":5.0},{"damage":0.0,"enemies":"Book of Stabbing","floor":23.0,"turns":5.0},{"damage":10.0,"enemies":"Sentry and Sphere","floor":27.0,"turns":4.0},{"damage":5.0,"enemies":"Slavers","floor":29.0,"turns":4.0},{"damage":0.0,"enemies":"Snake Plant","floor":30.0,"turns":3.0},{"damage":17.0,"enemies":"Gremlin Leader","floor":31.0,"turns":6.0},{"damage":8.0,"enemies":"Champ","floor":33.0,"turns":10.0},{"damage":0.0,"enemies":"3 Darklings","floor":35.0,"turns":4.0},{"damage":0.0,"enemies":"Orb Walker","floor":38.0,"turns":2.0},{"damage":17.0,"enemies":"4 Shapes","floor":39.0,"turns":4.0},{"damage":0.0,"enemies":"Reptomancer","floor":41.0,"turns":6.0},{"damage":0.0,"enemies":"Spire Growth","floor":45.0,"turns":4.0},{"damage":0.0,"enemies":"Giant Head","floor":47.0,"turns":7.0},{"damage":3.0,"enemies":"3 Darklings","floor":48.0,"turns":3.0},{"damage":6.0,"enemies":"Awakened One","floor":50.0,"turns":10.0},{"damage":0,"enemies":"Shield and Spear","floor":54,"turns":6},{"damage":74,"enemies":"The Heart","floor":55,"turns":9}],"seed_played":"3346017873507537288","potions_obtained":[{"floor":7.0,"key":"Fire Potion"},{"floor":8.0,"key":"Poison Potion"},{"floor":16.0,"key":"SpeedPotion"},{"floor":19.0,"key":"FearPotion"},{"floor":29.0,"key":"Swift Potion"},{"floor":31.0,"key":"Ancient Potion"},{"floor":38.0,"key":"LiquidBronze"}],"is_trial":false,"path_per_floor":["M","?","?","?","M","R","E","M","T","M","R","E","R","E","R","B",null,"M","M","M","$","M","E","?","R","T","M","?","E","M","E","R","B",null,"M","?","?","M","M","R","E","R","T","$","M","$","E","M","R","B",null,"R","$","E","B",null],"character_chosen":"DEFECT","items_purchased":["Frozen Egg 2","Consume+1","Capacitor+1","ClockworkSouvenir","Stack+1","Loop+1"],"campfire_rested":6,"item_purchase_floors":[21,21,21,44,46,53],"current_hp_per_floor":[82,66,66,63,61,61,33,32,32,22,46,37,37,35,35,25,82,81,74,72,72,72,72,56,82,82,72,72,67,67,50,76,68,87,87,87,87,87,70,70,70,87,87,87,87,87,87,84,87,81,87,87,87,87,13],"gold":107,"neow_bonus":"TEN_PERCENT_HP_BONUS","is_prod":false,"is_daily":false,"chose_seed":false,"campfire_upgraded":3,"win_rate":0,"timestamp":1567729371,"path_taken":["M","?","?","?","M","R","E","M","T","?","R","E","R","E","R","BOSS","M","M","?","$","M","E","?","R","T","M","?","E","M","E","R","BOSS","M","?","?","?","M","R","E","R","T","?","M","$","E","M","R","BOSS","R","$","E","BOSS"],"build_version":"2019-07-17","purchased_purges":2,"victory":true,"max_hp_per_floor":[82,82,82,82,82,82,82,82,82,82,82,82,82,82,82,82,82,82,82,82,82,82,82,87,87,87,87,87,87,87,87,87,87,87,87,87,87,87,87,87,87,87,87,87,87,87,87,87,87,87,87,87,87,87,87],"card_choices":[{"not_picked":["Turbo","Go for the Eyes"],"picked":"Rip and Tear","floor":1.0},{"not_picked":["Reprogram+1","Hello World"],"picked":"Coolheaded+1","floor":5.0},{"not_picked":["Recycle+1","Hyperbeam"],"picked":"Cold Snap","floor":7.0},{"not_picked":["Stack+1","Steam Power+1"],"picked":"Redo+1","floor":8.0},{"not_picked":["Conserve Battery+1","Redo+1"],"picked":"Glacier+1","floor":10.0},{"not_picked":["Go for the Eyes","Glacier+1"],"picked":"Beam Cell","floor":12.0},{"not_picked":["Gash","Sweeping Beam"],"picked":"Undo+1","floor":14.0},{"not_picked":["Echo Form","Fission+1"],"picked":"Core Surge","floor":16.0},{"not_picked":["Reinforced Body+1","Rebound+1"],"picked":"Streamline+1","floor":18.0},{"not_picked":["Skim+1","Compile Driver"],"picked":"BootSequence+1","floor":19.0},{"not_picked":["Turbo+1","Double Energy+1"],"picked":"Blizzard","floor":20.0},{"not_picked":["Skim+1","Consume+1"],"picked":"Darkness+1","floor":22.0},{"not_picked":["Barrage+1","Leap+1"],"picked":"FTL+1","floor":23.0},{"not_picked":["Compile Driver","FTL+1","Leap+1"],"picked":"White Noise+1","floor":27.0},{"not_picked":["Thunder Strike","Streamline","Gash"],"picked":"Hologram+1","floor":29.0},{"not_picked":["Rebound","Gash","Cold Snap","Leap+1"],"picked":"SKIP","floor":30.0},{"not_picked":["Thunder Strike","Meteor Strike","Aggregate+1"],"picked":"Turbo+1","floor":31.0},{"not_picked":["Fission+1","Meteor Strike","Seek+1"],"picked":"Biased Cognition+1","floor":33.0},{"not_picked":["Steam+1","Leap+1"],"picked":"SKIP","floor":35.0},{"not_picked":["Steam+1"],"picked":"Compile Driver+1","floor":38.0},{"not_picked":["BootSequence+1","Ball Lightning"],"picked":"SKIP","floor":39.0},{"not_picked":["Static Discharge+1"],"picked":"Chill+1","floor":41.0},{"not_picked":["Go for the Eyes+1","Thunder Strike"],"picked":"SKIP","floor":45.0},{"not_picked":["Streamline"],"picked":"Loop+1","floor":47.0},{"not_picked":["BootSequence+1"],"picked":"Barrage+1","floor":48.0},{"not_picked":["Sweeping Beam+1"],"picked":"Force Field+1","floor":54}],"player_experience":174038,"relics_obtained":[{"floor":7.0,"key":"Mercury Hourglass"},{"floor":9.0,"key":"Vajra"},{"floor":12.0,"key":"Cables"},{"floor":14.0,"key":"Dodecahedron"},{"floor":23.0,"key":"Question Card"},{"floor":26.0,"key":"Bronze Scales"},{"floor":29.0,"key":"War Paint"},{"floor":31.0,"key":"DataDisk"},{"floor":41.0,"key":"Lantern"},{"floor":47.0,"key":"Molten Egg 2"},{"floor":54,"key":"Bag of Preparation"}],"event_choices":[{"damage_healed":0.0,"max_hp_gain":0.0,"max_hp_loss":0.0,"gold_gain":0.0,"event_name":"Shining Light","player_choice":"Entered Light","floor":2.0,"gold_loss":0.0,"damage_taken":16.0,"cards_upgraded":["Defend_B","Defend_B"]},{"damage_healed":0.0,"max_hp_gain":0.0,"max_hp_loss":0.0,"gold_gain":0.0,"event_name":"Big Fish","player_choice":"Box","floor":3.0,"gold_loss":0.0,"damage_taken":0.0,"relics_obtained":["Boot"],"cards_obtained":["Regret"]},{"damage_healed":0.0,"max_hp_gain":0.0,"max_hp_loss":0.0,"gold_gain":0.0,"event_name":"Scrap Ooze","player_choice":"Success","floor":4.0,"gold_loss":0.0,"damage_taken":3.0,"relics_obtained":["Toxic Egg 2"]},{"damage_healed":0.0,"max_hp_gain":5.0,"max_hp_loss":0.0,"gold_gain":0.0,"event_name":"Forgotten Altar","player_choice":"Shed Blood","floor":24.0,"gold_loss":0.0,"damage_taken":21.0},{"damage_healed":0.0,"max_hp_gain":0.0,"max_hp_loss":0.0,"gold_gain":0.0,"event_name":"Back to Basics","player_choice":"Simplicity","floor":28.0,"gold_loss":0.0,"damage_taken":0.0,"cards_upgraded":["Strike_B","Strike_B","Strike_B","Strike_B","Defend_B","Defend_B"]},{"cards_removed":["Strike_B"],"damage_healed":0.0,"max_hp_gain":0.0,"max_hp_loss":0.0,"gold_gain":0.0,"event_name":"Falling","player_choice":"Removed Attack","floor":36.0,"gold_loss":0.0,"damage_taken":0.0},{"damage_healed":0.0,"max_hp_gain":0.0,"max_hp_loss":0.0,"gold_gain":0.0,"event_name":"SecretPortal","player_choice":"Ignored","floor":37.0,"gold_loss":0.0,"damage_taken":0.0}],"is_beta":false,"boss_relics":[{"not_picked":["Nuclear Battery","Calling Bell"],"picked":"Fusion Hammer"},{"not_picked":["Philosopher\u0027s Stone","Empty Cage"],"picked":"Busted Crown"}],"items_purged_floors":[21,44],"is_endless":false,"potions_floor_spawned":[7,8,16,19,29,31,33,38,41,47,48],"ascension_level":1}