{"gold_per_floor":[110,110,7,7,157,157,187,187,239,298,327,327,353,13,13,86,86,104,104,119,169,180,215,215,247,273,273,273,31,31,51,51,127,127,137,7,7,7,19,19,36,55,55,4,23,23],"floor_reached":46,"playtime":1440,"items_purged":["Strike_R","Doubt","Strike_R","Strike_R"],"score":1095,"play_id":"4de914be-ee84-4a5f-9d68-e49aa6cabc74","local_time":"20190830210715","is_ascension_mode":true,"campfire_choices":[{"data":"Inflame","floor":6.0,"key":"SMITH"},{"data":"Iron Wave","floor":8.0,"key":"SMITH"},{"data":"Limit Break","floor":12.0,"key":"SMITH"},{"data":"Thunderclap","floor":15.0,"key":"SMITH"},{"floor":24.0,"key":"REST"},{"data":"Heavy Blade","floor":28.0,"key":"SMITH"},{"floor":30.0,"key":"REST"},{"data":"Uppercut","floor":32.0,"key":"SMITH"},{"floor":40.0,"key":"REST"}],"neow_cost":"NONE","seed_source_timestamp":1430196965314199,"circlet_count":0,"master_deck":["AscendersBane","Strike_R","Strike_R+1","Defend_R","Defend_R","Defend_R+1","Bash","Inflame+1","Twin Strike","Iron Wave+1","Limit Break+1","Thunderclap+1","Immolate","True Grit","Flash of Steel","Feed","Clothesline","Iron Wave","Metallicize","Shockwave","Uppercut+1","Heavy Blade+1","Sword Boomerang","Demon Form","Metallicize","Apotheosis","Headbutt+1","Ghostly Armor","Shrug It Off","Flame Barrier+1"],"special_seed":0,"relics":["Burning Blood","NeowsBlessing","Kunai","Blood Vial","Omamori","Ancient Tea Set","Smiling Mask","Runic Dome","Boot","Art of War","Bag of Preparation","Cursed Key","Blue Candle"],"potions_floor_usage":[46],"damage_taken":[{"damage":0.0,"enemies":"Jaw Worm","floor":1.0,"turns":1.0},{"damage":0.0,"enemies":"Gremlin Nob","floor":7.0,"turns":1.0},{"damage":0.0,"enemies":"3 Sentries","floor":10.0,"turns":2.0},{"damage":0.0,"enemies":"Lagavulin","floor":11.0,"turns":4.0},{"damage":40.0,"enemies":"Hexaghost","floor":16.0,"turns":8.0},{"damage":12.0,"enemies":"Chosen","floor":18.0,"turns":3.0},{"damage":12.0,"enemies":"3 Byrds","floor":20.0,"turns":3.0},{"damage":8.0,"enemies":"Centurion and Healer","floor":22.0,"turns":5.0},{"damage":15.0,"enemies":"Gremlin Leader","floor":23.0,"turns":5.0},{"damage":56.0,"enemies":"Book of Stabbing","floor":25.0,"turns":6.0},{"damage":2.0,"enemies":"Snecko","floor":31.0,"turns":5.0},{"damage":61.0,"enemies":"Automaton","floor":33.0,"turns":8.0},{"damage":33.0,"enemies":"3 Darklings","floor":35.0,"turns":5.0},{"damage":26.0,"enemies":"3 Shapes","floor":39.0,"turns":9.0},{"damage":35.0,"enemies":"Writhing Mass","floor":41.0,"turns":4.0},{"damage":20.0,"enemies":"4 Shapes","floor":42.0,"turns":24.0},{"damage":23.0,"enemies":"Jaw Worm Horde","floor":45.0,"turns":3.0},{"damage":12,"enemies":"Maw","floor":46,"turns":5}],"seed_played":"189417389003041254","potions_obtained":[{"floor":1.0,"key":"AttackPotion"},{"floor":7.0,"key":"Block Potion"},{"floor":23.0,"key":"PowerPotion"},{"floor":31.0,"key":"PowerPotion"},{"floor":33.0,"key":"EntropicBrew"},{"floor":35.0,"key":"SpeedPotion"},{"floor":41.0,"key":"EssenceOfSteel"}],"is_trial":false,"path_per_floor":["M","?","$","?","?","R","E","R","T","?","E","R","T","$","R","B",null,"M","?","M","?","M","E","R","E","T","?","R","$","R","M","R","B",null,"M","$","?","?","M","R","M","M","T","$","M","M"],"character_chosen":"IRONCLAD","items_purchased":["Twin Strike","Immolate","True Grit","Flash of Steel","Strength Potion","Regen Potion","Sword Boomerang","SkillPotion","Metallicize","Shrug It Off"],"campfire_rested":3,"item_purchase_floors":[3,14,14,14,14,29,29,29,36,44],"current_hp_per_floor":[74,79,79,55,55,55,61,61,61,69,77,77,77,77,77,45,71,67,44,43,43,46,39,66,18,18,18,18,18,45,68,68,15,74,49,49,49,49,31,59,36,24,24,24,9,0],"gold":23,"neow_bonus":"THREE_ENEMY_KILL","is_prod":false,"is_daily":false,"chose_seed":false,"campfire_upgraded":6,"win_rate":0,"timestamp":1567213635,"path_taken":["M","?","$","?","?","R","E","R","T","?","E","R","?","$","R","BOSS","M","?","M","?","M","E","R","E","T","?","R","$","R","M","R","BOSS","M","$","?","?","M","R","M","M","T","?","M","M"],"build_version":"2019-08-26","purchased_purges":4,"victory":false,"max_hp_per_floor":[75,80,80,80,80,80,80,80,80,80,80,80,80,80,80,80,80,80,85,88,88,91,91,91,91,91,91,91,91,91,94,94,94,94,94,94,94,94,94,94,98,98,98,98,98,98],"card_choices":[{"not_picked":["Havoc","Ghostly Armor"],"picked":"Inflame","floor":1.0},{"not_picked":["Spot Weakness","Anger"],"picked":"Iron Wave","floor":7.0},{"not_picked":["Cleave","Wild Strike"],"picked":"Limit Break","floor":10.0},{"not_picked":["Twin Strike","Corruption"],"picked":"Thunderclap","floor":11.0},{"not_picked":["Immolate","Fiend Fire"],"picked":"Feed","floor":16.0},{"not_picked":["Flex","Rage"],"picked":"Clothesline","floor":18.0},{"not_picked":["Power Through+1","Carnage"],"picked":"Iron Wave","floor":20.0},{"not_picked":["Havoc","Body Slam"],"picked":"Metallicize","floor":22.0},{"not_picked":["Armaments","Fire Breathing"],"picked":"Shockwave","floor":23.0},{"not_picked":["Brutality","Entrench"],"picked":"Uppercut","floor":25.0},{"not_picked":["Wild Strike","Burning Pact+1","Bloodletting"],"picked":"SKIP","floor":31.0},{"not_picked":["Immolate","Dark Embrace"],"picked":"Demon Form","floor":33.0},{"not_picked":["Flex","Havoc","Corruption"],"picked":"SKIP","floor":35.0},{"not_picked":["Enlightenment","Swift Strike"],"picked":"Apotheosis","floor":37.0},{"not_picked":["Cleave+1","True Grit"],"picked":"Headbutt+1","floor":39.0},{"not_picked":["Wild Strike+1","Blood for Blood","Body Slam"],"picked":"SKIP","floor":41.0},{"not_picked":["Heavy Blade","Clash+1"],"picked":"Ghostly Armor","floor":42.0},{"not_picked":["Flex+1","Iron Wave"],"picked":"Flame Barrier+1","floor":45.0}],"player_experience":1040077,"relics_obtained":[{"floor":7.0,"key":"Kunai"},{"floor":9.0,"key":"Blood Vial"},{"floor":11.0,"key":"Ancient Tea Set"},{"floor":13.0,"key":"Smiling Mask"},{"floor":23.0,"key":"Boot"},{"floor":25.0,"key":"Art of War"},{"floor":26.0,"key":"Bag of Preparation"},{"floor":43.0,"key":"Blue Candle"}],"event_choices":[{"damage_healed":0.0,"max_hp_gain":5.0,"max_hp_loss":0.0,"gold_gain":0.0,"event_name":"Big Fish","player_choice":"Donut","floor":2.0,"gold_loss":0.0,"damage_taken":0.0},{"damage_healed":0.0,"max_hp_gain":0.0,"max_hp_loss":0.0,"gold_gain":0.0,"event_name":"Shining Light","player_choice":"Entered Light","floor":4.0,"gold_loss":0.0,"damage_taken":24.0,"cards_upgraded":["Strike_R","Defend_R"]},{"damage_healed":0.0,"max_hp_gain":0.0,"max_hp_loss":0.0,"gold_gain":150.0,"event_name":"Liars Game","player_choice":"AGREE","floor":5.0,"gold_loss":0.0,"damage_taken":0.0,"cards_obtained":["Doubt"]},{"damage_healed":0.0,"max_hp_gain":0.0,"max_hp_loss":0.0,"gold_gain":0.0,"event_name":"Dead Adventurer","player_choice":"Searched \u00272\u0027 times","floor":10.0,"gold_loss":0.0,"damage_taken":0.0,"relics_obtained":["Omamori"]},{"damage_healed":0.0,"max_hp_gain":5.0,"max_hp_loss":0.0,"gold_gain":0.0,"event_name":"Forgotten Altar","player_choice":"Shed Blood","floor":19.0,"gold_loss":0.0,"damage_taken":28.0},{"damage_healed":0.0,"max_hp_gain":0.0,"max_hp_loss":0.0,"gold_gain":50.0,"event_name":"Nest","player_choice":"Stole From Cult","floor":21.0,"gold_loss":0.0,"damage_taken":0.0},{"damage_healed":0.0,"max_hp_gain":0.0,"max_hp_loss":0.0,"gold_gain":0.0,"event_name":"The Library","player_choice":"Read","floor":27.0,"gold_loss":0.0,"damage_taken":0.0,"cards_obtained":["Heavy Blade"]},{"damage_healed":0.0,"max_hp_gain":0.0,"max_hp_loss":0.0,"gold_gain":0.0,"event_name":"SensoryStone","player_choice":"Memory 1","floor":37.0,"gold_loss":0.0,"damage_taken":0.0},{"cards_removed":["Defend_R"],"damage_healed":0.0,"max_hp_gain":0.0,"max_hp_loss":0.0,"gold_gain":0.0,"event_name":"Falling","player_choice":"Removed Skill","floor":38.0,"gold_loss":0.0,"damage_taken":0.0}],"is_beta":true,"boss_relics":[{"not_picked":["Black Blood","Snecko Eye"],"picked":"Runic Dome"},{"not_picked":["Mark of Pain","Fusion Hammer"],"picked":"Cursed Key"}],"items_purged_floors":[3,14,29,36],"is_endless":false,"potions_floor_spawned":[1,7,20,23,31,33,35,41],"killed_by":"Maw","ascension_level":20}