{"gold_per_floor":[118,118,136,149,169,203,203,219,298,6,6,6,17,17,17,112,112,126,145,145,161,172,172,192,192,271,271,271,282,297,12,12,12],"floor_reached":33,"playtime":2915,"items_purged":[],"score":251,"play_id":"11482082-6900-4d15-aa93-92dfcc8f1106","local_time":"20190816204441","is_ascension_mode":false,"campfire_choices":[{"floor":7.0,"key":"REST"},{"floor":12.0,"key":"REST"},{"data":"1","floor":15.0,"key":"LIFT"},{"floor":23,"key":"REST"},{"floor":25,"key":"REST"},{"data":"2","floor":27,"key":"LIFT"},{"floor":32,"key":"REST"}],"neow_cost":"PERCENT_DAMAGE","seed_source_timestamp":0,"circlet_count":0,"master_deck":["Strike_G","Strike_G","Strike_G","Strike_G","Defend_G","Defend_G","Defend_G","Defend_G","Defend_G","Survivor+1","Neutralize","Endless Agony","Caltrops","Deflect","Sucker Punch","Night Terror","Acrobatics+1","Footwork","Caltrops","Dodge and Roll","A Thousand Cuts","Choke+1","Infinite Blades","Impatience","Swift Strike","Blur","Die Die Die","Dagger Spray","PiercingWail+1","Flechettes","Outmaneuver+1","Caltrops","Panacea+1"],"special_seed":0,"relics":["Ring of the Snake","Girya","Bronze Scales","Letter Opener","Question Card","Toxic Egg 2","Prayer Wheel","War Paint"],"potions_floor_usage":[19,24,33],"damage_taken":[{"damage":0.0,"enemies":"Small Slimes","floor":1.0,"turns":6.0},{"damage":1.0,"enemies":"2 Louse","floor":3.0,"turns":3.0},{"damage":0.0,"enemies":"Cultist","floor":4.0,"turns":3.0},{"damage":9.0,"enemies":"Exordium Wildlife","floor":5.0,"turns":4.0},{"damage":37.0,"enemies":"Gremlin Nob","floor":6.0,"turns":6.0},{"damage":9.0,"enemies":"Lots of Slimes","floor":8.0,"turns":3.0},{"damage":0.0,"enemies":"2 Fungi Beasts","floor":13.0,"turns":4.0},{"damage":12.0,"enemies":"The Guardian","floor":16.0,"turns":12.0},{"damage":10.0,"enemies":"Shell Parasite","floor":18.0,"turns":7.0},{"damage":0,"enemies":"Spheric Guardian","floor":19,"turns":5},{"damage":16,"enemies":"Snake Plant","floor":21,"turns":4},{"damage":9,"enemies":"Chosen and Byrds","floor":22,"turns":6},{"damage":23,"enemies":"Cultist and Chosen","floor":24,"turns":7},{"damage":24,"enemies":"3 Cultists","floor":29,"turns":4},{"damage":21,"enemies":"Snake Plant","floor":30,"turns":6},{"damage":59,"enemies":"Automaton","floor":33,"turns":6}],"seed_played":"7683823259558053627","potions_obtained":[{"floor":1.0,"key":"Swift Potion"},{"floor":3.0,"key":"LiquidBronze"},{"floor":13.0,"key":"Fruit Juice"},{"floor":18,"key":"Block Potion"},{"floor":22,"key":"Poison Potion"},{"floor":29,"key":"Swift Potion"}],"is_trial":false,"path_per_floor":["M","?","M","M","M","E","R","M","T","$","?","R","M","?","R","B",null,"M","M","?","M","M","R","M","R","T","R","?","M","M","$","R","B"],"character_chosen":"THE_SILENT","items_purchased":["Footwork","Question Card","Caltrops","Panacea+1","War Paint"],"campfire_rested":5,"item_purchase_floors":[10,10,31,31,31],"current_hp_per_floor":[49,54,53,53,44,7,29,20,20,20,20,42,47,47,47,35,80,70,70,46,30,21,45,22,46,46,46,46,22,1,1,25,0],"gold":12,"neow_bonus":"ONE_RARE_RELIC","is_prod":false,"is_daily":false,"chose_seed":false,"campfire_upgraded":0,"win_rate":0.0,"timestamp":1565977481,"path_taken":["M","?","M","M","M","E","R","M","T","$","?","R","M","?","R","BOSS","M","?","?","M","M","R","?","R","T","R","?","M","M","$","R","BOSS"],"build_version":"2019-07-17","purchased_purges":0,"victory":false,"max_hp_per_floor":[70,75,75,75,75,75,75,75,75,75,75,75,80,80,80,80,80,80,80,80,80,80,80,80,80,80,80,80,80,80,80,80,80],"card_choices":[{"not_picked":["Skewer","Outmaneuver"],"picked":"Endless Agony","floor":1.0},{"not_picked":["Bane","Catalyst"],"picked":"Caltrops","floor":3.0},{"not_picked":["Underhanded Strike","Flechettes"],"picked":"Deflect","floor":4.0},{"not_picked":["Dodge and Roll","Dagger Throw"],"picked":"Sucker Punch","floor":5.0},{"not_picked":["Prepared","Glass Knife"],"picked":"Night Terror","floor":6.0},{"not_picked":["Flying Knee","Bane"],"picked":"Acrobatics","floor":8.0},{"not_picked":["PiercingWail","Acrobatics","Deadly Poison"],"picked":"Caltrops","floor":13.0},{"not_picked":["Unload","Malaise","Night Terror"],"picked":"A Thousand Cuts","floor":16.0},{"not_picked":["All Out Attack+1","Bane","Deadly Poison"],"picked":"Choke+1","floor":18},{"not_picked":["Expertise+1","Quick Slash","Dagger Spray"],"picked":"Infinite Blades","floor":19},{"not_picked":["All Out Attack","Sucker Punch","Bane","Flying Knee+1"],"picked":"SKIP","floor":21},{"not_picked":["Calculated Gamble","Outmaneuver+1","Quick Slash"],"picked":"Blur","floor":22},{"not_picked":["Deflect","Outmaneuver","Dagger Throw"],"picked":"Die Die Die","floor":24},{"not_picked":["Deadly Poison+1","Bane","Dash"],"picked":"Dagger Spray","floor":29},{"not_picked":["Sucker Punch+1","Dagger Spray+1","Finisher+1"],"picked":"PiercingWail+1","floor":29},{"not_picked":["Poisoned Stab","Bane","Prepared+1"],"picked":"Flechettes","floor":30},{"not_picked":["Finisher","Sucker Punch+1","Deadly Poison+1"],"picked":"Outmaneuver+1","floor":30}],"player_experience":47233,"relics_obtained":[{"floor":6.0,"key":"Bronze Scales"},{"floor":9.0,"key":"Letter Opener"},{"floor":26,"key":"Toxic Egg 2"}],"event_choices":[{"damage_healed":0.0,"max_hp_gain":5.0,"max_hp_loss":0.0,"gold_gain":0.0,"event_name":"Big Fish","player_choice":"Donut","floor":2.0,"gold_loss":0.0,"damage_taken":0.0},{"damage_healed":0.0,"max_hp_gain":0.0,"max_hp_loss":0.0,"gold_gain":0.0,"event_name":"Golden Wing","player_choice":"Ignored","floor":11.0,"gold_loss":0.0,"damage_taken":0.0},{"damage_healed":0.0,"max_hp_gain":0.0,"max_hp_loss":0.0,"gold_gain":0.0,"cards_transformed":["Strike_G"],"event_name":"Transmorgrifier","player_choice":"Transformed","floor":14.0,"gold_loss":0.0,"damage_taken":0.0,"cards_obtained":["Dodge and Roll"]},{"damage_healed":0,"gold_gain":0,"player_choice":"CARD CARD ","damage_taken":24,"max_hp_gain":0,"max_hp_loss":0,"event_name":"Knowing Skull","floor":20,"potions_obtained":[],"gold_loss":0,"cards_obtained":["Impatience","Swift Strike"]},{"damage_healed":0,"gold_gain":0,"player_choice":"Opened","damage_taken":0,"relics_obtained":["Prayer Wheel"],"max_hp_gain":0,"max_hp_loss":0,"event_name":"The Mausoleum","floor":28,"gold_loss":0}],"is_beta":false,"boss_relics":[{"not_picked":["HoveringKite","Snecko Eye","Runic Dome"]}],"items_purged_floors":[],"is_endless":false,"potions_floor_spawned":[1,3,13,18,22,29],"killed_by":"Automaton","ascension_level":0}