{"gold_per_floor":[112,123,123,73,86,86,115,115,165,183,37,37,55,74,74,74],"floor_reached":16,"playtime":663,"items_purged":["Regret"],"score":102,"play_id":"785091f7-b193-4a98-b943-c6ca500c6f8f","local_time":"20190806150733","is_ascension_mode":false,"campfire_choices":[{"data":"Core Surge","floor":6,"key":"SMITH"},{"floor":15,"key":"REST"}],"neow_cost":"NONE","seed_source_timestamp":62200807164273,"circlet_count":0,"master_deck":["Strike_B","Strike_B+1","Strike_B","Strike_B","Defend_B","Defend_B","Defend_B","Defend_B+1","Zap","Core Surge+1","Gash","Turbo","Turbo","Steam Power","Conserve Battery","Self Repair","Scrape","Coolheaded"],"relics":["Cracked Core","Ancient Tea Set","Bag of Preparation","Pen Nib","Mercury Hourglass"],"potions_floor_usage":[7,14],"damage_taken":[{"damage":4,"enemies":"2 Louse","floor":1,"turns":2},{"damage":6,"enemies":"Jaw Worm","floor":2,"turns":2},{"damage":8,"enemies":"Cultist","floor":5,"turns":3},{"damage":27,"enemies":"Gremlin Nob","floor":7,"turns":4},{"damage":5,"enemies":"Looter","floor":10,"turns":3},{"damage":3,"enemies":"Red Slaver","floor":13,"turns":2},{"damage":0,"enemies":"3 Louse","floor":14,"turns":1},{"damage":38,"enemies":"Hexaghost","floor":16,"turns":9}],"seed_played":"-5282335962951028866","potions_obtained":[{"floor":1,"key":"PowerPotion"},{"floor":7,"key":"AttackPotion"},{"floor":10,"key":"Ancient Potion"}],"is_trial":false,"path_per_floor":["M","M","?","?","M","R","E","?","T","M","$","T","M","M","R","B"],"character_chosen":"DEFECT","items_purchased":["Self Repair"],"campfire_rested":1,"item_purchase_floors":[11],"current_hp_per_floor":[71,65,65,65,57,57,30,15,15,10,10,10,14,14,36,0],"gold":74,"neow_bonus":"ONE_RANDOM_RARE_CARD","is_prod":false,"is_daily":false,"chose_seed":false,"campfire_upgraded":1,"win_rate":0.0,"timestamp":1565118453,"path_taken":["M","M","?","?","?","R","E","?","T","M","$","?","?","M","R","BOSS"],"build_version":"2019-07-17","purchased_purges":1,"victory":false,"max_hp_per_floor":[75,75,75,75,75,75,75,75,75,75,75,75,75,75,75,75],"card_choices":[{"not_picked":["Self Repair","Steam"],"picked":"Gash","floor":1},{"not_picked":["Hologram","Gash"],"picked":"Turbo","floor":2},{"not_picked":["Hologram","Cold Snap"],"picked":"Turbo","floor":5},{"not_picked":["Meteor Strike","Skim"],"picked":"Steam Power","floor":7},{"not_picked":["Compile Driver","Undo"],"picked":"Conserve Battery","floor":10},{"not_picked":["Conserve Battery","Cold Snap"],"picked":"Scrape","floor":13},{"not_picked":["Compile Driver","Genetic Algorithm"],"picked":"Coolheaded","floor":14}],"player_experience":87821,"relics_obtained":[{"floor":7,"key":"Bag of Preparation"},{"floor":9,"key":"Pen Nib"},{"floor":12,"key":"Mercury Hourglass"}],"event_choices":[{"damage_healed":0,"gold_gain":0,"player_choice":"Box","damage_taken":0,"relics_obtained":["Ancient Tea Set"],"max_hp_gain":0,"max_hp_loss":0,"event_name":"Big Fish","floor":3,"gold_loss":0,"cards_obtained":["Regret"]},{"cards_removed":["Dualcast"],"damage_healed":0,"gold_gain":0,"player_choice":"Card Removal","damage_taken":0,"max_hp_gain":0,"max_hp_loss":0,"event_name":"The Cleric","floor":4,"gold_loss":50},{"damage_healed":0,"gold_gain":0,"player_choice":"Entered Light","damage_taken":15,"max_hp_gain":0,"max_hp_loss":0,"event_name":"Shining Light","floor":8,"gold_loss":0,"cards_upgraded":["Strike_B","Defend_B"]}],"is_beta":false,"boss_relics":[],"items_purged_floors":[11],"is_endless":false,"potions_floor_spawned":[1,7,10],"killed_by":"Hexaghost","ascension_level":0}