{"gold_per_floor":[117,117,136,136,156,156,156,156,205,205,205,233,248,262,262,361,361,374,359,359,359,376,376,407,407,430,445,445,445,458,473,473,473],"floor_reached":33,"playtime":1274,"items_purged":[],"score":280,"play_id":"bf4043fb-91e8-4845-a206-2e5ee9f04a8b","local_time":"20190903115415","is_ascension_mode":true,"campfire_choices":[{"data":"White Noise","floor":6,"key":"SMITH"},{"data":"Dualcast","floor":8,"key":"SMITH"},{"data":"Consume","floor":10,"key":"SMITH"},{"data":"Capacitor","floor":15,"key":"SMITH"},{"floor":23,"key":"REST"},{"floor":25,"key":"REST"},{"data":"White Noise","floor":28,"key":"SMITH"},{"floor":32,"key":"REST"}],"neow_cost":"NONE","seed_source_timestamp":989147640635551,"circlet_count":0,"master_deck":["Strike_B","Defend_B","Defend_B","Defend_B","Defend_B","Zap+1","Dualcast+1","Consume+1","White Noise+1","Leap","Biased Cognition","Conserve Battery","Capacitor+1","Buffer","Cold Snap","BootSequence+1","Hello World","White Noise+1","Lockon","Multi-Cast","Injury","Chill+1","Chaos+1"],"relics":["Cracked Core","DataDisk","Smiling Mask","Blood Vial","Ornamental Fan","Cursed Key","Vajra","Omamori","Gremlin Horn"],"potions_floor_usage":[16,24,24],"damage_taken":[{"damage":1,"enemies":"Jaw Worm","floor":1,"turns":3},{"damage":0,"enemies":"Cultist","floor":3,"turns":3},{"damage":6,"enemies":"Small Slimes","floor":5,"turns":2},{"damage":17,"enemies":"3 Sentries","floor":12,"turns":6},{"damage":7,"enemies":"2 Fungi Beasts","floor":13,"turns":2},{"damage":7,"enemies":"Blue Slaver","floor":14,"turns":3},{"damage":27,"enemies":"The Guardian","floor":16,"turns":10},{"damage":17,"enemies":"Spheric Guardian","floor":18,"turns":4},{"damage":18,"enemies":"2 Thieves","floor":19,"turns":4},{"damage":16,"enemies":"Snake Plant","floor":22,"turns":5},{"damage":36,"enemies":"Slavers","floor":24,"turns":5},{"damage":0,"enemies":"Centurion and Healer","floor":27,"turns":7},{"damage":19,"enemies":"3 Cultists","floor":30,"turns":7},{"damage":2,"enemies":"Snecko","floor":31,"turns":7},{"damage":0,"enemies":"Collector","floor":33,"turns":1}],"seed_played":"-1454763022728447965","potions_obtained":[{"floor":1,"key":"LiquidBronze"},{"floor":3,"key":"Poison Potion"},{"floor":12,"key":"SteroidPotion"},{"floor":22,"key":"Explosive Potion"},{"floor":24,"key":"Ancient Potion"},{"floor":27,"key":"Fire Potion"}],"is_trial":false,"path_per_floor":["M","?","M","?","M","R","?","R","T","R","?","E","M","M","R","B",null,"M","M","?","?","M","R","E","R","T","M","R","T","M","M","R","B"],"character_chosen":"DEFECT","items_purchased":[],"campfire_rested":3,"item_purchase_floors":[],"current_hp_per_floor":[74,74,74,74,68,68,61,61,61,61,58,43,38,33,33,8,75,58,42,42,28,14,38,4,28,28,30,30,30,13,13,37,39],"gold":473,"neow_bonus":"UPGRADE_CARD","is_prod":false,"is_daily":false,"chose_seed":false,"campfire_upgraded":5,"win_rate":0,"timestamp":1567500855,"path_taken":["M","?","?","?","M","R","?","R","T","R","?","E","M","M","R","BOSS","M","M","?","?","?","R","E","R","T","M","R","?","M","M","R","BOSS"],"build_version":"2019-07-17","purchased_purges":0,"victory":false,"max_hp_per_floor":[75,75,75,75,75,75,75,75,75,75,75,75,75,75,75,75,75,75,75,75,80,80,80,80,80,80,80,80,80,80,80,80,80],"card_choices":[{"not_picked":["Steam","Lockon"],"picked":"Consume","floor":1},{"not_picked":["Sunder","Tempest"],"picked":"White Noise","floor":3},{"not_picked":["Cold Snap","Rebound"],"picked":"Leap","floor":5},{"not_picked":["Turbo","Undo"],"picked":"Biased Cognition","floor":12},{"not_picked":["Streamline","Rebound"],"picked":"Conserve Battery","floor":13},{"not_picked":["Go for the Eyes","Recycle"],"picked":"Capacitor","floor":14},{"not_picked":["Machine Learning","Amplify"],"picked":"Buffer","floor":16},{"not_picked":["Darkness","Redo"],"picked":"Cold Snap","floor":18},{"not_picked":["Chaos+1","Consume+1"],"picked":"BootSequence+1","floor":19},{"not_picked":["Barrage+1","Steam"],"picked":"Lockon","floor":22},{"not_picked":["Streamline","Fission"],"picked":"Multi-Cast","floor":24},{"not_picked":["Barrage","Steam"],"picked":"Chill+1","floor":27},{"not_picked":["Tempest","Undo+1","BootSequence"],"picked":"SKIP","floor":30},{"not_picked":["Conserve Battery","Sunder"],"picked":"Chaos+1","floor":31}],"player_experience":253137,"relics_obtained":[{"floor":2,"key":"DataDisk"},{"floor":9,"key":"Smiling Mask"},{"floor":12,"key":"Ornamental Fan"},{"floor":24,"key":"Vajra"},{"floor":26,"key":"Omamori"},{"floor":29,"key":"Gremlin Horn"}],"event_choices":[{"damage_healed":0,"gold_gain":0,"player_choice":"Relic","damage_taken":0,"max_hp_gain":0,"max_hp_loss":0,"event_name":"Wheel of Change","floor":2,"gold_loss":0},{"damage_healed":0,"gold_gain":0,"player_choice":"Ignored","damage_taken":0,"max_hp_gain":0,"max_hp_loss":0,"event_name":"Liars Game","floor":4,"gold_loss":0},{"cards_removed":["Strike_B"],"damage_healed":0,"gold_gain":0,"player_choice":"Card Removal","damage_taken":7,"max_hp_gain":0,"max_hp_loss":0,"event_name":"Golden Wing","floor":7,"gold_loss":0},{"damage_healed":0,"gold_gain":0,"player_choice":"Success","damage_taken":3,"relics_obtained":["Blood Vial"],"max_hp_gain":0,"max_hp_loss":0,"event_name":"Scrap Ooze","floor":11,"gold_loss":0},{"damage_healed":0,"gold_gain":0,"cards_transformed":["Strike_B","Strike_B"],"player_choice":"Became Test Subject","damage_taken":0,"max_hp_gain":0,"max_hp_loss":0,"event_name":"Drug Dealer","floor":20,"gold_loss":0,"cards_obtained":["Hello World","White Noise"]},{"damage_healed":0,"gold_gain":0,"player_choice":"Shed Blood","damage_taken":19,"max_hp_gain":5,"max_hp_loss":0,"event_name":"Forgotten Altar","floor":21,"gold_loss":0}],"is_beta":false,"boss_relics":[{"not_picked":["Nuclear Battery","Fusion Hammer"],"picked":"Cursed Key"}],"items_purged_floors":[],"is_endless":false,"potions_floor_spawned":[1,3,12,14,22,24,27,30],"killed_by":"Collector","ascension_level":1}