{"gold_per_floor":[110,110,121,139,19,19,19,19,67,93,108,128,128,193,193,293,293,308,308,308,308,308,336,336,336,336,354,354,366,378,396,396,491,491,509,557,605,616,639,939,223,256,256,270,290,319,319,18,18,18],"floor_reached":51,"playtime":1592,"items_purged":["Strike_R","Strike_R+1"],"score":823,"play_id":"ad039ddb-b9a8-4ed5-812d-8a89a4655373","local_time":"20190810123250","is_ascension_mode":false,"campfire_choices":[{"floor":6,"key":"DIG"},{"floor":8,"key":"DIG"},{"floor":13,"key":"DIG"},{"floor":15,"key":"DIG"},{"floor":24,"key":"DIG"},{"floor":28,"key":"DIG"},{"floor":32,"key":"DIG"},{"floor":40,"key":"DIG"},{"floor":47,"key":"DIG"},{"floor":49,"key":"DIG"}],"neow_cost":"TEN_PERCENT_HP_LOSS","seed_source_timestamp":191420540913600,"circlet_count":0,"master_deck":["Strike_R+1","Strike_R+1","Strike_R+1","Defend_R+1","Defend_R+1","Defend_R+1","Defend_R+1","Bash","Metallicize","Cleave","Sword Boomerang","Anger","Spot Weakness","Heavy Blade","Metallicize","Demon Form","Havoc+1","Necronomicurse","Shockwave","True Grit+1","Twin Strike","Seeing Red+1","Reaper","Iron Wave+1","Sword Boomerang+1","Second Wind+1","Heavy Blade","Demon Form","Heavy Blade","Carnage","Clothesline","Whirlwind+1","Rupture"],"relics":["Burning Blood","Turnip","Shovel","Question Card","Meat on the Bone","Happy Flower","FossilizedHelix","Bag of Preparation","Torii","Smiling Mask","Runic Pyramid","Necronomicon","Blue Candle","Mummified Hand","Bronze Scales","Anchor","Regal Pillow","Snecko Eye","Gambling Chip","Omamori","Pen Nib","Old Coin","Paper Frog","War Paint","DollysMirror","Juzu Bracelet","Shuriken","The Courier","Orichalcum","Lantern","Strawberry","Ice Cream"],"potions_floor_usage":[10,16,50],"damage_taken":[{"damage":2,"enemies":"2 Louse","floor":1,"turns":3},{"damage":1,"enemies":"Cultist","floor":3,"turns":4},{"damage":0,"enemies":"Small Slimes","floor":4,"turns":3},{"damage":21,"enemies":"Gremlin Nob","floor":10,"turns":4},{"damage":0,"enemies":"Exordium Wildlife","floor":11,"turns":2},{"damage":0,"enemies":"Looter","floor":12,"turns":3},{"damage":6,"enemies":"3 Sentries","floor":14,"turns":4},{"damage":26,"enemies":"Hexaghost","floor":16,"turns":9},{"damage":11,"enemies":"2 Thieves","floor":18,"turns":3},{"damage":24,"enemies":"Book of Stabbing","floor":23,"turns":3},{"damage":0,"enemies":"Chosen","floor":27,"turns":2},{"damage":0,"enemies":"Shelled Parasite and Fungi","floor":29,"turns":3},{"damage":0,"enemies":"Cultist and Chosen","floor":30,"turns":5},{"damage":16,"enemies":"Sentry and Sphere","floor":31,"turns":4},{"damage":37,"enemies":"Automaton","floor":33,"turns":7},{"damage":0,"enemies":"Orb Walker","floor":35,"turns":3},{"damage":20,"enemies":"2 Orb Walkers","floor":36,"turns":4},{"damage":0,"enemies":"3 Shapes","floor":38,"turns":3},{"damage":13,"enemies":"Reptomancer","floor":42,"turns":4},{"damage":0,"enemies":"Sphere and 2 Shapes","floor":44,"turns":3},{"damage":0,"enemies":"Spire Growth","floor":45,"turns":3},{"damage":2,"enemies":"Nemesis","floor":46,"turns":3},{"damage":13,"enemies":"Donu and Deca","floor":50,"turns":4}],"seed_played":"-3886871603127283221","potions_obtained":[{"floor":4,"key":"Energy Potion"},{"floor":10,"key":"SneckoOil"},{"floor":11,"key":"Dexterity Potion"},{"floor":16,"key":"Swift Potion"},{"floor":23,"key":"Fire Potion"},{"floor":27,"key":"PowerPotion"},{"floor":33,"key":"GamblersBrew"}],"is_trial":false,"path_per_floor":["M","?","M","M","$","R","$","R","T","E","M","M","R","?","R","B",null,"M","?","?","?","?","E","R","?","T","M","R","M","M","M","R","B",null,"M","?","T","M","T","R","$","E","T","M","M","E","R","$","R","B",null],"character_chosen":"IRONCLAD","items_purchased":["Sword Boomerang","Paper Frog","War Paint","Heavy Blade","DollysMirror","Lantern","Strawberry","Rupture"],"campfire_rested":0,"item_purchase_floors":[5,41,41,41,41,48,48,48],"current_hp_per_floor":[72,72,72,72,72,72,72,72,72,57,63,69,69,69,69,49,72,67,51,51,51,51,45,45,32,32,50,50,56,62,52,52,33,77,77,63,63,77,77,77,77,70,70,77,77,77,77,84,84,77],"gold":18,"neow_bonus":"ONE_RARE_RELIC","is_prod":false,"is_daily":false,"chose_seed":false,"campfire_upgraded":0,"win_rate":0,"timestamp":1565461970,"path_taken":["M","?","?","?","$","R","$","R","T","E","M","M","R","?","R","BOSS","M","?","?","?","?","E","R","?","T","M","R","?","?","M","R","BOSS","M","?","?","M","?","R","?","E","T","M","M","E","R","$","R","BOSS"],"build_version":"2019-07-17","purchased_purges":2,"victory":true,"max_hp_per_floor":[72,72,72,72,72,72,72,72,72,72,72,72,72,72,72,72,72,72,72,72,72,72,72,72,77,77,77,77,77,77,77,77,77,77,77,77,77,77,77,77,77,77,77,77,77,77,77,84,84,84],"card_choices":[{"not_picked":["Sword Boomerang","Shrug It Off"],"picked":"Shockwave","floor":1},{"not_picked":["Intimidate","Iron Wave"],"picked":"Metallicize","floor":3},{"not_picked":["Flex","Heavy Blade"],"picked":"Cleave","floor":4},{"not_picked":["Hemokinesis","Headbutt","Armaments"],"picked":"Anger","floor":10},{"not_picked":["Sword Boomerang","Thunderclap","Carnage"],"picked":"Spot Weakness","floor":11},{"not_picked":["Wild Strike","Clothesline","Cleave"],"picked":"Heavy Blade","floor":12},{"not_picked":["Carnage","Clash","Headbutt"],"picked":"Metallicize","floor":14},{"not_picked":["Dark Embrace","Immolate","Reaper"],"picked":"Demon Form","floor":16},{"not_picked":["Combust","Evolve","Clothesline"],"picked":"Havoc+1","floor":18},{"not_picked":["Wild Strike","Armaments","Whirlwind","Shockwave"],"picked":"SKIP","floor":23},{"not_picked":["Wild Strike","Armaments","Whirlwind"],"picked":"Shockwave","floor":23},{"not_picked":["Evolve+1","Thunderclap+1","Warcry","Blood for Blood"],"picked":"SKIP","floor":27},{"not_picked":["Perfected Strike","Warcry","Cleave"],"picked":"True Grit","floor":29},{"not_picked":["Juggernaut","Wild Strike","Dropkick+1"],"picked":"Twin Strike","floor":30},{"not_picked":["Shockwave","Perfected Strike","Sever Soul"],"picked":"Seeing Red","floor":31},{"not_picked":["Exhume","Immolate","Double Tap"],"picked":"Reaper","floor":33},{"not_picked":["Body Slam+1","Rage","Shrug It Off"],"picked":"Iron Wave+1","floor":35},{"not_picked":["Infernal Blade","Headbutt+1","Sentinel"],"picked":"Sword Boomerang+1","floor":36},{"not_picked":["Shockwave","True Grit","Havoc"],"picked":"Second Wind+1","floor":38},{"not_picked":["Thunderclap","Ghostly Armor+1","Armaments"],"picked":"Heavy Blade","floor":42},{"not_picked":["Power Through+1","Dual Wield+1","Combust"],"picked":"Carnage","floor":44},{"not_picked":["Armaments","Shrug It Off+1","Entrench+1"],"picked":"Clothesline","floor":45},{"not_picked":["Barricade","Armaments+1","Sword Boomerang"],"picked":"Whirlwind+1","floor":46}],"player_experience":975569,"relics_obtained":[{"floor":6,"key":"Question Card"},{"floor":8,"key":"Meat on the Bone"},{"floor":9,"key":"Happy Flower"},{"floor":10,"key":"FossilizedHelix"},{"floor":13,"key":"Bag of Preparation"},{"floor":14,"key":"Torii"},{"floor":15,"key":"Smiling Mask"},{"floor":19,"key":"Necronomicon"},{"floor":23,"key":"Blue Candle"},{"floor":24,"key":"Mummified Hand"},{"floor":26,"key":"Bronze Scales"},{"floor":28,"key":"Anchor"},{"floor":32,"key":"Regal Pillow"},{"floor":36,"key":"Gambling Chip"},{"floor":37,"key":"Omamori"},{"floor":39,"key":"Pen Nib"},{"floor":40,"key":"Old Coin"},{"floor":42,"key":"Juzu Bracelet"},{"floor":43,"key":"Shuriken"},{"floor":46,"key":"The Courier"},{"floor":47,"key":"Orichalcum"},{"floor":49,"key":"Ice Cream"}],"event_choices":[{"cards_removed":["Shockwave"],"damage_healed":0,"gold_gain":0,"player_choice":"Gave Card","damage_taken":0,"relics_obtained":["Shovel"],"max_hp_gain":0,"max_hp_loss":0,"event_name":"WeMeetAgain","floor":2,"gold_loss":0},{"damage_healed":0,"gold_gain":0,"player_choice":"Searched \u00271\u0027 times","damage_taken":0,"max_hp_gain":0,"max_hp_loss":0,"event_name":"Dead Adventurer","floor":14,"gold_loss":0},{"damage_healed":0,"gold_gain":0,"player_choice":"Obtained Book","damage_taken":16,"max_hp_gain":0,"max_hp_loss":0,"event_name":"Cursed Tome","floor":19,"gold_loss":0},{"damage_healed":0,"gold_gain":0,"player_choice":"Ignored","damage_taken":0,"max_hp_gain":0,"max_hp_loss":0,"event_name":"Ghosts","floor":20,"gold_loss":0},{"damage_healed":0,"gold_gain":0,"player_choice":"Ignored","damage_taken":0,"max_hp_gain":0,"max_hp_loss":0,"event_name":"Vampires","floor":21,"gold_loss":0},{"damage_healed":0,"gold_gain":0,"player_choice":"Simplicity","damage_taken":0,"max_hp_gain":0,"max_hp_loss":0,"event_name":"Back to Basics","floor":22,"gold_loss":0,"cards_upgraded":["Strike_R","Strike_R","Strike_R","Strike_R","Defend_R","Defend_R","Defend_R","Defend_R"]},{"damage_healed":0,"gold_gain":0,"player_choice":"Shed Blood","damage_taken":18,"max_hp_gain":5,"max_hp_loss":0,"event_name":"Forgotten Altar","floor":25,"gold_loss":0},{"damage_healed":0,"gold_gain":0,"player_choice":"Fight","damage_taken":0,"max_hp_gain":0,"max_hp_loss":0,"event_name":"Mysterious Sphere","floor":36,"gold_loss":0}],"is_beta":false,"boss_relics":[{"not_picked":["Runic Dome","Sozu"],"picked":"Runic Pyramid"},{"not_picked":["White Beast Statue","Lizard Tail"],"picked":"Snecko Eye"}],"items_purged_floors":[5,41],"is_endless":false,"potions_floor_spawned":[4,10,11,16,23,27,29,33,38,42,44],"ascension_level":0}