{"gold_per_floor":[18,28,44,44,54,54,67,67,67,67,87,97,97,114,114,209,209,221,241],"floor_reached":19,"playtime":569,"items_purged":[],"score":182,"play_id":"079e90b8-3e74-41fe-998b-62ade02f0399","local_time":"20190826083014","is_ascension_mode":true,"campfire_choices":[{"data":"Dualcast","floor":6,"key":"SMITH"},{"data":"Zap","floor":8,"key":"SMITH"},{"data":"Streamline","floor":10,"key":"SMITH"},{"data":"Seek","floor":13,"key":"SMITH"},{"floor":15,"key":"REST"}],"neow_cost":"NO_GOLD","seed_source_timestamp":286416837969966,"circlet_count":0,"master_deck":["Strike_B","Strike_B","Strike_B","Strike_B","Defend_B","Defend_B","Defend_B","Defend_B","Zap+1","Dualcast+1","Seek+1","Gash","Streamline+1","Gash","Pain","Consume","Go for the Eyes","Conserve Battery","Gash","Echo Form","Beam Cell+1","Blizzard+1"],"relics":["Cracked Core","WarpedTongs","Sundial","Cursed Key"],"potions_floor_usage":[16,16],"damage_taken":[{"damage":2,"enemies":"2 Louse","floor":1,"turns":2},{"damage":1,"enemies":"Cultist","floor":2,"turns":3},{"damage":4,"enemies":"Small Slimes","floor":3,"turns":3},{"damage":14,"enemies":"Exordium Wildlife","floor":5,"turns":4},{"damage":14,"enemies":"Blue Slaver","floor":7,"turns":3},{"damage":4,"enemies":"Red Slaver","floor":11,"turns":2},{"damage":12,"enemies":"Exordium Wildlife","floor":12,"turns":3},{"damage":0,"enemies":"3 Louse","floor":14,"turns":2},{"damage":40,"enemies":"The Guardian","floor":16,"turns":10},{"damage":12,"enemies":"Chosen","floor":18,"turns":3},{"damage":29,"enemies":"2 Thieves","floor":19,"turns":4}],"seed_played":"-7763694291889845580","potions_obtained":[{"floor":7,"key":"SneckoOil"},{"floor":12,"key":"EssenceOfSteel"},{"floor":16,"key":"EntropicBrew"},{"floor":18,"key":"GamblersBrew"}],"is_trial":false,"path_per_floor":["M","M","M","?","M","R","M","R","T","R","M","M","R","M","R","B",null,"M","M"],"character_chosen":"DEFECT","items_purchased":[],"campfire_rested":1,"item_purchase_floors":[],"current_hp_per_floor":[73,72,68,68,54,54,40,40,40,40,36,24,24,24,46,6,75,63,34],"gold":241,"neow_bonus":"THREE_RARE_CARDS","is_prod":false,"is_daily":false,"chose_seed":false,"campfire_upgraded":4,"win_rate":0,"timestamp":1566797414,"path_taken":["M","M","M","?","?","R","M","R","T","R","M","M","R","M","R","BOSS","M","M"],"build_version":"2019-07-17","purchased_purges":0,"victory":false,"max_hp_per_floor":[75,75,75,75,75,75,75,75,75,75,75,75,75,75,75,75,75,75,75],"card_choices":[{"not_picked":["Fission","Amplify"],"picked":"Seek","floor":0},{"not_picked":["Go for the Eyes","Steam"],"picked":"Gash","floor":1},{"not_picked":["Leap","Hello World"],"picked":"Streamline","floor":2},{"not_picked":["Biased Cognition","Redo"],"picked":"Gash","floor":3},{"not_picked":["Conserve Battery","Double Energy"],"picked":"Consume","floor":5},{"not_picked":["Steam","Turbo","Streamline"],"picked":"SKIP","floor":7},{"not_picked":["Steam Power","Force Field"],"picked":"Go for the Eyes","floor":11},{"not_picked":["Redo","Coolheaded"],"picked":"Conserve Battery","floor":12},{"not_picked":["Glacier","Sweeping Beam"],"picked":"Gash","floor":14},{"not_picked":["Fission","Biased Cognition"],"picked":"Echo Form","floor":16},{"not_picked":["Go for the Eyes","Stack"],"picked":"Beam Cell+1","floor":18},{"not_picked":["Turbo","Stack"],"picked":"Blizzard+1","floor":19}],"player_experience":181499,"relics_obtained":[{"floor":9,"key":"Sundial"}],"event_choices":[{"damage_healed":0,"gold_gain":0,"player_choice":"Rummage","damage_taken":0,"relics_obtained":["WarpedTongs"],"max_hp_gain":0,"max_hp_loss":0,"event_name":"Accursed Blacksmith","floor":4,"gold_loss":0,"cards_obtained":["Pain"]}],"is_beta":false,"boss_relics":[{"not_picked":["Eternal Feather","Pandora\u0027s Box"],"picked":"Cursed Key"}],"items_purged_floors":[],"is_endless":false,"potions_floor_spawned":[7,12,16,18],"killed_by":"2 Thieves","ascension_level":2}