{"gold_per_floor":[114,34,34,34,52,84,84,97,97,129,204,220,230,242,242,319,319,330,380,13,13,28,28,58,69,69,103,103,119,132,145,145,218,218,230,155,173,15,31,60,60,71,94,94],"floor_reached":44,"playtime":1753,"items_purged":["Endless Agony"],"score":1109,"play_id":"b9cce066-abaf-4228-97b8-d43a47dad1b1","local_time":"20190104215337","is_ascension_mode":true,"campfire_choices":[{"data":"Neutralize","floor":7.0,"key":"SMITH"},{"floor":15.0,"key":"REST"},{"data":"Phantasmal Killer","floor":23.0,"key":"SMITH"},{"floor":28.0,"key":"REST"},{"floor":32.0,"key":"REST"},{"floor":41.0,"key":"REST"}],"neow_cost":"NONE","seed_source_timestamp":443911425148142,"circlet_count":0,"master_deck":["AscendersBane","Defend_G+1","Defend_G+1","Defend_G+1","Defend_G+1","Defend_G+1","Strike_G+1","Strike_G+1","Strike_G+1","Strike_G+1","Survivor","Neutralize+1","Dagger Spray","Well Laid Plans","Predator","Skewer","Skewer","Crippling Poison","Bouncing Flask","Dodge and Roll","Outmaneuver","Poisoned Stab","Phantasmal Killer+1","Footwork","Terror","Noxious Fumes","Bane","Backflip+1","Backstab","Footwork","Deflect","Backflip+1","Wraith Form v2","Leg Sweep+1","Footwork","Terror","Well Laid Plans","Dodge and Roll","Dodge and Roll+1"],"special_seed":0,"relics":["Ring of the Snake","NeowsBlessing","Ice Cream","Prayer Wheel","Du-Vu Doll","Velvet Choker","Art of War","Vajra","Mercury Hourglass","Question Card","White Beast Statue","Anchor","Happy Flower","Boot"],"potions_floor_usage":[],"damage_taken":[{"damage":0.0,"enemies":"Small Slimes","floor":1.0,"turns":1.0},{"damage":0.0,"enemies":"Jaw Worm","floor":5.0,"turns":1.0},{"damage":0.0,"enemies":"3 Sentries","floor":6.0,"turns":2.0},{"damage":0.0,"enemies":"Cultist","floor":8.0,"turns":4.0},{"damage":30.0,"enemies":"Gremlin Nob","floor":10.0,"turns":4.0},{"damage":0.0,"enemies":"Blue Slaver","floor":12.0,"turns":4.0},{"damage":0.0,"enemies":"Exordium Wildlife","floor":13.0,"turns":1.0},{"damage":6.0,"enemies":"Exordium Thugs","floor":14.0,"turns":4.0},{"damage":11.0,"enemies":"The Guardian","floor":16.0,"turns":9.0},{"damage":0.0,"enemies":"Spheric Guardian","floor":18.0,"turns":3.0},{"damage":0.0,"enemies":"Chosen","floor":22.0,"turns":3.0},{"damage":0.0,"enemies":"Gremlin Leader","floor":24.0,"turns":5.0},{"damage":8.0,"enemies":"Snake Plant","floor":25.0,"turns":3.0},{"damage":35.0,"enemies":"Book of Stabbing","floor":27.0,"turns":4.0},{"damage":11.0,"enemies":"Cultist and Chosen","floor":29.0,"turns":5.0},{"damage":8.0,"enemies":"Snecko","floor":30.0,"turns":3.0},{"damage":8.0,"enemies":"Chosen and Byrds","floor":31.0,"turns":4.0},{"damage":18.0,"enemies":"Champ","floor":33.0,"turns":10.0},{"damage":4.0,"enemies":"Orb Walker","floor":35.0,"turns":3.0},{"damage":0.0,"enemies":"3 Shapes","floor":37.0,"turns":3.0},{"damage":3.0,"enemies":"Spire Growth","floor":39.0,"turns":5.0},{"damage":28.0,"enemies":"Giant Head","floor":40.0,"turns":11.0},{"damage":3.0,"enemies":"Maw","floor":42.0,"turns":5.0},{"damage":31,"enemies":"Reptomancer","floor":44,"turns":5}],"seed_played":"3864563036292024543","potions_obtained":[{"floor":5.0,"key":"SkillPotion"},{"floor":8.0,"key":"Explosive Potion"},{"floor":16.0,"key":"GamblersBrew"},{"floor":18.0,"key":"SpeedPotion"},{"floor":29.0,"key":"GamblersBrew"},{"floor":33.0,"key":"SteroidPotion"},{"floor":37.0,"key":"Dexterity Potion"},{"floor":39.0,"key":"EssenceOfSteel"},{"floor":40.0,"key":"Energy Potion"},{"floor":42.0,"key":"Dexterity Potion"}],"is_trial":false,"path_per_floor":["M","$","?","$","M","E","R","M","T","E","?","M","M","M","R","B",null,"M","?","$","?","M","R","E","M","T","E","R","M","M","M","R","B",null,"M","$","M","$","M","E","R","M","T","E"],"character_chosen":"THE_SILENT","items_purchased":["Well Laid Plans","Terror","Art of War","GhostInAJar","Noxious Fumes","Anchor"],"campfire_rested":4,"item_purchase_floors":[2,20,20,20,20,38],"current_hp_per_floor":[59,59,52,52,52,52,52,52,52,22,11,11,11,5,24,13,53,53,53,53,53,53,53,53,45,45,10,29,18,10,2,21,3,50,46,46,46,46,43,15,34,31,31,0],"gold":94,"neow_bonus":"THREE_ENEMY_KILL","is_prod":false,"is_daily":false,"chose_seed":false,"campfire_upgraded":2,"win_rate":0,"timestamp":1546656817,"path_taken":["M","$","?","$","M","E","R","M","T","E","?","M","M","M","R","BOSS","M","?","?","?","M","R","E","M","T","E","R","M","M","M","R","BOSS","M","$","M","$","M","E","R","M","T","E"],"build_version":"2019-01-03v4","purchased_purges":1,"victory":false,"max_hp_per_floor":[66,66,66,66,66,66,66,66,66,66,66,66,66,66,66,66,66,66,66,66,66,66,66,66,66,66,66,66,66,66,66,66,66,66,66,66,66,66,66,66,66,66,66,66],"card_choices":[{"not_picked":["Bane","Blade Dance"],"picked":"Dagger Spray","floor":1.0},{"not_picked":["Outmaneuver","Slice"],"picked":"Predator","floor":5.0},{"not_picked":["Underhanded Strike","Setup","Slice"],"picked":"SKIP","floor":6.0},{"not_picked":["Distraction","Poisoned Stab"],"picked":"Skewer","floor":8.0},{"not_picked":["Quick Slash","Dodge and Roll"],"picked":"Skewer","floor":10.0},{"not_picked":["Storm of Steel","Prepared"],"picked":"Crippling Poison","floor":12.0},{"not_picked":["Escape Plan","Setup"],"picked":"Bouncing Flask","floor":12.0},{"not_picked":["Underhanded Strike","Cloak And Dagger"],"picked":"Endless Agony","floor":13.0},{"not_picked":["Bane","Slice"],"picked":"Dodge and Roll","floor":13.0},{"not_picked":["Night Terror","Sucker Punch"],"picked":"Outmaneuver","floor":14.0},{"not_picked":["Dodge and Roll","Sucker Punch"],"picked":"Poisoned Stab","floor":14.0},{"not_picked":["Wraith Form v2","Corpse Explosion"],"picked":"Phantasmal Killer","floor":16.0},{"not_picked":["Backflip","Prepared"],"picked":"Footwork","floor":18.0},{"not_picked":["Distraction","Deadly Poison","Sucker Punch"],"picked":"SKIP","floor":18.0},{"not_picked":["Bane","Blade Dance","Setup"],"picked":"SKIP","floor":22.0},{"not_picked":["Dodge and Roll","Slice","Sucker Punch"],"picked":"SKIP","floor":22.0},{"not_picked":["Blade Dance","Setup"],"picked":"Bane","floor":22.0},{"not_picked":["Dodge and Roll","Slice","Sucker Punch"],"picked":"SKIP","floor":22.0},{"not_picked":["Expertise+1","Acrobatics","Noxious Fumes"],"picked":"SKIP","floor":24.0},{"not_picked":["Reflex","Caltrops"],"picked":"Backflip+1","floor":25.0},{"not_picked":["Expertise","Envenom","Underhanded Strike"],"picked":"SKIP","floor":25.0},{"not_picked":["Quick Slash","Finisher","Blade Dance"],"picked":"SKIP","floor":27.0},{"not_picked":["Quick Slash","Dagger Spray","Prepared"],"picked":"Backstab","floor":29.0},{"not_picked":["Malaise","Flying Knee","Sucker Punch"],"picked":"Footwork","floor":29.0},{"not_picked":["Backflip","Dagger Spray+1","Quick Slash"],"picked":"Deflect","floor":30.0},{"not_picked":["Prepared","Bouncing Flask","Finisher","All Out Attack"],"picked":"SKIP","floor":30.0},{"not_picked":["Underhanded Strike","Dodge and Roll","Bane"],"picked":"Backflip+1","floor":31.0},{"not_picked":["Backflip","Crippling Poison","Dagger Throw","Bouncing Flask"],"picked":"SKIP","floor":31.0},{"not_picked":["Grand Finale","Envenom","Venomology"],"picked":"Wraith Form v2","floor":33.0},{"not_picked":["Flying Knee","Outmaneuver","Quick Slash+1"],"picked":"Leg Sweep+1","floor":35.0},{"not_picked":["Noxious Fumes","Dagger Throw","Backstab"],"picked":"Footwork","floor":35.0},{"not_picked":["Acrobatics","Catalyst+1","All Out Attack+1","Blade Dance"],"picked":"SKIP","floor":37.0},{"not_picked":["Sucker Punch","Poisoned Stab","Predator+1","PiercingWail"],"picked":"SKIP","floor":37.0},{"not_picked":["Tactician+1","Poisoned Stab","Backflip"],"picked":"Terror","floor":39.0},{"not_picked":["Sucker Punch","PiercingWail","Cloak And Dagger","Bane"],"picked":"SKIP","floor":39.0},{"not_picked":["Bouncing Flask+1","Escape Plan","Distraction"],"picked":"Well Laid Plans","floor":40.0},{"not_picked":["After Image","Blade Dance","Poisoned Stab"],"picked":"Dodge and Roll","floor":42.0},{"not_picked":["Dagger Throw","Bane","Masterful Stab"],"picked":"Dodge and Roll+1","floor":42.0}],"player_experience":889140,"relics_obtained":[{"floor":6.0,"key":"Ice Cream"},{"floor":9.0,"key":"Prayer Wheel"},{"floor":10.0,"key":"Du-Vu Doll"},{"floor":24.0,"key":"Vajra"},{"floor":26.0,"key":"Mercury Hourglass"},{"floor":27.0,"key":"Question Card"},{"floor":40.0,"key":"Happy Flower"},{"floor":43.0,"key":"Boot"}],"event_choices":[{"cards_removed":["Strike_G"],"damage_healed":0.0,"max_hp_gain":0.0,"max_hp_loss":0.0,"gold_gain":0.0,"event_name":"Golden Wing","player_choice":"Card Removal","floor":3.0,"gold_loss":0.0,"damage_taken":7.0},{"damage_healed":0.0,"max_hp_gain":0.0,"max_hp_loss":0.0,"gold_gain":75.0,"event_name":"World of Goop","player_choice":"Gather Gold","floor":11.0,"gold_loss":0.0,"damage_taken":11.0},{"damage_healed":0.0,"max_hp_gain":0.0,"max_hp_loss":0.0,"gold_gain":100.0,"event_name":"The Joust","player_choice":"Bet on Murderer","floor":19.0,"gold_loss":50.0,"damage_taken":0.0},{"damage_healed":0.0,"max_hp_gain":0.0,"max_hp_loss":0.0,"gold_gain":0.0,"event_name":"Back to Basics","player_choice":"Simplicity","floor":21.0,"gold_loss":0.0,"damage_taken":0.0,"cards_upgraded":["Defend_G","Defend_G","Defend_G","Defend_G","Defend_G","Strike_G","Strike_G","Strike_G","Strike_G"]}],"is_beta":true,"boss_relics":[{"not_picked":["Lizard Tail","Coffee Dripper"],"picked":"Velvet Choker"},{"not_picked":["Black Star","Pandora\u0027s Box"],"picked":"White Beast Statue"}],"items_purged_floors":[36],"is_endless":false,"potions_floor_spawned":[5,8,10,16,18,29,33,35,37,39,40,42],"killed_by":"Reptomancer","ascension_level":20}