{"gold_per_floor":[111,27,27,27,40,75,75,103,129,129,40,40,56,71,71,71],"floor_reached":16,"playtime":388,"items_purged":[],"score":266,"play_id":"07115c57-1871-4c5c-bcdf-afabf9cb9ca5","local_time":"20190818202036","is_ascension_mode":true,"campfire_choices":[{"floor":10,"key":"REST"},{"data":"Neutralize","floor":12,"key":"SMITH"},{"data":"Calculated Gamble","floor":15,"key":"SMITH"}],"neow_cost":"NONE","seed_source_timestamp":391759762544420,"circlet_count":0,"master_deck":["AscendersBane","Strike_G","Strike_G","Strike_G","Strike_G","Defend_G","Defend_G","Defend_G","Defend_G","Defend_G","Survivor","Neutralize+1","Calculated Gamble+1","Backflip","Flechettes","Leg Sweep"],"special_seed":0,"relics":["Ring of the Snake","NeowsBlessing","Strawberry","Lantern","Potion Belt"],"potions_floor_usage":[8,8],"damage_taken":[{"damage":0.0,"enemies":"2 Louse","floor":1.0,"turns":1.0},{"damage":0.0,"enemies":"Cultist","floor":5.0,"turns":1.0},{"damage":0.0,"enemies":"Lagavulin","floor":6.0,"turns":1.0},{"damage":41,"enemies":"Gremlin Nob","floor":8,"turns":6},{"damage":0,"enemies":"Small Slimes","floor":13,"turns":3},{"damage":7,"enemies":"Blue Slaver","floor":14,"turns":6},{"damage":45,"enemies":"Slime Boss","floor":16,"turns":7}],"seed_played":"905803840192203199","potions_obtained":[{"floor":5.0,"key":"Strength Potion"}],"is_trial":false,"path_per_floor":["M","$","?","$","M","E","?","E","T","R","$","R","M","M","R","B"],"character_chosen":"THE_SILENT","items_purchased":["GhostInAJar","Flechettes"],"campfire_rested":1,"item_purchase_floors":[2,11],"current_hp_per_floor":[59,59,59,59,59,66,66,25,25,46,46,46,46,39,39,0],"gold":71,"neow_bonus":"THREE_ENEMY_KILL","is_prod":false,"is_daily":false,"chose_seed":false,"campfire_upgraded":2,"win_rate":0,"timestamp":1566174036,"path_taken":["M","$","?","?","M","E","?","E","T","R","?","R","?","M","R","BOSS"],"build_version":"2019-08-15","purchased_purges":0,"victory":false,"max_hp_per_floor":[66,66,66,66,66,73,73,73,73,73,73,73,73,73,73,73],"card_choices":[{"not_picked":["Sucker Punch","Concentrate","Finisher"],"picked":"SKIP","floor":1.0},{"not_picked":["Footwork","Deadly Poison"],"picked":"Calculated Gamble","floor":5.0},{"not_picked":["Dagger Spray","Well Laid Plans"],"picked":"Backflip","floor":6.0},{"not_picked":["Blur","Concentrate","Envenom"],"picked":"SKIP","floor":8},{"not_picked":["Dagger Spray","Slice","Dagger Throw"],"picked":"SKIP","floor":13},{"not_picked":["Cloak And Dagger","Leg Sweep","Prepared"],"picked":"SKIP","floor":14},{"not_picked":["Cloak And Dagger","Prepared"],"picked":"Leg Sweep","floor":14}],"player_experience":1021577,"relics_obtained":[{"floor":6.0,"key":"Strawberry"},{"floor":8,"key":"Lantern"},{"floor":9,"key":"Potion Belt"}],"event_choices":[{"damage_healed":0.0,"max_hp_gain":0.0,"max_hp_loss":0.0,"gold_gain":0.0,"event_name":"WeMeetAgain","player_choice":"Ignored","floor":3.0,"gold_loss":0.0,"damage_taken":0.0},{"cards_removed":["Strike_G"],"damage_healed":0.0,"max_hp_gain":0.0,"max_hp_loss":0.0,"gold_gain":0.0,"event_name":"Living Wall","player_choice":"Forget","floor":7.0,"gold_loss":0.0,"damage_taken":0.0}],"is_beta":true,"boss_relics":[],"items_purged_floors":[],"is_endless":false,"potions_floor_spawned":[5,6],"killed_by":"Slime Boss","ascension_level":20}