{"gold_per_floor":[114,63,22,22,22,47,47,74,74,100,17,17,35,45,45,119,119,133,147,158,83,83,115,115,61,61,87,99,99,110,126,126,200,200,210,30,45,92,0,0],"floor_reached":40,"playtime":1566,"items_purged":["Strike_B","Strike_B+1"],"score":944,"play_id":"0952c12c-83f7-4aec-bf55-70469eff0388","local_time":"20190816134241","is_ascension_mode":true,"campfire_choices":[{"data":"Genetic Algorithm","floor":7.0,"key":"SMITH"},{"data":"Self Repair","floor":15.0,"key":"SMITH"},{"floor":24.0,"key":"REST"},{"data":"Double Energy","floor":29.0,"key":"SMITH"},{"data":"Echo Form","floor":32.0,"key":"SMITH"}],"neow_cost":"NONE","seed_source_timestamp":193835361952362,"circlet_count":0,"master_deck":["AscendersBane","Strike_B+1","Strike_B+1","Defend_B+1","Defend_B+1","Defend_B+1","Defend_B+1","Zap+1","Dualcast","Ball Lightning","Ball Lightning","Melter","Genetic Algorithm+1","Skim","Cold Snap+1","Self Repair+1","Conserve Battery","Sweeping Beam+1","Echo Form+1","Double Energy+1","Undo","Seek","BootSequence","Conserve Battery+1","Darkness","BootSequence","Leap+1"],"special_seed":0,"relics":["Cracked Core","NeowsBlessing","Darkstone Periapt","Ice Cream","Molten Egg 2","Question Card","Bottled Flame","Bronze Scales","Runic Pyramid","Sundial","Pear","Anchor","Coffee Dripper","Incense Burner","Red Mask"],"potions_floor_usage":[38],"damage_taken":[{"damage":0.0,"enemies":"Cultist","floor":1.0,"turns":1.0},{"damage":0.0,"enemies":"3 Sentries","floor":6.0,"turns":1.0},{"damage":0.0,"enemies":"Gremlin Nob","floor":8.0,"turns":1.0},{"damage":5.0,"enemies":"Lagavulin","floor":10.0,"turns":5.0},{"damage":6.0,"enemies":"2 Louse","floor":13.0,"turns":2.0},{"damage":3.0,"enemies":"Jaw Worm","floor":14.0,"turns":3.0},{"damage":18.0,"enemies":"The Guardian","floor":16.0,"turns":12.0},{"damage":19.0,"enemies":"Spheric Guardian","floor":18.0,"turns":5.0},{"damage":25.0,"enemies":"Shell Parasite","floor":19.0,"turns":5.0},{"damage":18.0,"enemies":"Centurion and Healer","floor":20.0,"turns":6.0},{"damage":20.0,"enemies":"Slavers","floor":23.0,"turns":6.0},{"damage":0.0,"enemies":"Chosen and Byrds","floor":28.0,"turns":5.0},{"damage":11.0,"enemies":"Shelled Parasite and Fungi","floor":30.0,"turns":5.0},{"damage":0.0,"enemies":"Cultist and Chosen","floor":31.0,"turns":7.0},{"damage":9.0,"enemies":"Automaton","floor":33.0,"turns":10.0},{"damage":0.0,"enemies":"3 Shapes","floor":35.0,"turns":5.0},{"damage":15.0,"enemies":"3 Darklings","floor":37.0,"turns":5.0},{"damage":62,"enemies":"2 Orb Walkers","floor":38,"turns":5},{"damage":32,"enemies":"Reptomancer","floor":40,"turns":3}],"seed_played":"5118723679791369047","potions_obtained":[{"floor":6.0,"key":"Fruit Juice"},{"floor":10.0,"key":"SteroidPotion"},{"floor":13.0,"key":"Weak Potion"},{"floor":19.0,"key":"SteroidPotion"},{"floor":23.0,"key":"FocusPotion"},{"floor":35.0,"key":"FearPotion"}],"is_trial":false,"path_per_floor":["M","$","$","T","?","E","R","E","T","E","$","?","M","M","R","B",null,"M","M","M","$","?","E","R","$","T","T","M","R","M","M","R","B",null,"M","$","M","?","?","E"],"character_chosen":"DEFECT","items_purchased":["Ball Lightning","Melter","Self Repair","PowerPotion","Darkness"],"campfire_rested":1,"item_purchase_floors":[2,3,11,25,36],"current_hp_per_floor":[64,64,64,64,64,64,64,64,64,59,59,59,60,64,64,61,72,63,48,40,40,40,30,52,52,62,62,82,82,86,86,86,86,86,86,86,86,24,24,0],"gold":0,"neow_bonus":"THREE_ENEMY_KILL","is_prod":false,"is_daily":false,"chose_seed":false,"campfire_upgraded":4,"win_rate":0,"timestamp":1565977361,"path_taken":["M","?","$","?","?","E","R","E","T","E","$","?","M","M","R","BOSS","M","?","?","$","?","E","R","?","T","?","M","R","M","M","R","BOSS","M","$","M","?","?","E"],"build_version":"2019-08-15","purchased_purges":2,"victory":false,"max_hp_per_floor":[71,71,71,71,71,71,71,71,71,71,71,71,71,71,71,76,76,76,76,76,76,76,76,76,76,86,86,86,86,86,86,86,86,86,86,86,86,86,86,86],"card_choices":[{"not_picked":["Hologram","Leap"],"picked":"Ball Lightning","floor":1.0},{"not_picked":["Streamline","Ball Lightning"],"picked":"Genetic Algorithm","floor":6.0},{"not_picked":["Steam","Chill"],"picked":"Skim","floor":8.0},{"not_picked":["Steam Power","Static Discharge","Turbo"],"picked":"Cold Snap+1","floor":10.0},{"not_picked":["Streamline+1","Steam","Ball Lightning+1"],"picked":"Conserve Battery","floor":13.0},{"not_picked":["Tempest","Genetic Algorithm","Steam"],"picked":"Sweeping Beam+1","floor":14.0},{"not_picked":["Multi-Cast","All For One+1","Electrodynamics"],"picked":"Echo Form","floor":16.0},{"not_picked":["Barrage+1","Conserve Battery","Static Discharge"],"picked":"Double Energy","floor":18.0},{"not_picked":["Compile Driver+1","Reprogram","Fusion"],"picked":"Undo","floor":19.0},{"not_picked":["Chaos","Ball Lightning+1","Hologram","Barrage+1"],"picked":"SKIP","floor":20.0},{"not_picked":["Loop","Streamline+1","Aggregate+1","Ball Lightning+1"],"picked":"SKIP","floor":23.0},{"not_picked":["Sweeping Beam+1","Cold Snap+1","Streamline+1"],"picked":"Seek","floor":28.0},{"not_picked":["Chaos","Stack","Recycle"],"picked":"BootSequence","floor":30.0},{"not_picked":["Go for the Eyes+1","Sweeping Beam+1","Barrage+1","Chill"],"picked":"SKIP","floor":31.0},{"not_picked":["Static Discharge","Reprogram+1","Self Repair"],"picked":"Conserve Battery+1","floor":35.0},{"not_picked":["Streamline+1","Loop","Lockon+1"],"picked":"BootSequence","floor":37.0},{"not_picked":["Genetic Algorithm","Sweeping Beam+1","Redo"],"picked":"Leap+1","floor":38}],"player_experience":1014993,"relics_obtained":[{"floor":4.0,"key":"Darkstone Periapt"},{"floor":6.0,"key":"Ice Cream"},{"floor":8.0,"key":"Molten Egg 2"},{"floor":9.0,"key":"Question Card"},{"floor":10.0,"key":"Bottled Flame"},{"floor":23.0,"key":"Sundial"},{"floor":26.0,"key":"Pear"},{"floor":27.0,"key":"Anchor"},{"floor":38,"key":"Incense Burner"}],"event_choices":[{"damage_healed":0.0,"max_hp_gain":0.0,"max_hp_loss":0.0,"gold_gain":0.0,"event_name":"Living Wall","player_choice":"Grow","floor":5.0,"gold_loss":0.0,"damage_taken":0.0,"cards_upgraded":["Zap"]},{"damage_healed":0.0,"max_hp_gain":0.0,"max_hp_loss":0.0,"gold_gain":0.0,"event_name":"WeMeetAgain","player_choice":"Gave Potion","floor":12.0,"gold_loss":0.0,"damage_taken":0.0,"relics_obtained":["Bronze Scales"]},{"damage_healed":0.0,"max_hp_gain":0.0,"max_hp_loss":0.0,"gold_gain":0.0,"event_name":"Back to Basics","player_choice":"Simplicity","floor":22.0,"gold_loss":0.0,"damage_taken":0.0,"cards_upgraded":["Strike_B","Strike_B","Strike_B","Defend_B","Defend_B","Defend_B","Defend_B"]},{"damage_healed":0,"gold_gain":0,"player_choice":"Fight","damage_taken":0,"max_hp_gain":0,"max_hp_loss":0,"event_name":"Mysterious Sphere","floor":38,"gold_loss":0},{"damage_healed":0,"gold_gain":0,"player_choice":"Paid","damage_taken":0,"relics_obtained":["Red Mask"],"max_hp_gain":0,"max_hp_loss":0,"event_name":"Tomb of Lord Red Mask","floor":39,"gold_loss":92}],"is_beta":true,"boss_relics":[{"not_picked":["White Beast Statue","Snecko Eye"],"picked":"Runic Pyramid"},{"not_picked":["Black Star","Tiny House"],"picked":"Coffee Dripper"}],"items_purged_floors":[21,36],"is_endless":false,"potions_floor_spawned":[6,10,13,19,23,30,35],"killed_by":"Reptomancer","ascension_level":20}