{"gold_per_floor":[118,43,59,78,91,126,126,154,181,193,42,54,30,46,46,147,147,167,98,115,79,93,93,108,122,122,134,150,150,165,183,183,183],"floor_reached":33,"playtime":2589,"items_purged":["Zap","Doubt"],"score":267,"play_id":"07be64fc-d60e-470c-8af8-2c408056a05d","local_time":"20190807190318","is_ascension_mode":false,"campfire_choices":[{"floor":7.0,"key":"REST"},{"floor":15.0,"key":"REST"},{"data":"Rainbow","floor":23,"key":"SMITH"},{"floor":32,"key":"REST"}],"neow_cost":"CURSE","seed_source_timestamp":0,"circlet_count":0,"master_deck":["Strike_B","Strike_B","Strike_B","Defend_B","Defend_B","Defend_B","Conserve Battery","Ball Lightning","Cold Snap","Go for the Eyes","Steam","All For One","Conserve Battery","Turbo","Turbo","Go for the Eyes","Leap","Rainbow+1","Rainbow+1","Rebound+1","Darkness+1","Leap","FTL","Sweeping Beam+1","Melter","Beam Cell","White Noise+1","Beam Cell+1","Creative AI"],"special_seed":0,"relics":["Cracked Core","WingedGreaves","Happy Flower","PreservedInsect","Blood Vial","Astrolabe","Vajra"],"potions_floor_usage":[20,28,30,33],"damage_taken":[{"damage":6.0,"enemies":"Cultist","floor":1.0,"turns":3.0},{"damage":3.0,"enemies":"Small Slimes","floor":3.0,"turns":4.0},{"damage":6.0,"enemies":"Jaw Worm","floor":4.0,"turns":3.0},{"damage":9.0,"enemies":"Large Slime","floor":5.0,"turns":6.0},{"damage":20.0,"enemies":"Lagavulin","floor":6.0,"turns":7.0},{"damage":13.0,"enemies":"Gremlin Nob","floor":8.0,"turns":6.0},{"damage":0.0,"enemies":"2 Fungi Beasts","floor":10.0,"turns":3.0},{"damage":0.0,"enemies":"Blue Slaver","floor":12.0,"turns":3.0},{"damage":4.0,"enemies":"Lots of Slimes","floor":14.0,"turns":4.0},{"damage":41.0,"enemies":"The Guardian","floor":16.0,"turns":17.0},{"damage":5.0,"enemies":"Shell Parasite","floor":18.0,"turns":5.0},{"damage":3,"enemies":"3 Byrds","floor":20,"turns":6},{"damage":2,"enemies":"Centurion and Healer","floor":22,"turns":6},{"damage":3,"enemies":"Chosen and Byrds","floor":24,"turns":7},{"damage":18,"enemies":"Snake Plant","floor":25,"turns":5},{"damage":17,"enemies":"Sentry and Sphere","floor":27,"turns":4},{"damage":3,"enemies":"Cultist and Chosen","floor":28,"turns":5},{"damage":18,"enemies":"Snecko","floor":30,"turns":4},{"damage":5,"enemies":"Centurion and Healer","floor":31,"turns":4},{"damage":65,"enemies":"Automaton","floor":33,"turns":10}],"seed_played":"-5368423255214624836","potions_obtained":[{"floor":1.0,"key":"Strength Potion"},{"floor":3.0,"key":"EssenceOfSteel"},{"floor":5.0,"key":"SpeedPotion"},{"floor":14.0,"key":"Ancient Potion"},{"floor":16.0,"key":"Fruit Juice"},{"floor":20,"key":"Energy Potion"},{"floor":27,"key":"PowerPotion"},{"floor":28,"key":"FearPotion"},{"floor":29,"key":"FairyPotion"},{"floor":29,"key":"Explosive Potion"},{"floor":30,"key":"Fire Potion"}],"is_trial":false,"path_per_floor":["M","$","M","M","M","E","R","E","T","M","$","M","$","M","R","B",null,"M","$","M","$","M","R","M","M","T","M","M","?","M","M","R","B"],"character_chosen":"DEFECT","items_purchased":["Turbo","Go for the Eyes","FTL","Melter"],"campfire_rested":3,"item_purchase_floors":[11,13,19,21],"current_hp_per_floor":[69,69,66,60,51,31,53,40,40,42,42,44,44,42,64,25,75,70,70,74,74,74,74,73,57,57,42,41,41,25,22,46,0],"gold":183,"neow_bonus":"ONE_RARE_RELIC","is_prod":false,"is_daily":false,"chose_seed":false,"campfire_upgraded":1,"win_rate":0.0,"timestamp":1565218998,"path_taken":["M","?","M","M","M","E","R","E","T","M","$","M","$","M","R","BOSS","M","$","?","$","M","R","M","M","T","M","M","?","M","?","R","BOSS"],"build_version":"2019-07-17","purchased_purges":2,"victory":false,"max_hp_per_floor":[75,75,75,75,75,75,75,75,75,75,75,75,75,75,75,75,75,75,75,80,80,80,80,80,80,80,80,80,80,80,80,80,80],"card_choices":[{"not_picked":["Barrage","Self Repair"],"picked":"Conserve Battery","floor":1.0},{"not_picked":["Lockon","Gash"],"picked":"Ball Lightning","floor":3.0},{"not_picked":["White Noise","Rainbow"],"picked":"Cold Snap","floor":4.0},{"not_picked":["Chaos","Doom and Gloom"],"picked":"Go for the Eyes","floor":5.0},{"not_picked":["Sunder","Coolheaded"],"picked":"Steam","floor":6.0},{"not_picked":["Gash","Barrage"],"picked":"All For One","floor":8.0},{"not_picked":["Hologram","Fusion"],"picked":"Conserve Battery","floor":10.0},{"not_picked":["Blizzard","Coolheaded"],"picked":"Turbo","floor":12.0},{"not_picked":["Hologram","Loop"],"picked":"Leap","floor":14.0},{"not_picked":["Electrodynamics","Amplify"],"picked":"Rainbow","floor":16.0},{"not_picked":["Streamline","Redo+1"],"picked":"Leap","floor":18.0},{"not_picked":["Steam","Glacier+1"],"picked":"Sweeping Beam+1","floor":20},{"not_picked":["Stack","Rebound"],"picked":"Beam Cell","floor":22},{"not_picked":["Redo","Force Field","Rebound+1"],"picked":"SKIP","floor":24},{"not_picked":["Stack","Heatsinks"],"picked":"White Noise+1","floor":25},{"not_picked":["Compile Driver+1","Sweeping Beam"],"picked":"Beam Cell+1","floor":27},{"not_picked":["Tempest","Lockon+1","Barrage"],"picked":"SKIP","floor":28},{"not_picked":["Compile Driver+1","Turbo","Streamline"],"picked":"SKIP","floor":30},{"not_picked":["Leap","Double Energy"],"picked":"Creative AI","floor":31}],"player_experience":99815,"relics_obtained":[{"floor":6.0,"key":"Happy Flower"},{"floor":8.0,"key":"PreservedInsect"},{"floor":9.0,"key":"Blood Vial"},{"floor":26,"key":"Vajra"}],"event_choices":[{"damage_healed":0,"gold_gain":0,"player_choice":"Got Potions","damage_taken":0,"max_hp_gain":0,"max_hp_loss":0,"event_name":"Lab","floor":29,"gold_loss":0}],"is_beta":false,"boss_relics":[{"not_picked":["White Beast Statue","Coffee Dripper"],"picked":"Astrolabe"}],"items_purged_floors":[2,11],"is_endless":false,"potions_floor_spawned":[1,3,5,14,16,20,27,28,30],"killed_by":"Automaton","ascension_level":0}