{"gold_per_floor":[119,132,132,207,207,207,241,241,241,260,279,26,59,73,73,152,152,164,0,0,275,294,294,310,235,235,255,270,270,284,339,339,413,413,431,73,123,123,135,135,165,177,189,201,224,261,290,0,12,24,36,48,60,33,58,58],"floor_reached":57,"playtime":2087,"items_purged":["Strike_R"],"score":2930,"play_id":"71efd0c0-5b92-4e75-8481-fec8de516a75","local_time":"20190816143032","is_ascension_mode":true,"campfire_choices":[{"data":"Bash","floor":6.0,"key":"SMITH"},{"data":"Pommel Strike","floor":8.0,"key":"SMITH"},{"data":"Heavy Blade","floor":15.0,"key":"SMITH"},{"data":"Corruption","floor":23.0,"key":"SMITH"},{"floor":32.0,"key":"REST"},{"data":"Corruption","floor":40.0,"key":"SMITH"},{"floor":42.0,"key":"REST"},{"floor":49,"key":"RECALL"},{"data":"Defend_R","floor":53,"key":"SMITH"}],"neow_cost":"NONE","seed_source_timestamp":196290528428097,"circlet_count":0,"master_deck":["AscendersBane","Defend_R+1","Defend_R","Defend_R","Bash+1","Sword Boomerang+1","Headbutt","Cleave","Pommel Strike+1","Inflame","Flash of Steel","Heavy Blade+1","Impervious+1","Writhe","Regret","Corruption+1","Flex+1","Shrug It Off+1","Infernal Blade+1","Offering+1","Limit Break+1","Iron Wave+1","Seeing Red+1","AscendersBane","Corruption+1","Armaments+1","Seeing Red+1","Disarm+1","Second Wind+1","Infernal Blade+1"],"special_seed":0,"relics":["Burning Blood","NeowsBlessing","Potion Belt","Toxic Egg 2","Du-Vu Doll","Sozu","Vajra","Dead Branch","Magic Flower","Tiny Chest","Astrolabe","DollysMirror","Dream Catcher","Mercury Hourglass","MawBank","Centennial Puzzle","Nunchaku","Red Mask","Mango"],"potions_floor_usage":[56],"damage_taken":[{"damage":0.0,"enemies":"Cultist","floor":1.0,"turns":1.0},{"damage":0.0,"enemies":"2 Louse","floor":2.0,"turns":1.0},{"damage":0.0,"enemies":"Lagavulin","floor":7.0,"turns":1.0},{"damage":7.0,"enemies":"Jaw Worm","floor":10.0,"turns":3.0},{"damage":11.0,"enemies":"Looter","floor":11.0,"turns":2.0},{"damage":20.0,"enemies":"3 Sentries","floor":13.0,"turns":5.0},{"damage":18.0,"enemies":"Exordium Thugs","floor":14.0,"turns":3.0},{"damage":31.0,"enemies":"The Guardian","floor":16.0,"turns":13.0},{"damage":16.0,"enemies":"Shell Parasite","floor":18.0,"turns":3.0},{"damage":8.0,"enemies":"2 Thieves","floor":22.0,"turns":3.0},{"damage":28.0,"enemies":"Snake Plant","floor":24.0,"turns":2.0},{"damage":10.0,"enemies":"Chosen and Byrds","floor":27.0,"turns":3.0},{"damage":3.0,"enemies":"Snecko","floor":28.0,"turns":3.0},{"damage":17.0,"enemies":"Shelled Parasite and Fungi","floor":30.0,"turns":2.0},{"damage":14.0,"enemies":"Book of Stabbing","floor":31.0,"turns":3.0},{"damage":15.0,"enemies":"Collector","floor":33.0,"turns":6.0},{"damage":1.0,"enemies":"Orb Walker","floor":35.0,"turns":2.0},{"damage":21.0,"enemies":"3 Darklings","floor":39.0,"turns":3.0},{"damage":29.0,"enemies":"Nemesis","floor":41.0,"turns":5.0},{"damage":7.0,"enemies":"4 Shapes","floor":45.0,"turns":1.0},{"damage":39.0,"enemies":"Reptomancer","floor":46.0,"turns":3.0},{"damage":7.0,"enemies":"Jaw Worm Horde","floor":47.0,"turns":2.0},{"damage":12,"enemies":"Time Eater","floor":50,"turns":5},{"damage":21,"enemies":"Awakened One","floor":51,"turns":4},{"damage":27,"enemies":"Shield and Spear","floor":55,"turns":2},{"damage":22,"enemies":"The Heart","floor":56,"turns":6}],"seed_played":"-3946032258716402207","potions_obtained":[{"floor":2.0,"key":"Fire Potion"},{"floor":10.0,"key":"FairyPotion"},{"floor":11.0,"key":"Weak Potion"},{"floor":13.0,"key":"Block Potion"},{"floor":16.0,"key":"EssenceOfSteel"}],"is_trial":false,"path_per_floor":["M","M","?","?","?","R","E","R","T","M","M","$","E","M","R","B",null,"M","$","?","?","M","R","M","?","T","M","M","?","M","E","R","B",null,"M","$","T","T","M","R","E","R","T","T","M","E","M","?","R","B","B",null,"R","$","E","B",null],"character_chosen":"IRONCLAD","items_purchased":["Inflame","Flash of Steel","Vajra","DollysMirror","Corruption","Armaments+1","Infernal Blade+1"],"campfire_rested":2,"item_purchase_floors":[12,12,19,36,36,36,54],"current_hp_per_floor":[74,75,75,64,64,64,70,70,70,69,64,64,50,38,38,13,60,50,50,50,50,48,48,26,26,26,25,31,31,23,18,40,34,65,73,73,73,73,61,61,41,63,63,63,65,35,37,37,37,34,22,62,62,62,58,45],"gold":58,"neow_bonus":"THREE_ENEMY_KILL","is_prod":false,"is_daily":false,"chose_seed":false,"campfire_upgraded":6,"win_rate":0,"timestamp":1565980232,"path_taken":["M","?","?","?","?","R","E","R","T","M","M","$","E","M","R","BOSS","M","$","?","?","M","R","?","?","T","M","M","?","?","E","R","BOSS","M","$","?","?","?","R","E","R","T","?","?","E","M","?","R","BOSS","BOSS","R","$","E","BOSS"],"build_version":"2019-08-15","purchased_purges":1,"victory":true,"max_hp_per_floor":[75,75,75,75,75,75,75,75,75,75,75,75,75,75,75,75,75,75,75,75,75,75,75,75,75,75,75,75,75,75,75,75,75,75,75,75,75,75,75,75,75,75,75,75,75,75,75,75,75,75,75,75,75,75,89,89],"card_choices":[{"not_picked":["Iron Wave","Perfected Strike"],"picked":"Sword Boomerang","floor":1.0},{"not_picked":["Sword Boomerang","Body Slam"],"picked":"Headbutt","floor":2.0},{"not_picked":["Exhume","Heavy Blade"],"picked":"Pommel Strike","floor":7.0},{"not_picked":["Second Wind+1","Clash","Blood for Blood"],"picked":"SKIP","floor":10.0},{"not_picked":["Searing Blow","Ghostly Armor+1","Wild Strike"],"picked":"SKIP","floor":11.0},{"not_picked":["Wild Strike","Pommel Strike"],"picked":"Heavy Blade","floor":13.0},{"not_picked":["Anger","Pommel Strike","Havoc+1"],"picked":"SKIP","floor":14.0},{"not_picked":["Dark Embrace","Juggernaut"],"picked":"Impervious+1","floor":16.0},{"not_picked":["Perfected Strike","Headbutt","Body Slam"],"picked":"SKIP","floor":18.0},{"not_picked":["Flex+1","Perfected Strike"],"picked":"Corruption","floor":22.0},{"not_picked":["Bloodletting+1","Carnage"],"picked":"Flex+1","floor":24.0},{"not_picked":["Perfected Strike","Burning Pact+1","Fire Breathing"],"picked":"SKIP","floor":27.0},{"not_picked":["Bloodletting+1","Anger","Barricade"],"picked":"SKIP","floor":28.0},{"not_picked":["Warcry+1","Intimidate+1"],"picked":"Shrug It Off+1","floor":30.0},{"not_picked":["Demon Form","Hemokinesis"],"picked":"Infernal Blade+1","floor":31.0},{"not_picked":["Bloodletting+1","Seeing Red+1","Havoc+1"],"picked":"SKIP","floor":35.0},{"not_picked":["Bloodletting+1","Havoc+1"],"picked":"Seeing Red+1","floor":35.0},{"not_picked":["Headbutt","Anger","Clothesline"],"picked":"SKIP","floor":39.0},{"not_picked":["Spot Weakness+1","Pommel Strike"],"picked":"Seeing Red+1","floor":41.0},{"not_picked":["Blood for Blood","Inflame"],"picked":"Disarm+1","floor":42.0},{"not_picked":["Pommel Strike+1","Clash+1","Clothesline+1"],"picked":"SKIP","floor":45.0},{"not_picked":["Limit Break+1","Flex+1","Perfected Strike+1"],"picked":"SKIP","floor":46.0},{"not_picked":["Fire Breathing","Cleave"],"picked":"Second Wind+1","floor":47.0},{"not_picked":["Whirlwind","Pommel Strike+1","Perfected Strike"],"picked":"SKIP","floor":55}],"player_experience":1017278,"relics_obtained":[{"floor":7.0,"key":"Potion Belt"},{"floor":9.0,"key":"Toxic Egg 2"},{"floor":13.0,"key":"Du-Vu Doll"},{"floor":26.0,"key":"Magic Flower"},{"floor":31.0,"key":"Tiny Chest"},{"floor":37.0,"key":"Dream Catcher"},{"floor":38.0,"key":"Mercury Hourglass"},{"floor":41.0,"key":"MawBank"},{"floor":43.0,"key":"Centennial Puzzle"},{"floor":46.0,"key":"Nunchaku"},{"floor":55,"key":"Mango"}],"event_choices":[{"damage_healed":0.0,"max_hp_gain":0.0,"max_hp_loss":0.0,"gold_gain":0.0,"event_name":"Living Wall","player_choice":"Grow","floor":3.0,"gold_loss":0.0,"damage_taken":0.0,"cards_upgraded":["Sword Boomerang"]},{"damage_healed":0.0,"max_hp_gain":0.0,"max_hp_loss":0.0,"gold_gain":75.0,"event_name":"World of Goop","player_choice":"Gather Gold","floor":4.0,"gold_loss":0.0,"damage_taken":11.0},{"damage_healed":0.0,"max_hp_gain":0.0,"max_hp_loss":0.0,"gold_gain":0.0,"cards_transformed":["Strike_R"],"event_name":"Transmorgrifier","player_choice":"Transformed","floor":5.0,"gold_loss":0.0,"damage_taken":0.0,"cards_obtained":["Cleave"]},{"damage_healed":0.0,"max_hp_gain":0.0,"max_hp_loss":0.0,"gold_gain":0.0,"event_name":"The Mausoleum","player_choice":"Opened","floor":20.0,"gold_loss":0.0,"damage_taken":0.0,"relics_obtained":["Dead Branch"],"cards_obtained":["Writhe"]},{"damage_healed":0.0,"max_hp_gain":0.0,"max_hp_loss":0.0,"gold_gain":275.0,"event_name":"Golden Shrine","player_choice":"Desecrate","floor":21.0,"gold_loss":0.0,"damage_taken":0.0,"cards_obtained":["Regret"]},{"cards_removed":["Strike_R"],"damage_healed":0.0,"max_hp_gain":0.0,"max_hp_loss":0.0,"gold_gain":0.0,"event_name":"Beggar","player_choice":"Gave Gold","floor":25.0,"gold_loss":75.0,"damage_taken":0.0},{"damage_healed":0.0,"max_hp_gain":0.0,"max_hp_loss":0.0,"gold_gain":0.0,"event_name":"Lab","player_choice":"Got Potions","floor":29.0,"gold_loss":0.0,"damage_taken":0.0},{"damage_healed":0.0,"max_hp_gain":0.0,"max_hp_loss":0.0,"gold_gain":0.0,"event_name":"Tomb of Lord Red Mask","player_choice":"Paid","floor":48.0,"gold_loss":302.0,"damage_taken":0.0,"relics_obtained":["Red Mask"]}],"is_beta":true,"boss_relics":[{"not_picked":["Fusion Hammer","Mark of Pain"],"picked":"Sozu"},{"not_picked":["Velvet Choker","Empty Cage"],"picked":"Astrolabe"}],"items_purged_floors":[12],"is_endless":false,"potions_floor_spawned":[2,10,11,13,16,18,27,28,31,39,45,47,55],"ascension_level":20}