{"gold_per_floor":[115,135,153,173,22,22,40,53,53,73,73,134,134,148,148,249,249,262,78,78,92,92,92,46,62,85,85,85,85,62,78,78,78],"floor_reached":33,"playtime":1200,"items_purged":["Strike_B","Strike_B"],"score":299,"play_id":"5df49867-7a27-4d3c-b496-1badaa5d60d9","local_time":"20190829231218","is_ascension_mode":false,"campfire_choices":[{"data":"Sunder","floor":6,"key":"SMITH"},{"data":"Steam","floor":11,"key":"SMITH"},{"data":"Electrodynamics","floor":15,"key":"SMITH"},{"floor":29,"key":"REST"},{"floor":32,"key":"REST"}],"neow_cost":"NONE","seed_source_timestamp":1381573256099153,"circlet_count":0,"master_deck":["Defend_B","Defend_B","Defend_B","Defend_B","Zap","Dualcast","Leap","Sunder+1","Go for the Eyes","Sweeping Beam","Steam+1","Go for the Eyes","Conserve Battery","Reprogram","Barrage","Go for the Eyes","Electrodynamics+1","Parasite","Conserve Battery","Multi-Cast","Beam Cell","Defragment","Leap","FTL","Double Energy","Sunder","Steam","Redo","Steam","Skim"],"relics":["Cracked Core","Juzu Bracelet","Tiny Chest","Velvet Choker","Pen Nib"],"potions_floor_usage":[33,33],"damage_taken":[{"damage":1,"enemies":"Jaw Worm","floor":1,"turns":3},{"damage":2,"enemies":"Small Slimes","floor":2,"turns":3},{"damage":1,"enemies":"2 Louse","floor":3,"turns":3},{"damage":13,"enemies":"Red Slaver","floor":4,"turns":3},{"damage":7,"enemies":"Looter","floor":7,"turns":4},{"damage":7,"enemies":"Large Slime","floor":8,"turns":4},{"damage":0,"enemies":"Blue Slaver","floor":10,"turns":3},{"damage":20,"enemies":"3 Sentries","floor":12,"turns":8},{"damage":0,"enemies":"3 Louse","floor":14,"turns":2},{"damage":0,"enemies":"Slime Boss","floor":16,"turns":7},{"damage":21,"enemies":"Shell Parasite","floor":18,"turns":6},{"damage":5,"enemies":"Spheric Guardian","floor":21,"turns":3},{"damage":10,"enemies":"Snake Plant","floor":25,"turns":3},{"damage":14,"enemies":"Shelled Parasite and Fungi","floor":31,"turns":8},{"damage":91,"enemies":"Champ","floor":33,"turns":13}],"seed_played":"7439885478614856974","potions_obtained":[{"floor":1,"key":"PowerPotion"},{"floor":4,"key":"Weak Potion"},{"floor":7,"key":"Energy Potion"}],"is_trial":false,"path_per_floor":["M","M","M","M","$","R","M","M","T","M","R","E","?","M","R","B",null,"M","$","?","M","?","?","$","M","T","?","?","R","$","M","R","B"],"character_chosen":"DEFECT","items_purchased":["Go for the Eyes","Conserve Battery","Defragment","Leap","Steam","Steam"],"campfire_rested":2,"item_purchase_floors":[5,5,19,19,24,30],"current_hp_per_floor":[74,72,71,58,58,58,51,44,44,44,44,24,42,42,42,42,75,54,54,54,49,49,49,49,39,39,39,39,61,61,47,69,0],"gold":78,"neow_bonus":"THREE_CARDS","is_prod":false,"is_daily":false,"chose_seed":false,"campfire_upgraded":3,"win_rate":0.0,"timestamp":1567113138,"path_taken":["M","M","M","M","$","R","M","M","T","M","R","E","?","M","R","BOSS","M","$","?","M","?","?","$","M","T","?","?","R","?","M","R","BOSS"],"build_version":"2019-07-17","purchased_purges":2,"victory":false,"max_hp_per_floor":[75,75,75,75,75,75,75,75,75,75,75,75,75,75,75,75,75,75,75,75,75,75,75,75,75,75,75,75,75,75,75,75,75],"card_choices":[{"not_picked":["Barrage","Capacitor"],"picked":"Leap","floor":0},{"not_picked":["Aggregate","Barrage"],"picked":"Sunder","floor":1},{"not_picked":["Capacitor","Ball Lightning"],"picked":"Go for the Eyes","floor":2},{"not_picked":["Redo","Leap"],"picked":"Sweeping Beam","floor":3},{"not_picked":["Skim","Force Field"],"picked":"Steam","floor":4},{"not_picked":["Sweeping Beam","Turbo"],"picked":"Reprogram","floor":7},{"not_picked":["Cold Snap","Reprogram"],"picked":"Barrage","floor":8},{"not_picked":["Sunder","Barrage"],"picked":"Go for the Eyes","floor":10},{"not_picked":["Sweeping Beam","Streamline"],"picked":"Electrodynamics","floor":12},{"not_picked":["Streamline","Steam Power"],"picked":"Conserve Battery","floor":14},{"not_picked":["Fission","Meteor Strike"],"picked":"Multi-Cast","floor":16},{"not_picked":["Chaos","Barrage+1"],"picked":"Beam Cell","floor":18},{"not_picked":["Compile Driver","Conserve Battery"],"picked":"FTL","floor":21},{"not_picked":["Compile Driver","Beam Cell"],"picked":"Redo","floor":25},{"not_picked":["Electrodynamics","Beam Cell"],"picked":"Skim","floor":31}],"player_experience":92946,"relics_obtained":[{"floor":9,"key":"Juzu Bracelet"},{"floor":12,"key":"Tiny Chest"},{"floor":26,"key":"Pen Nib"}],"event_choices":[{"damage_healed":18,"gold_gain":0,"player_choice":"Healed and dodged fight","damage_taken":0,"max_hp_gain":0,"max_hp_loss":0,"event_name":"Mushrooms","floor":13,"gold_loss":0,"cards_obtained":["Parasite"]},{"damage_healed":0,"gold_gain":0,"cards_transformed":["Strike_B"],"player_choice":"Transformed","damage_taken":0,"max_hp_gain":0,"max_hp_loss":0,"event_name":"Transmorgrifier","floor":22,"gold_loss":0,"cards_obtained":["Rip and Tear"]},{"damage_healed":0,"gold_gain":0,"cards_transformed":["Rip and Tear","Strike_B"],"player_choice":"Became Test Subject","damage_taken":0,"max_hp_gain":0,"max_hp_loss":0,"event_name":"Drug Dealer","floor":23,"gold_loss":0,"cards_obtained":["Double Energy","Sunder"]},{"damage_healed":0,"gold_gain":0,"player_choice":"Ignored","damage_taken":0,"max_hp_gain":0,"max_hp_loss":0,"event_name":"The Mausoleum","floor":27,"gold_loss":0},{"damage_healed":0,"gold_gain":0,"player_choice":"Ignored","damage_taken":0,"max_hp_gain":0,"max_hp_loss":0,"event_name":"Ghosts","floor":28,"gold_loss":0}],"is_beta":false,"boss_relics":[{"not_picked":["Nuclear Battery","Calling Bell"],"picked":"Velvet Choker"}],"items_purged_floors":[5,19],"is_endless":false,"potions_floor_spawned":[1,4,7,14,16,21],"killed_by":"Champ","ascension_level":0}