{"gold_per_floor":[112,122,132,150,250,250,275,294,343,6,21,34,69,82,82,177,177,189,200,200,200,200,200,213,213,240,32,42,62,74,93,93,198,198,216,216,229,229,240,240,253,13,39,49,49,14,14,31,31,31],"floor_reached":50,"playtime":4977,"items_purged":["Strike_G","Strike_G"],"score":487,"play_id":"fb8a7920-f2ef-4642-b8b7-7a6032d1ecc0","local_time":"20190815130303","is_ascension_mode":false,"campfire_choices":[{"data":"Noxious Fumes","floor":6,"key":"SMITH"},{"floor":15,"key":"REST"},{"data":"Footwork","floor":23,"key":"SMITH"},{"floor":25,"key":"REST"},{"floor":32,"key":"REST"},{"floor":40,"key":"REST"},{"data":"Catalyst","floor":49,"key":"SMITH"}],"neow_cost":"NONE","seed_source_timestamp":56316932499930,"circlet_count":0,"master_deck":["Strike_G","Strike_G","Strike_G","Defend_G","Defend_G","Defend_G","Defend_G","Defend_G","Survivor","Neutralize","Crippling Poison","Deadly Poison","Noxious Fumes+1","Bane","Prepared","Noxious Fumes","Dodge and Roll","PiercingWail","Backflip","Dagger Spray","Burst","Dash+1","Slice+1","RitualDagger","Writhe","Footwork+1","Backflip+1","Noxious Fumes","Deadly Poison","PiercingWail","Dodge and Roll","Heel Hook+1","Sucker Punch+1","Night Terror","Blur","Bouncing Flask","Terror+1","Bane+1","Acrobatics","Slice+1","Leg Sweep+1","Madness","Madness","Caltrops","Catalyst+1","Purity","Bouncing Flask","Doubt","Acrobatics+1"],"relics":["Ring of the Snake","StoneCalendar","Happy Flower","Mummified Hand","Matryoshka","Lizard Tail","Vajra","Bag of Marbles","Oddly Smooth Stone","Orrery","Juzu Bracelet","Snake Skull"],"potions_floor_usage":[7,16,16,16,19,29,31,31,44,50,50],"damage_taken":[{"damage":2,"enemies":"Cultist","floor":1,"turns":5},{"damage":0,"enemies":"2 Louse","floor":2,"turns":5},{"damage":1,"enemies":"Jaw Worm","floor":3,"turns":5},{"damage":3,"enemies":"Large Slime","floor":4,"turns":6},{"damage":16,"enemies":"3 Sentries","floor":7,"turns":6},{"damage":3,"enemies":"Exordium Wildlife","floor":8,"turns":4},{"damage":0,"enemies":"Looter","floor":11,"turns":3},{"damage":3,"enemies":"3 Louse","floor":12,"turns":2},{"damage":12,"enemies":"Gremlin Nob","floor":13,"turns":4},{"damage":7,"enemies":"Blue Slaver","floor":14,"turns":3},{"damage":4,"enemies":"The Guardian","floor":16,"turns":7},{"damage":14,"enemies":"Spheric Guardian","floor":18,"turns":4},{"damage":8,"enemies":"2 Thieves","floor":19,"turns":4},{"damage":18,"enemies":"Centurion and Healer","floor":24,"turns":6},{"damage":22,"enemies":"Snake Plant","floor":28,"turns":5},{"damage":6,"enemies":"Cultist and Chosen","floor":29,"turns":6},{"damage":23,"enemies":"Snecko","floor":30,"turns":6},{"damage":7,"enemies":"Centurion and Healer","floor":31,"turns":7},{"damage":12,"enemies":"Champ","floor":33,"turns":12},{"damage":10,"enemies":"Orb Walker","floor":35,"turns":3},{"damage":12,"enemies":"3 Shapes","floor":37,"turns":4},{"damage":18,"enemies":"Maw","floor":39,"turns":9},{"damage":14,"enemies":"Sphere and 2 Shapes","floor":41,"turns":6},{"damage":30,"enemies":"Jaw Worm Horde","floor":44,"turns":5},{"damage":12,"enemies":"3 Darklings","floor":48,"turns":6},{"damage":73,"enemies":"Time Eater","floor":50,"turns":5}],"seed_played":"-1694076809750085759","potions_obtained":[{"floor":3,"key":"SteroidPotion"},{"floor":7,"key":"Swift Potion"},{"floor":8,"key":"LiquidBronze"},{"floor":13,"key":"GhostInAJar"},{"floor":16,"key":"Fire Potion"},{"floor":19,"key":"GamblersBrew"},{"floor":28,"key":"Ancient Potion"},{"floor":30,"key":"AttackPotion"},{"floor":37,"key":"Weak Potion"},{"floor":48,"key":"Block Potion"}],"is_trial":false,"path_per_floor":["M","M","M","M","?","R","E","M","T","$","M","M","E","M","R","B",null,"M","M","?","?","?","R","M","R","T","$","M","M","M","M","R","B",null,"M","?","M","?","M","R","M","$","T","M","?","$","?","M","R","B"],"character_chosen":"THE_SILENT","items_purchased":["Mummified Hand","Noxious Fumes","Noxious Fumes","Deadly Poison","Purity","Energy Potion","Bouncing Flask"],"campfire_rested":4,"item_purchase_floors":[10,10,27,27,42,42,46],"current_hp_per_floor":[75,75,74,71,71,71,55,52,52,52,52,49,37,30,53,49,77,63,55,49,49,49,49,31,54,54,54,32,26,3,38,61,49,77,67,67,55,45,27,50,36,36,36,6,6,6,77,65,65,0],"gold":31,"neow_bonus":"TEN_PERCENT_HP_BONUS","is_prod":false,"is_daily":false,"chose_seed":false,"campfire_upgraded":3,"win_rate":0.0,"timestamp":1565863383,"path_taken":["M","M","M","M","?","R","E","M","T","?","M","M","E","M","R","BOSS","M","M","?","?","?","R","M","R","T","$","M","M","M","M","R","BOSS","M","?","M","?","M","R","M","$","T","M","?","?","?","M","R","BOSS"],"build_version":"2019-07-17","purchased_purges":2,"victory":false,"max_hp_per_floor":[77,77,77,77,77,77,77,77,77,77,77,77,77,77,77,77,77,77,77,77,77,77,77,77,77,77,77,77,77,77,77,77,77,77,77,77,77,77,77,77,77,77,77,77,77,77,77,77,77,77],"card_choices":[{"not_picked":["Dagger Spray","Acrobatics"],"picked":"Crippling Poison","floor":1},{"not_picked":["Flying Knee","Tactician"],"picked":"Deadly Poison","floor":2},{"not_picked":["Acrobatics","Leg Sweep"],"picked":"Noxious Fumes","floor":3},{"not_picked":["Dagger Throw","Flying Knee"],"picked":"Bane","floor":4},{"not_picked":["Slice","Malaise"],"picked":"Poisoned Stab","floor":7},{"not_picked":["Dagger Throw","Skewer"],"picked":"Prepared","floor":8},{"not_picked":["Distraction","Crippling Poison"],"picked":"Dodge and Roll","floor":11},{"not_picked":["Poisoned Stab","Slice"],"picked":"PiercingWail","floor":12},{"not_picked":["Dagger Throw","Corpse Explosion"],"picked":"Backflip","floor":13},{"not_picked":["Noxious Fumes","Acrobatics"],"picked":"Dagger Spray","floor":14},{"not_picked":["Bullet Time","Doppelganger"],"picked":"Burst","floor":16},{"not_picked":["Deadly Poison","Caltrops"],"picked":"Dash+1","floor":18},{"not_picked":["Dagger Throw","Expertise"],"picked":"Slice+1","floor":19},{"not_picked":["Slice","Sucker Punch+1"],"picked":"Backflip+1","floor":24},{"not_picked":["Deadly Poison","Quick Slash"],"picked":"PiercingWail","floor":28},{"not_picked":["Prepared","PiercingWail"],"picked":"Dodge and Roll","floor":29},{"not_picked":["Finisher+1","Bane"],"picked":"Heel Hook+1","floor":30},{"not_picked":["Skewer","Blade Dance"],"picked":"Sucker Punch+1","floor":31},{"not_picked":["Corpse Explosion","Venomology"],"picked":"Night Terror","floor":33},{"not_picked":["Dodge and Roll","Eviscerate+1"],"picked":"Blur","floor":34},{"not_picked":["Prepared","Slice"],"picked":"Bouncing Flask","floor":34},{"not_picked":["Poisoned Stab","Outmaneuver"],"picked":"Terror+1","floor":34},{"not_picked":["Backflip","Predator+1"],"picked":"Bane+1","floor":34},{"not_picked":["Eviscerate","Flying Knee+1"],"picked":"Acrobatics","floor":34},{"not_picked":["Poisoned Stab+1","Dodge and Roll"],"picked":"Slice+1","floor":35},{"not_picked":["Phantasmal Killer","Dagger Throw+1"],"picked":"Leg Sweep+1","floor":37},{"not_picked":["Infinite Blades","Slice"],"picked":"Caltrops","floor":39},{"not_picked":["Slice+1","Deflect"],"picked":"Catalyst","floor":41},{"not_picked":["Tactician","Reflex","Prepared"],"picked":"SKIP","floor":44},{"not_picked":["Expertise","Flying Knee"],"picked":"Acrobatics+1","floor":48}],"player_experience":40042,"relics_obtained":[{"floor":7,"key":"StoneCalendar"},{"floor":9,"key":"Happy Flower"},{"floor":13,"key":"Matryoshka"},{"floor":26,"key":"Bag of Marbles"},{"floor":26,"key":"Oddly Smooth Stone"},{"floor":43,"key":"Juzu Bracelet"},{"floor":43,"key":"Snake Skull"}],"event_choices":[{"damage_healed":0,"gold_gain":100,"player_choice":"Pray","damage_taken":0,"max_hp_gain":0,"max_hp_loss":0,"event_name":"Golden Shrine","floor":5,"gold_loss":0},{"damage_healed":0,"gold_gain":0,"player_choice":"Joined the Cult","damage_taken":6,"max_hp_gain":0,"max_hp_loss":0,"event_name":"Nest","floor":20,"gold_loss":0,"cards_obtained":["RitualDagger"]},{"damage_healed":0,"gold_gain":0,"player_choice":"Opened","damage_taken":0,"relics_obtained":["Vajra"],"max_hp_gain":0,"max_hp_loss":0,"event_name":"The Mausoleum","floor":21,"gold_loss":0,"cards_obtained":["Writhe"]},{"damage_healed":0,"gold_gain":0,"player_choice":"Read","damage_taken":0,"max_hp_gain":0,"max_hp_loss":0,"event_name":"The Library","floor":22,"gold_loss":0,"cards_obtained":["Footwork"]},{"cards_removed":["Poisoned Stab"],"damage_healed":0,"gold_gain":0,"player_choice":"Removed Attack","damage_taken":0,"max_hp_gain":0,"max_hp_loss":0,"event_name":"Falling","floor":36,"gold_loss":0},{"damage_healed":0,"gold_gain":0,"player_choice":"Embrace Madness","damage_taken":10,"max_hp_gain":0,"max_hp_loss":0,"event_name":"Winding Halls","floor":38,"gold_loss":0,"cards_obtained":["Madness","Madness"]},{"damage_healed":0,"gold_gain":0,"player_choice":"Ignored","damage_taken":0,"max_hp_gain":0,"max_hp_loss":0,"event_name":"Mysterious Sphere","floor":45,"gold_loss":0},{"damage_healed":71,"gold_gain":0,"player_choice":"Heal","damage_taken":0,"max_hp_gain":0,"max_hp_loss":0,"event_name":"MindBloom","floor":47,"gold_loss":0,"cards_obtained":["Doubt"]}],"is_beta":false,"boss_relics":[{"not_picked":["Velvet Choker","Coffee Dripper"],"picked":"Lizard Tail"},{"not_picked":["Empty Cage","WristBlade"],"picked":"Orrery"}],"items_purged_floors":[27,42],"is_endless":false,"potions_floor_spawned":[3,7,8,13,16,19,28,30,37,48],"killed_by":"Time Eater","ascension_level":0}