{"gold_per_floor":[111,124,137,190,206,206,231,231,231,260,260,260,279,33,33,112,112,130,45,45,95,95,95,110,110,136,136],"floor_reached":27,"playtime":1773,"items_purged":["Strike_R"],"score":416,"play_id":"f9bd26f0-104b-4b1c-8590-02d72963a0e6","local_time":"20190904230607","is_ascension_mode":true,"campfire_choices":[{"data":"Combust","floor":6,"key":"SMITH"},{"data":"Bash","floor":8,"key":"SMITH"},{"data":"Demon Form","floor":12,"key":"SMITH"},{"floor":15,"key":"REST"},{"data":"Shrug It Off","floor":23,"key":"SMITH"},{"data":"Havoc","floor":25,"key":"SMITH"}],"neow_cost":"NONE","seed_source_timestamp":16545571451500,"circlet_count":0,"master_deck":["AscendersBane","Strike_R","Defend_R","Defend_R","Defend_R","Bash+1","Pommel Strike","Sword Boomerang","Flame Barrier","Combust+1","Demon Form+1","Hemokinesis","Shrug It Off+1","Reaper","Havoc+1","Shockwave","True Grit+1"],"relics":["Burning Blood","NeowsBlessing","Centennial Puzzle","Ginger","Smiling Mask","Letter Opener","Blood Vial","Empty Cage","StoneCalendar","Dream Catcher"],"potions_floor_usage":[16,24,24],"damage_taken":[{"damage":0,"enemies":"Cultist","floor":1,"turns":1},{"damage":0,"enemies":"Small Slimes","floor":2,"turns":1},{"damage":0,"enemies":"2 Louse","floor":3,"turns":1},{"damage":16,"enemies":"Large Slime","floor":5,"turns":6},{"damage":13,"enemies":"3 Sentries","floor":7,"turns":6},{"damage":43,"enemies":"Lagavulin","floor":10,"turns":8},{"damage":9,"enemies":"3 Louse","floor":13,"turns":5},{"damage":37,"enemies":"Slime Boss","floor":16,"turns":5},{"damage":18,"enemies":"Spheric Guardian","floor":18,"turns":5},{"damage":40,"enemies":"Chosen","floor":24,"turns":6},{"damage":23,"enemies":"Snecko","floor":27,"turns":5}],"seed_played":"-5717188509381048694","potions_obtained":[{"floor":3,"key":"Regen Potion"},{"floor":10,"key":"Weak Potion"},{"floor":13,"key":"SteroidPotion"},{"floor":16,"key":"Explosive Potion"},{"floor":18,"key":"Fire Potion"}],"is_trial":false,"path_per_floor":["M","M","M","T","M","R","E","R","T","E","?","R","M","$","R","B",null,"M","?","?","?","?","R","M","R","T","M"],"character_chosen":"IRONCLAD","items_purchased":["Shrug It Off","Blood Vial"],"campfire_rested":1,"item_purchase_floors":[14,14],"current_hp_per_floor":[74,75,75,75,65,65,58,58,58,21,21,21,18,18,40,11,59,49,49,49,49,28,28,17,17,17,0],"gold":136,"neow_bonus":"THREE_ENEMY_KILL","is_prod":false,"is_daily":false,"chose_seed":false,"campfire_upgraded":5,"win_rate":0,"timestamp":1567656367,"path_taken":["M","M","M","?","?","R","E","R","T","E","?","R","M","$","R","BOSS","M","?","?","?","?","R","M","R","T","M"],"build_version":"2019-07-17","purchased_purges":1,"victory":false,"max_hp_per_floor":[75,75,75,75,75,75,75,75,75,75,75,75,75,75,75,75,75,75,75,75,75,80,80,80,80,80,80],"card_choices":[{"not_picked":["Pummel","Sentinel"],"picked":"Pommel Strike","floor":1},{"not_picked":["Blood for Blood","Clash"],"picked":"Sword Boomerang","floor":2},{"not_picked":["Warcry","Wild Strike"],"picked":"Flame Barrier","floor":3},{"not_picked":["Twin Strike","Barricade"],"picked":"Combust","floor":5},{"not_picked":["Clash","Bludgeon","Intimidate"],"picked":"SKIP","floor":7},{"not_picked":["Combust","Sword Boomerang"],"picked":"Demon Form","floor":10},{"not_picked":["Clash","Warcry"],"picked":"Hemokinesis","floor":13},{"not_picked":["Fiend Fire","Dark Embrace"],"picked":"Reaper","floor":16},{"not_picked":["Bloodletting","Uppercut+1","Anger"],"picked":"SKIP","floor":18},{"not_picked":["Corruption","Rampage+1"],"picked":"True Grit+1","floor":24}],"player_experience":826773,"relics_obtained":[{"floor":4,"key":"Centennial Puzzle"},{"floor":7,"key":"Ginger"},{"floor":9,"key":"Smiling Mask"},{"floor":10,"key":"Letter Opener"},{"floor":26,"key":"Dream Catcher"}],"event_choices":[{"damage_healed":0,"gold_gain":0,"player_choice":"Ignored","damage_taken":0,"max_hp_gain":0,"max_hp_loss":0,"event_name":"Shining Light","floor":11,"gold_loss":0},{"damage_healed":0,"gold_gain":0,"player_choice":"Obtained Relic","damage_taken":0,"relics_obtained":["StoneCalendar"],"max_hp_gain":0,"max_hp_loss":0,"event_name":"Addict","floor":19,"gold_loss":85},{"damage_healed":0,"gold_gain":0,"cards_transformed":["Strike_R","Defend_R"],"player_choice":"Became Test Subject","damage_taken":0,"max_hp_gain":0,"max_hp_loss":0,"event_name":"Drug Dealer","floor":20,"gold_loss":0,"cards_obtained":["Havoc","Shockwave"]},{"damage_healed":0,"gold_gain":50,"player_choice":"Stole From Cult","damage_taken":0,"max_hp_gain":0,"max_hp_loss":0,"event_name":"Nest","floor":21,"gold_loss":0},{"damage_healed":0,"gold_gain":0,"player_choice":"Shed Blood","damage_taken":26,"max_hp_gain":5,"max_hp_loss":0,"event_name":"Forgotten Altar","floor":22,"gold_loss":0}],"is_beta":false,"boss_relics":[{"not_picked":["Runic Cube","Coffee Dripper"],"picked":"Empty Cage"}],"items_purged_floors":[14],"is_endless":false,"potions_floor_spawned":[3,10,13,16,18],"killed_by":"Snecko","ascension_level":18}