{"gold_per_floor":[116,136,136,59,75,107,107,126,126,201,234,254,270,284,284,380,380,390,39,49,49,63,63,63,63,89,89,119,138,156,173,173,272,272,292,307,324,40,59,94,94,94,94,104,104,29,29,6,6,6],"floor_reached":50,"playtime":3207,"items_purged":["Strike_G"],"score":607,"play_id":"373c49c5-db59-426a-bb80-0383933b3f13","local_time":"20190822234049","is_ascension_mode":true,"campfire_choices":[{"data":"Noxious Fumes","floor":7,"key":"SMITH"},{"data":"Footwork","floor":15,"key":"SMITH"},{"data":"After Image","floor":23,"key":"SMITH"},{"data":"Finisher","floor":25,"key":"SMITH"},{"data":"Infinite Blades","floor":27,"key":"SMITH"},{"data":"Caltrops","floor":32,"key":"SMITH"},{"floor":41,"key":"REST"},{"data":"Wraith Form v2","floor":45,"key":"SMITH"},{"floor":49,"key":"REST"}],"neow_cost":"NONE","seed_source_timestamp":36270749915377,"circlet_count":0,"master_deck":["Strike_G","Strike_G","Strike_G","Strike_G","Defend_G","Defend_G","Defend_G","Defend_G","Defend_G","Survivor","Neutralize","Noxious Fumes+1","Deadly Poison","Footwork+1","Infinite Blades+1","Well Laid Plans","Blade Dance","PiercingWail","Finisher+1","Endless Agony","Dagger Spray","Envenom+1","Dodge and Roll+1","Leg Sweep","Caltrops+1","Riddle With Holes+1","Corpse Explosion","After Image+1","Cloak And Dagger+1","Blade Dance+1","Setup+1","Infinite Blades","Wraith Form v2+1","Noxious Fumes","Accuracy","Noxious Fumes","Night Terror","Noxious Fumes+1","Dagger Spray+1","Master of Strategy","Blade Dance"],"relics":["Ring of the Snake","Turnip","Ginger","Bird Faced Urn","Sozu","TwistedFunnel","Centennial Puzzle","PreservedInsect","Philosopher\u0027s Stone","Ancient Tea Set","Question Card","Strawberry","Sundial"],"potions_floor_usage":[11,11,11,50],"damage_taken":[{"damage":5,"enemies":"Jaw Worm","floor":1,"turns":4},{"damage":0,"enemies":"Cultist","floor":2,"turns":4},{"damage":1,"enemies":"2 Louse","floor":5,"turns":4},{"damage":14,"enemies":"Lagavulin","floor":6,"turns":7},{"damage":10,"enemies":"2 Fungi Beasts","floor":8,"turns":4},{"damage":23,"enemies":"Gremlin Nob","floor":11,"turns":4},{"damage":13,"enemies":"Lots of Slimes","floor":12,"turns":5},{"damage":2,"enemies":"Red Slaver","floor":13,"turns":5},{"damage":1,"enemies":"Blue Slaver","floor":14,"turns":3},{"damage":30,"enemies":"Slime Boss","floor":16,"turns":10},{"damage":0,"enemies":"Chosen","floor":18,"turns":5},{"damage":1,"enemies":"3 Byrds","floor":20,"turns":4},{"damage":16,"enemies":"Shelled Parasite and Fungi","floor":22,"turns":6},{"damage":9,"enemies":"Book of Stabbing","floor":28,"turns":5},{"damage":29,"enemies":"Snake Plant","floor":29,"turns":5},{"damage":0,"enemies":"3 Cultists","floor":30,"turns":5},{"damage":0,"enemies":"Centurion and Healer","floor":31,"turns":5},{"damage":7,"enemies":"Collector","floor":33,"turns":7},{"damage":2,"enemies":"3 Darklings","floor":35,"turns":2},{"damage":7,"enemies":"3 Shapes","floor":36,"turns":6},{"damage":18,"enemies":"Jaw Worm Horde","floor":37,"turns":4},{"damage":33,"enemies":"Transient","floor":39,"turns":5},{"damage":30,"enemies":"Reptomancer","floor":40,"turns":5},{"damage":3,"enemies":"Sphere and 2 Shapes","floor":44,"turns":4},{"damage":110,"enemies":"Awakened One","floor":50,"turns":10}],"seed_played":"9172171769264589785","potions_obtained":[{"floor":2,"key":"Fire Potion"},{"floor":3,"key":"Regen Potion"},{"floor":3,"key":"Energy Potion"},{"floor":11,"key":"SteroidPotion"}],"is_trial":false,"path_per_floor":["M","M","?","$","M","E","R","M","T","?","E","M","M","M","R","B",null,"M","$","M","?","M","R","?","R","T","R","E","M","M","M","R","B",null,"M","M","M","$","M","E","R","T","T","M","R","$","?","$","R","B"],"character_chosen":"THE_SILENT","items_purchased":["Footwork","TwistedFunnel","Leg Sweep","Caltrops","Night Terror","Ancient Tea Set","Blade Dance"],"campfire_rested":2,"item_purchase_floors":[4,19,19,19,38,38,48],"current_hp_per_floor":[72,72,72,72,71,57,57,47,47,36,25,20,26,31,31,9,77,77,77,77,77,65,65,65,65,65,65,70,55,69,77,77,76,77,77,74,65,65,48,36,59,66,66,79,79,79,69,69,84,0],"gold":6,"neow_bonus":"TEN_PERCENT_HP_BONUS","is_prod":false,"is_daily":false,"chose_seed":false,"campfire_upgraded":7,"win_rate":0,"timestamp":1566506449,"path_taken":["M","M","?","?","?","E","R","M","T","?","E","M","M","M","R","BOSS","M","$","M","?","M","R","?","R","T","R","E","M","M","?","R","BOSS","M","M","M","$","M","E","R","?","T","M","R","$","?","?","R","BOSS"],"build_version":"2019-07-17","purchased_purges":1,"victory":false,"max_hp_per_floor":[77,77,77,77,77,77,77,77,77,77,77,77,77,77,77,77,77,77,77,77,77,77,77,77,77,77,77,77,77,77,77,77,77,77,77,77,77,77,77,77,77,84,84,84,84,84,84,84,84,84],"card_choices":[{"not_picked":["Dagger Spray","PiercingWail"],"picked":"Noxious Fumes","floor":1},{"not_picked":["Acrobatics","Quick Slash"],"picked":"Deadly Poison","floor":2},{"not_picked":["Deflect","Choke"],"picked":"Infinite Blades","floor":5},{"not_picked":["Acrobatics","Concentrate"],"picked":"Well Laid Plans","floor":6},{"not_picked":["Sucker Punch","Underhanded Strike"],"picked":"Blade Dance","floor":8},{"not_picked":["Tools of the Trade","Acrobatics"],"picked":"PiercingWail","floor":11},{"not_picked":["Dodge and Roll","Skewer"],"picked":"Finisher","floor":12},{"not_picked":["Underhanded Strike","Acrobatics"],"picked":"Endless Agony","floor":13},{"not_picked":["Deflect","Quick Slash"],"picked":"Dagger Spray","floor":14},{"not_picked":["Phantasmal Killer","Bullet Time"],"picked":"Envenom","floor":16},{"not_picked":["Poisoned Stab","Acrobatics+1"],"picked":"Dodge and Roll+1","floor":18},{"not_picked":["Sucker Punch","Deadly Poison"],"picked":"Riddle With Holes+1","floor":20},{"not_picked":["Quick Slash+1","Flying Knee"],"picked":"After Image","floor":22},{"not_picked":["Corpse Explosion","Poisoned Stab"],"picked":"Cloak And Dagger+1","floor":28},{"not_picked":["PiercingWail","Eviscerate"],"picked":"Blade Dance+1","floor":29},{"not_picked":["Outmaneuver+1","Calculated Gamble"],"picked":"Setup+1","floor":30},{"not_picked":["Dodge and Roll","PiercingWail"],"picked":"Infinite Blades","floor":31},{"not_picked":["Phantasmal Killer","Corpse Explosion"],"picked":"Wraith Form v2","floor":33},{"not_picked":["Deadly Poison+1","Deflect+1"],"picked":"Noxious Fumes","floor":35},{"not_picked":["Deadly Poison+1","Riddle With Holes"],"picked":"Accuracy","floor":36},{"not_picked":["Infinite Blades","Blade Dance"],"picked":"Noxious Fumes","floor":37},{"not_picked":["Acrobatics+1","Sucker Punch"],"picked":"Noxious Fumes+1","floor":39},{"not_picked":["Night Terror","Dodge and Roll","Sucker Punch"],"picked":"SKIP","floor":40},{"not_picked":["Choke+1","Crippling Poison","Reflex"],"picked":"Dagger Spray+1","floor":44},{"not_picked":["Bandage Up","Thinking Ahead","Panacea"],"picked":"Master of Strategy","floor":47}],"player_experience":151515,"relics_obtained":[{"floor":6,"key":"Turnip"},{"floor":9,"key":"Ginger"},{"floor":11,"key":"Bird Faced Urn"},{"floor":26,"key":"Centennial Puzzle"},{"floor":28,"key":"PreservedInsect"},{"floor":40,"key":"Question Card"},{"floor":42,"key":"Strawberry"},{"floor":43,"key":"Sundial"}],"event_choices":[{"damage_healed":0,"gold_gain":0,"player_choice":"Got Potions","damage_taken":0,"max_hp_gain":0,"max_hp_loss":0,"event_name":"Lab","floor":3,"gold_loss":0},{"damage_healed":0,"gold_gain":75,"player_choice":"Gather Gold","damage_taken":11,"max_hp_gain":0,"max_hp_loss":0,"event_name":"World of Goop","floor":10,"gold_loss":0},{"damage_healed":0,"gold_gain":0,"player_choice":"Read","damage_taken":0,"max_hp_gain":0,"max_hp_loss":0,"event_name":"The Library","floor":21,"gold_loss":0,"cards_obtained":["Corpse Explosion"]},{"damage_healed":0,"gold_gain":0,"player_choice":"Upgraded","damage_taken":0,"max_hp_gain":0,"max_hp_loss":0,"event_name":"Upgrade Shrine","floor":24,"gold_loss":0,"cards_upgraded":["Envenom"]},{"damage_healed":0,"gold_gain":0,"player_choice":"Memory 3","damage_taken":10,"max_hp_gain":0,"max_hp_loss":0,"event_name":"SensoryStone","floor":47,"gold_loss":0}],"is_beta":false,"boss_relics":[{"not_picked":["Ring of the Serpent","HoveringKite"],"picked":"Sozu"},{"not_picked":["Cursed Key","Snecko Eye"],"picked":"Philosopher\u0027s Stone"}],"items_purged_floors":[46],"is_endless":false,"potions_floor_spawned":[2,6,8,11,18,20,28,35,36,44],"killed_by":"Awakened One","ascension_level":2}