{"gold_per_floor":[109,284,304,304,49,75,85,116,116,147,147,157,157,157,157,287,287,308,329,203,223,223,223,223,51,51,91,107],"floor_reached":28,"playtime":1459,"items_purged":["Strike_B","Strike_B"],"score":295,"play_id":"24a754d8-659b-49b8-8034-85ba2b0bb420","local_time":"20190820140043","is_ascension_mode":true,"campfire_choices":[{"data":"Dualcast","floor":11,"key":"SMITH"},{"data":"Sunder","floor":13,"key":"SMITH"},{"floor":15,"key":"REST"},{"data":"Buffer","floor":23,"key":"SMITH"}],"neow_cost":"NONE","seed_source_timestamp":401192171866257,"circlet_count":0,"master_deck":["Defend_B+1","Defend_B","Defend_B","Defend_B","Zap","Dualcast+1","Leap","Doubt","Gash+1","Gash","Sweeping Beam","Streamline","Ball Lightning","Sunder+1","Glacier","Self Repair","Buffer","Gash","Redo+1","Beam Cell","Fusion+1","Buffer+1","Steam Power","Sweeping Beam","Sunder","Creative AI","FTL+1"],"relics":["Cracked Core","NeowsBlessing","Sling","Dream Catcher","Meat on the Bone","Bag of Marbles","Orichalcum","Golden Idol","Eternal Feather","Darkstone Periapt","Unceasing Top"],"potions_floor_usage":[12,19,21,27],"damage_taken":[{"damage":0,"enemies":"2 Louse","floor":1,"turns":1},{"damage":0,"enemies":"Jaw Worm","floor":3,"turns":1},{"damage":0,"enemies":"Gremlin Nob","floor":6,"turns":1},{"damage":0,"enemies":"Small Slimes","floor":7,"turns":3},{"damage":14,"enemies":"3 Sentries","floor":8,"turns":6},{"damage":23,"enemies":"Lagavulin","floor":10,"turns":4},{"damage":0,"enemies":"Looter","floor":12,"turns":1},{"damage":30,"enemies":"Hexaghost","floor":16,"turns":11},{"damage":28,"enemies":"2 Thieves","floor":18,"turns":4},{"damage":6,"enemies":"Shell Parasite","floor":19,"turns":3},{"damage":26,"enemies":"Cultist and Chosen","floor":21,"turns":6},{"damage":13,"enemies":"Slavers","floor":27,"turns":4},{"damage":14,"enemies":"Centurion and Healer","floor":28,"turns":7}],"seed_played":"-2706712171255900785","potions_obtained":[{"floor":8,"key":"AttackPotion"},{"floor":12,"key":"Energy Potion"},{"floor":18,"key":"GamblersBrew"},{"floor":21,"key":"AttackPotion"}],"is_trial":false,"path_per_floor":["M","?","M","?","$","E","M","E","T","E","R","M","R","?","R","B",null,"M","M","$","M","?","R","?","$","T","E","M"],"character_chosen":"DEFECT","items_purchased":["Gash","Sling","Beam Cell","Sunder"],"campfire_rested":1,"item_purchase_floors":[5,5,20,25],"current_hp_per_floor":[75,75,75,60,60,60,60,46,46,35,35,47,47,29,51,40,75,54,55,55,48,48,63,63,63,63,57,43],"gold":107,"neow_bonus":"THREE_ENEMY_KILL","is_prod":false,"is_daily":false,"chose_seed":false,"campfire_upgraded":3,"win_rate":0,"timestamp":1566298843,"path_taken":["M","?","M","?","$","E","M","E","T","E","R","M","R","?","R","BOSS","M","M","$","M","?","R","?","$","T","E","M"],"build_version":"2019-07-17","purchased_purges":2,"victory":false,"max_hp_per_floor":[75,75,75,75,75,75,75,75,75,75,75,75,75,75,75,75,75,75,75,75,75,75,75,75,75,75,75,75],"card_choices":[{"not_picked":["Steam","Reprogram"],"picked":"Leap","floor":1},{"not_picked":["Tempest","Beam Cell"],"picked":"Gash","floor":3},{"not_picked":["Turbo","Core Surge"],"picked":"Sweeping Beam","floor":6},{"not_picked":["Compile Driver","Stack"],"picked":"Streamline","floor":7},{"not_picked":["Conserve Battery","Barrage"],"picked":"Ball Lightning","floor":8},{"not_picked":["Reinforced Body","Go for the Eyes"],"picked":"Sunder","floor":10},{"not_picked":["Barrage","Conserve Battery"],"picked":"Glacier","floor":12},{"not_picked":["Force Field","Cold Snap"],"picked":"Self Repair","floor":15},{"not_picked":["Thunder Strike","Reboot"],"picked":"Buffer","floor":16},{"not_picked":["Sweeping Beam","Steam"],"picked":"Gash","floor":18},{"not_picked":["Self Repair","Chaos"],"picked":"Redo+1","floor":19},{"not_picked":["Turbo","Rebound"],"picked":"Fusion+1","floor":21},{"not_picked":["Blizzard+1","Chaos"],"picked":"Creative AI","floor":27},{"not_picked":["Conserve Battery","Leap+1"],"picked":"FTL+1","floor":28}],"player_experience":114021,"relics_obtained":[{"floor":6,"key":"Dream Catcher"},{"floor":8,"key":"Meat on the Bone"},{"floor":9,"key":"Bag of Marbles"},{"floor":10,"key":"Orichalcum"},{"floor":26,"key":"Darkstone Periapt"},{"floor":27,"key":"Unceasing Top"}],"event_choices":[{"damage_healed":0,"gold_gain":175,"player_choice":"AGREE","damage_taken":0,"max_hp_gain":0,"max_hp_loss":0,"event_name":"Liars Game","floor":2,"gold_loss":0,"cards_obtained":["Doubt"]},{"damage_healed":0,"gold_gain":0,"player_choice":"Entered Light","damage_taken":15,"max_hp_gain":0,"max_hp_loss":0,"event_name":"Shining Light","floor":4,"gold_loss":0,"cards_upgraded":["Gash","Defend_B"]},{"damage_healed":0,"gold_gain":0,"player_choice":"Take Damage","damage_taken":18,"relics_obtained":["Golden Idol"],"max_hp_gain":0,"max_hp_loss":0,"event_name":"Golden Idol","floor":14,"gold_loss":0},{"damage_healed":0,"gold_gain":0,"player_choice":"Read","damage_taken":0,"max_hp_gain":0,"max_hp_loss":0,"event_name":"The Library","floor":22,"gold_loss":0,"cards_obtained":["Buffer"]},{"damage_healed":0,"gold_gain":0,"cards_transformed":["Strike_B","Strike_B"],"player_choice":"Became Test Subject","damage_taken":0,"max_hp_gain":0,"max_hp_loss":0,"event_name":"Drug Dealer","floor":24,"gold_loss":0,"cards_obtained":["Steam Power","Sweeping Beam"]}],"is_beta":false,"boss_relics":[{"not_picked":["Lizard Tail","Snecko Eye"],"picked":"Eternal Feather"}],"items_purged_floors":[20,25],"is_endless":false,"potions_floor_spawned":[8,12,18,21],"killed_by":"Centurion and Healer","ascension_level":1}