{"gold_per_floor":[115,127,140,157,332,361,361,361,385,34,34,49,68,0,0,100,100],"floor_reached":17,"playtime":297,"items_purged":[],"score":165,"play_id":"a599d7ee-7145-42d0-92e8-290978df5192","local_time":"20190903102356","is_ascension_mode":true,"campfire_choices":[{"floor":8,"key":"RECALL"},{"data":"Strike_B","floor":11,"key":"SMITH"},{"data":"Zap","floor":15,"key":"SMITH"}],"neow_cost":"NONE","seed_source_timestamp":984706874825422,"circlet_count":0,"master_deck":["Strike_B+1","Strike_B","Strike_B","Strike_B","Defend_B","Defend_B","Defend_B","Defend_B","Zap+1","Dualcast","Sunder","Hello World","Conserve Battery","Coolheaded","Streamline","Defend_B","Auto Shields","Double Energy","Leap","Leap","Chaos","Fission"],"relics":["Cracked Core","NeowsBlessing","Anchor","Orichalcum","Bottled Lightning","Snecko Eye"],"potions_floor_usage":[16,16],"damage_taken":[{"damage":0,"enemies":"Cultist","floor":1,"turns":1},{"damage":0,"enemies":"Small Slimes","floor":2,"turns":1},{"damage":0,"enemies":"2 Louse","floor":3,"turns":1},{"damage":9,"enemies":"Red Slaver","floor":4,"turns":4},{"damage":39,"enemies":"Gremlin Nob","floor":6,"turns":5},{"damage":2,"enemies":"Blue Slaver","floor":12,"turns":4},{"damage":9,"enemies":"Lots of Slimes","floor":13,"turns":4},{"damage":22,"enemies":"The Guardian","floor":16,"turns":9}],"seed_played":"-1467258135214239505","potions_obtained":[{"floor":3,"key":"Weak Potion"},{"floor":12,"key":"FearPotion"},{"floor":13,"key":"FairyPotion"}],"is_trial":false,"path_per_floor":["M","M","M","M","?","E","?","R","T","$","R","M","M","$","R","B",null],"character_chosen":"DEFECT","items_purchased":["Bottled Lightning","Auto Shields","Double Energy","Chaos"],"campfire_rested":0,"item_purchase_floors":[10,10,10,14],"current_hp_per_floor":[75,75,75,66,66,27,27,27,27,27,27,25,16,16,16,1,1],"gold":100,"neow_bonus":"THREE_ENEMY_KILL","is_prod":false,"is_daily":false,"chose_seed":false,"campfire_upgraded":2,"win_rate":0,"timestamp":1567495436,"path_taken":["M","M","?","M","?","E","?","R","T","$","R","?","M","?","R","BOSS"],"build_version":"2019-07-17","purchased_purges":0,"victory":false,"max_hp_per_floor":[75,75,75,75,75,75,75,75,75,75,75,75,75,75,75,75,75],"card_choices":[{"not_picked":["Streamline","Chill"],"picked":"Sunder","floor":1},{"not_picked":["Steam","Streamline"],"picked":"Hello World","floor":2},{"not_picked":["Go for the Eyes","Streamline"],"picked":"Conserve Battery","floor":3},{"not_picked":["Turbo","Steam Power"],"picked":"Coolheaded","floor":4},{"not_picked":["Compile Driver","Multi-Cast"],"picked":"Streamline","floor":6},{"not_picked":["Consume","Steam"],"picked":"Leap","floor":12},{"not_picked":["Redo","Turbo"],"picked":"Leap","floor":13},{"not_picked":["Reboot","Amplify"],"picked":"Fission","floor":16}],"player_experience":251773,"relics_obtained":[{"floor":6,"key":"Anchor"},{"floor":9,"key":"Orichalcum"}],"event_choices":[{"damage_healed":0,"gold_gain":175,"player_choice":"AGREE","damage_taken":0,"max_hp_gain":0,"max_hp_loss":0,"event_name":"Liars Game","floor":5,"gold_loss":0,"cards_obtained":["Doubt"]},{"cards_removed":["Doubt"],"damage_healed":0,"gold_gain":0,"player_choice":"Took Card","damage_taken":0,"max_hp_gain":0,"max_hp_loss":0,"event_name":"NoteForYourself","floor":7,"gold_loss":0,"cards_obtained":["Defend_B"]}],"is_beta":false,"boss_relics":[{"not_picked":["Ectoplasm","Runic Dome"],"picked":"Snecko Eye"}],"items_purged_floors":[],"is_endless":false,"potions_floor_spawned":[3,12,13],"ascension_level":1}