{"gold_per_floor":[215,235,252,327,327,355,355,367,367,367,125,142,157,34,34,135,135,152,169,30,43,16,16,29,39,39,39,58,58,70,85,85,186,186,202,111,125,144,144,144,144,144,144,144,244,261,261,261,261,261],"floor_reached":50,"playtime":2679,"items_purged":["Strike_R","Strike_R"],"score":471,"play_id":"0a44713a-3985-43b9-b3c5-9143ecf7cd6c","local_time":"20190904014601","is_ascension_mode":false,"campfire_choices":[{"data":"True Grit","floor":7,"key":"SMITH"},{"data":"Bash","floor":10,"key":"SMITH"},{"data":"Body Slam","floor":15,"key":"SMITH"},{"data":"Barricade","floor":23,"key":"SMITH"},{"data":"Body Slam","floor":29,"key":"SMITH"},{"floor":32,"key":"REST"},{"data":"Body Slam","floor":40,"key":"SMITH"},{"data":"Clothesline","floor":42,"key":"SMITH"},{"data":"Reaper","floor":44,"key":"SMITH"},{"floor":49,"key":"REST"}],"neow_cost":"NONE","seed_source_timestamp":1821324312387133,"circlet_count":0,"master_deck":["Strike_R","Strike_R","Strike_R","Defend_R","Defend_R","Defend_R","Defend_R","Bash+1","Inflame","Perfected Strike","Whirlwind+1","True Grit+1","Headbutt+1","Shrug It Off+1","Clothesline+1","Entrench+1","Body Slam+1","Reaper+1","True Grit+1","Warcry+1","Barricade+1","Armaments+1","Armaments+1","Body Slam+1","Body Slam+1","Impervious+1","Reaper","Disarm+1","Shrug It Off+1","Dark Shackles+1"],"relics":["Burning Blood","Mercury Hourglass","Toxic Egg 2","Membership Card","Ornamental Fan","Orrery","Whetstone","Pantograph","Cursed Key","StoneCalendar","Frozen Egg 2"],"potions_floor_usage":[6,6,19,25,28,30,31,33,50,50],"damage_taken":[{"damage":5,"enemies":"Cultist","floor":1,"turns":4},{"damage":9,"enemies":"2 Louse","floor":2,"turns":4},{"damage":1,"enemies":"Small Slimes","floor":3,"turns":4},{"damage":63,"enemies":"Lagavulin","floor":6,"turns":7},{"damage":2,"enemies":"3 Louse","floor":8,"turns":2},{"damage":1,"enemies":"Exordium Wildlife","floor":12,"turns":3},{"damage":11,"enemies":"Looter","floor":13,"turns":3},{"damage":39,"enemies":"Hexaghost","floor":16,"turns":13},{"damage":19,"enemies":"Shell Parasite","floor":18,"turns":11},{"damage":0,"enemies":"3 Byrds","floor":19,"turns":3},{"damage":5,"enemies":"Centurion and Healer","floor":21,"turns":12},{"damage":26,"enemies":"Snake Plant","floor":24,"turns":6},{"damage":34,"enemies":"3 Cultists","floor":25,"turns":7},{"damage":15,"enemies":"Centurion and Healer","floor":28,"turns":10},{"damage":12,"enemies":"Snecko","floor":30,"turns":4},{"damage":20,"enemies":"Sentry and Sphere","floor":31,"turns":8},{"damage":68,"enemies":"Collector","floor":33,"turns":11},{"damage":0,"enemies":"Orb Walker","floor":35,"turns":3},{"damage":0,"enemies":"3 Shapes","floor":37,"turns":5},{"damage":2,"enemies":"Maw","floor":38,"turns":9},{"damage":0,"enemies":"Mind Bloom Boss Battle","floor":45,"turns":5},{"damage":39,"enemies":"Sphere and 2 Shapes","floor":46,"turns":7},{"damage":87,"enemies":"Donu and Deca","floor":50,"turns":7}],"seed_played":"-3848923590319371105","potions_obtained":[{"floor":1,"key":"BloodPotion"},{"floor":2,"key":"BloodPotion"},{"floor":6,"key":"LiquidBronze"},{"floor":13,"key":"GamblersBrew"},{"floor":16,"key":"Block Potion"},{"floor":19,"key":"SkillPotion"},{"floor":24,"key":"SkillPotion"},{"floor":27,"key":"Fire Potion"},{"floor":31,"key":"PowerPotion"},{"floor":33,"key":"Dexterity Potion"},{"floor":37,"key":"LiquidBronze"},{"floor":46,"key":"Swift Potion"}],"is_trial":false,"path_per_floor":["M","M","M","?","?","E","R","M","T","R","$","M","M","$","R","B",null,"M","M","$","M","$","R","M","M","T","?","M","R","M","M","R","B",null,"M","$","M","M","?","R","?","R","T","R","?","M","$","?","R","B"],"character_chosen":"IRONCLAD","items_purchased":["Membership Card","Shrug It Off+1","Clothesline","Ornamental Fan","Armaments+1","Whetstone","Body Slam","Disarm+1"],"campfire_rested":2,"item_purchase_floors":[11,11,11,14,20,20,22,36],"current_hp_per_floor":[80,77,80,69,69,52,52,56,56,56,56,61,56,56,56,23,80,71,77,77,78,78,78,67,39,39,39,38,38,38,24,48,12,80,80,80,80,80,80,80,80,80,80,80,80,47,47,47,71,0],"gold":261,"neow_bonus":"HUNDRED_GOLD","is_prod":false,"is_daily":false,"chose_seed":false,"campfire_upgraded":8,"win_rate":0,"timestamp":1567554361,"path_taken":["M","M","M","?","?","E","R","M","T","R","$","M","M","$","R","BOSS","M","M","$","M","$","R","M","M","T","?","M","R","M","M","R","BOSS","M","$","?","M","?","R","?","R","T","R","?","?","$","?","R","BOSS"],"build_version":"2019-07-17","purchased_purges":2,"victory":false,"max_hp_per_floor":[80,80,80,80,80,80,80,80,80,80,80,80,80,80,80,80,80,80,80,80,80,80,80,80,80,80,80,80,80,80,80,80,80,80,80,80,80,80,80,80,80,80,80,80,80,80,80,80,80,80],"card_choices":[{"not_picked":["Sentinel","Iron Wave"],"picked":"Inflame","floor":1},{"not_picked":["Dropkick","Heavy Blade"],"picked":"Perfected Strike","floor":2},{"not_picked":["Sentinel","Pommel Strike"],"picked":"Whirlwind","floor":3},{"not_picked":["Rage","Seeing Red"],"picked":"True Grit","floor":6},{"not_picked":["Flex","Iron Wave"],"picked":"Headbutt","floor":8},{"not_picked":["Hemokinesis","Warcry+1"],"picked":"Entrench+1","floor":12},{"not_picked":["Iron Wave","Brutality"],"picked":"Body Slam","floor":13},{"not_picked":["Dark Embrace","Berserk"],"picked":"Reaper","floor":16},{"not_picked":["Second Wind+1","Warcry+1"],"picked":"True Grit+1","floor":17},{"not_picked":["Dropkick","Heavy Blade"],"picked":"Warcry+1","floor":17},{"not_picked":["Wild Strike+1","True Grit+1"],"picked":"Barricade","floor":18},{"not_picked":["Combust","Flex+1","Sword Boomerang"],"picked":"SKIP","floor":19},{"not_picked":["Wild Strike+1","Clash"],"picked":"Armaments+1","floor":21},{"not_picked":["Headbutt+1","Thunderclap"],"picked":"Body Slam","floor":24},{"not_picked":["Heavy Blade+1","Sword Boomerang","Intimidate+1"],"picked":"SKIP","floor":25},{"not_picked":["Sentinel+1","Shrug It Off+1"],"picked":"Impervious+1","floor":28},{"not_picked":["Reckless Charge","Rage+1","Iron Wave+1"],"picked":"SKIP","floor":30},{"not_picked":["Body Slam","Searing Blow","Clothesline"],"picked":"SKIP","floor":31},{"not_picked":["Demon Form","Brutality"],"picked":"Reaper","floor":33},{"not_picked":["Heavy Blade","Clash+1","Thunderclap+1"],"picked":"SKIP","floor":35},{"not_picked":["Twin Strike","Iron Wave+1"],"picked":"Shrug It Off+1","floor":37},{"not_picked":["Body Slam","Wild Strike","True Grit+1"],"picked":"SKIP","floor":38},{"not_picked":["Discovery+1","Panacea+1"],"picked":"Dark Shackles+1","floor":41},{"not_picked":["Sword Boomerang","Exhume+1","Twin Strike"],"picked":"SKIP","floor":46}],"player_experience":146680,"relics_obtained":[{"floor":6,"key":"Mercury Hourglass"},{"floor":9,"key":"Toxic Egg 2"},{"floor":26,"key":"Pantograph"},{"floor":45,"key":"StoneCalendar"}],"event_choices":[{"damage_healed":0,"gold_gain":75,"player_choice":"Gather Gold","damage_taken":11,"max_hp_gain":0,"max_hp_loss":0,"event_name":"World of Goop","floor":4,"gold_loss":0},{"damage_healed":0,"gold_gain":0,"player_choice":"Ignored","damage_taken":0,"max_hp_gain":0,"max_hp_loss":0,"event_name":"Liars Game","floor":5,"gold_loss":0},{"damage_healed":0,"gold_gain":0,"player_choice":"Got Potions","damage_taken":0,"max_hp_gain":0,"max_hp_loss":0,"event_name":"Lab","floor":27,"gold_loss":0},{"damage_healed":0,"gold_gain":0,"player_choice":"Ignored","damage_taken":0,"max_hp_gain":0,"max_hp_loss":0,"event_name":"Mysterious Sphere","floor":39,"gold_loss":0},{"damage_healed":0,"gold_gain":0,"player_choice":"Memory 1","damage_taken":0,"max_hp_gain":0,"max_hp_loss":0,"event_name":"SensoryStone","floor":41,"gold_loss":0},{"damage_healed":0,"gold_gain":0,"player_choice":"Fight","damage_taken":0,"max_hp_gain":0,"max_hp_loss":0,"event_name":"MindBloom","floor":45,"gold_loss":0},{"damage_healed":0,"gold_gain":0,"player_choice":"Gave Potion","damage_taken":0,"relics_obtained":["Frozen Egg 2"],"max_hp_gain":0,"max_hp_loss":0,"event_name":"WeMeetAgain","floor":48,"gold_loss":0}],"is_beta":false,"boss_relics":[{"not_picked":["Coffee Dripper","Black Star"],"picked":"Orrery"},{"not_picked":["Runic Pyramid","Astrolabe"],"picked":"Cursed Key"}],"items_purged_floors":[20,36],"is_endless":false,"potions_floor_spawned":[1,2,6,13,16,19,24,31,33,37,46],"killed_by":"Donu and Deca","ascension_level":0}