{"gold_per_floor":[113,131,143,157,173,173,186,204,258,258,589,599,664,664,664,664],"floor_reached":16,"playtime":780,"items_purged":[],"score":106,"play_id":"4c155023-c032-4276-a4a3-ca6c6b50a843","local_time":"20190818123532","is_ascension_mode":false,"campfire_choices":[{"data":"Tempest","floor":6,"key":"SMITH"},{"floor":10,"key":"REST"},{"floor":15,"key":"REST"}],"neow_cost":"NONE","seed_source_timestamp":223955183783613,"circlet_count":0,"master_deck":["Strike_B","Strike_B","Strike_B","Strike_B","Defend_B","Defend_B","Defend_B","Defend_B","Zap","Dualcast","Conserve Battery","Tempest+1","Storm","Leap","Redo","Ball Lightning","Skim","White Noise","Melter","Hologram"],"relics":["Cracked Core","Bag of Marbles","Old Coin","Pocketwatch","Gremlin Horn"],"potions_floor_usage":[13,16],"damage_taken":[{"damage":2,"enemies":"Small Slimes","floor":1,"turns":3},{"damage":4,"enemies":"Jaw Worm","floor":2,"turns":3},{"damage":1,"enemies":"Cultist","floor":3,"turns":4},{"damage":10,"enemies":"Exordium Thugs","floor":4,"turns":6},{"damage":3,"enemies":"2 Fungi Beasts","floor":5,"turns":3},{"damage":3,"enemies":"Looter","floor":7,"turns":2},{"damage":15,"enemies":"Exordium Wildlife","floor":8,"turns":3},{"damage":21,"enemies":"Lagavulin","floor":11,"turns":6},{"damage":0,"enemies":"2 Fungi Beasts","floor":12,"turns":2},{"damage":9,"enemies":"3 Sentries","floor":13,"turns":4},{"damage":50,"enemies":"Slime Boss","floor":16,"turns":8}],"seed_played":"3619862533583967588","potions_obtained":[{"floor":1,"key":"Poison Potion"},{"floor":2,"key":"FairyPotion"},{"floor":4,"key":"Dexterity Potion"},{"floor":8,"key":"Block Potion"},{"floor":13,"key":"SkillPotion"}],"is_trial":false,"path_per_floor":["M","M","M","M","M","R","M","M","T","R","E","M","?","?","R","B"],"character_chosen":"DEFECT","items_purchased":[],"campfire_rested":2,"item_purchase_floors":[],"current_hp_per_floor":[73,69,68,58,55,55,52,37,37,59,38,38,29,17,39,0],"gold":664,"neow_bonus":"THREE_CARDS","is_prod":false,"is_daily":false,"chose_seed":false,"campfire_upgraded":1,"win_rate":0,"timestamp":1566120932,"path_taken":["M","M","M","M","M","R","M","M","T","R","E","M","?","?","R","BOSS"],"build_version":"2019-07-17","purchased_purges":0,"victory":false,"max_hp_per_floor":[75,75,75,75,75,75,75,75,75,75,75,75,75,75,75,75],"card_choices":[{"not_picked":["BootSequence","Leap"],"picked":"Conserve Battery","floor":0},{"not_picked":["Blizzard","Skim"],"picked":"Tempest","floor":1},{"not_picked":["Recycle","Leap"],"picked":"Storm","floor":2},{"not_picked":["Gash","Redo"],"picked":"Leap","floor":3},{"not_picked":["Turbo","Hologram"],"picked":"Redo","floor":4},{"not_picked":["Amplify","Leap"],"picked":"Ball Lightning","floor":5},{"not_picked":["Coolheaded","Streamline"],"picked":"Skim","floor":7},{"not_picked":["Cold Snap","Beam Cell"],"picked":"White Noise","floor":8},{"not_picked":["Turbo","Conserve Battery"],"picked":"Melter","floor":11},{"not_picked":["Stack","Cold Snap","Turbo"],"picked":"SKIP","floor":12},{"not_picked":["Beam Cell","Cold Snap"],"picked":"Hologram","floor":13}],"player_experience":70456,"relics_obtained":[{"floor":9,"key":"Bag of Marbles"},{"floor":11,"key":"Old Coin"},{"floor":13,"key":"Pocketwatch"}],"event_choices":[{"damage_healed":0,"gold_gain":30,"player_choice":"Searched \u00273\u0027 times","damage_taken":0,"max_hp_gain":0,"max_hp_loss":0,"event_name":"Dead Adventurer","floor":13,"gold_loss":0},{"damage_healed":0,"gold_gain":0,"player_choice":"Success","damage_taken":12,"relics_obtained":["Gremlin Horn"],"max_hp_gain":0,"max_hp_loss":0,"event_name":"Scrap Ooze","floor":14,"gold_loss":0}],"is_beta":false,"boss_relics":[],"items_purged_floors":[],"is_endless":false,"potions_floor_spawned":[1,2,4,8,12,13],"killed_by":"Slime Boss","ascension_level":0}