{"gold_per_floor":[119,42,66,43,43,74,94,112,183,202,202,59,89,105,105,205,205,216,216,216,216,287,319,337,347,392,392,392,392,425,444,444,541,541,559,574,625,10,10,10,30,46,46,46,22,22,34,34,34,34],"floor_reached":51,"playtime":2829,"items_purged":["Strike_G","Strike_G+1"],"score":743,"play_id":"0bfd8a7e-3d6e-4bd7-b54c-b79f7efc4b11","local_time":"20190817203802","is_ascension_mode":false,"campfire_choices":[{"data":"Neutralize","floor":11,"key":"SMITH"},{"data":"Infinite Blades","floor":15,"key":"SMITH"},{"data":"Terror","floor":27,"key":"SMITH"},{"floor":29,"key":"REST"},{"floor":32,"key":"REST"},{"floor":40,"key":"REST"},{"data":"Footwork","floor":44,"key":"SMITH"},{"data":"Catalyst","floor":46,"key":"SMITH"},{"floor":49,"key":"REST"}],"neow_cost":"NONE","seed_source_timestamp":164435248288713,"circlet_count":0,"master_deck":["Strike_G+1","Strike_G+1","Strike_G+1","Defend_G+1","Defend_G+1","Defend_G+1","Defend_G+1","Defend_G+1","Survivor","Neutralize+1","Blade Dance","Footwork+1","PiercingWail","Terror","Cloak And Dagger","Accuracy","Well Laid Plans","Accuracy","Infinite Blades+1","Blade Dance","After Image","Infinite Blades+1","Writhe","Terror+1","Infinite Blades+1","Backflip","Backflip+1","Cloak And Dagger","Envenom+1","Noxious Fumes+1","Catalyst+1","Blur","Blade Dance","Catalyst+1","Envenom+1"],"relics":["Ring of the Serpent","NeowsBlessing","Anchor","Mercury Hourglass","Letter Opener","Sundial","PreservedInsect","Frozen Egg 2","Meat on the Bone","Kunai","Smiling Mask","Calipers","Philosopher\u0027s Stone","Thread and Needle","Vajra","Snake Skull","TwistedFunnel","Shuriken"],"potions_floor_usage":[10,23,30,33,50,50,50],"damage_taken":[{"damage":0,"enemies":"Cultist","floor":1,"turns":1},{"damage":0,"enemies":"Gremlin Nob","floor":6,"turns":1},{"damage":0,"enemies":"Jaw Worm","floor":7,"turns":1},{"damage":0,"enemies":"2 Louse","floor":8,"turns":2},{"damage":0,"enemies":"2 Fungi Beasts","floor":10,"turns":3},{"damage":0,"enemies":"Lagavulin","floor":13,"turns":5},{"damage":0,"enemies":"3 Louse","floor":14,"turns":2},{"damage":27,"enemies":"Hexaghost","floor":16,"turns":6},{"damage":5,"enemies":"3 Byrds","floor":18,"turns":4},{"damage":5,"enemies":"Book of Stabbing","floor":23,"turns":4},{"damage":0,"enemies":"Spheric Guardian","floor":24,"turns":4},{"damage":11,"enemies":"Chosen and Byrds","floor":25,"turns":5},{"damage":35,"enemies":"Slavers","floor":30,"turns":4},{"damage":17,"enemies":"Snake Plant","floor":31,"turns":5},{"damage":10,"enemies":"Collector","floor":33,"turns":8},{"damage":0,"enemies":"Orb Walker","floor":35,"turns":3},{"damage":16,"enemies":"3 Darklings","floor":36,"turns":5},{"damage":20,"enemies":"2 Orb Walkers","floor":37,"turns":4},{"damage":1,"enemies":"Transient","floor":41,"turns":5},{"damage":12,"enemies":"Maw","floor":42,"turns":5},{"damage":6,"enemies":"3 Darklings","floor":47,"turns":4},{"damage":31,"enemies":"Time Eater","floor":50,"turns":9}],"seed_played":"5328468113974963492","potions_obtained":[{"floor":1,"key":"Weak Potion"},{"floor":7,"key":"GamblersBrew"},{"floor":16,"key":"GhostInAJar"},{"floor":24,"key":"Ancient Potion"},{"floor":28,"key":"EssenceOfSteel"},{"floor":28,"key":"Strength Potion"},{"floor":30,"key":"Ancient Potion"},{"floor":37,"key":"Swift Potion"}],"is_trial":false,"path_per_floor":["M","$","T","$","T","E","M","M","T","M","R","$","E","M","R","B",null,"M","?","?","?","T","E","M","M","T","R","?","R","E","M","R","B",null,"M","M","?","$","$","R","M","M","T","R","$","R","M","?","R","B",null],"character_chosen":"THE_SILENT","items_purchased":["Footwork","PiercingWail","Accuracy","Vajra","Snake Skull","TwistedFunnel","Catalyst","Blade Dance"],"campfire_rested":4,"item_purchase_floors":[2,4,12,38,38,38,38,45],"current_hp_per_floor":[70,70,70,70,70,70,70,70,70,70,70,70,70,70,70,43,70,65,65,65,65,65,60,60,49,49,49,49,70,47,42,63,53,70,70,54,46,46,46,67,66,54,54,54,54,54,48,48,69,38],"gold":34,"neow_bonus":"THREE_ENEMY_KILL","is_prod":false,"is_daily":false,"chose_seed":false,"campfire_upgraded":5,"win_rate":0.0,"timestamp":1566063482,"path_taken":["M","$","?","$","?","E","M","M","T","M","R","?","E","?","R","BOSS","M","?","?","?","?","E","M","M","T","R","?","R","E","?","R","BOSS","M","M","?","?","$","R","M","M","T","R","$","R","M","?","R","BOSS"],"build_version":"2019-07-17","purchased_purges":2,"victory":true,"max_hp_per_floor":[70,70,70,70,70,70,70,70,70,70,70,70,70,70,70,70,70,70,70,70,70,70,70,70,70,70,70,70,70,70,70,70,70,70,70,70,70,70,70,70,70,70,70,70,70,70,70,70,70,70],"card_choices":[{"not_picked":["Prepared","Sucker Punch"],"picked":"Blade Dance","floor":1},{"not_picked":["Die Die Die","Dagger Spray"],"picked":"Terror","floor":6},{"not_picked":["Poisoned Stab","Outmaneuver"],"picked":"Cloak And Dagger","floor":7},{"not_picked":["Caltrops","Deadly Poison"],"picked":"Accuracy","floor":8},{"not_picked":["Blur","Tactician"],"picked":"Well Laid Plans","floor":10},{"not_picked":["Predator","Blade Dance"],"picked":"Infinite Blades","floor":13},{"not_picked":["Escape Plan","Poisoned Stab"],"picked":"Blade Dance","floor":14},{"not_picked":["Corpse Explosion","Phantasmal Killer"],"picked":"After Image","floor":16},{"not_picked":["Backflip","Slice"],"picked":"Infinite Blades+1","floor":18},{"not_picked":["Dash+1","Quick Slash"],"picked":"Terror","floor":23},{"not_picked":["Underhanded Strike","Poisoned Stab"],"picked":"Infinite Blades+1","floor":24},{"not_picked":["Prepared","Caltrops+1"],"picked":"Backflip","floor":25},{"not_picked":["Dodge and Roll","PiercingWail"],"picked":"Backflip+1","floor":30},{"not_picked":["Bouncing Flask","Masterful Stab"],"picked":"Cloak And Dagger","floor":31},{"not_picked":["Unload","Phantasmal Killer"],"picked":"Envenom+1","floor":33},{"not_picked":["Quick Slash","Sucker Punch","Outmaneuver"],"picked":"SKIP","floor":35},{"not_picked":["Dagger Spray","Sucker Punch+1","Infinite Blades+1"],"picked":"SKIP","floor":36},{"not_picked":["Slice","Dagger Spray+1"],"picked":"Noxious Fumes+1","floor":37},{"not_picked":["Outmaneuver","Escape Plan+1","Calculated Gamble+1"],"picked":"SKIP","floor":41},{"not_picked":["Poisoned Stab+1","Slice"],"picked":"Blur","floor":42},{"not_picked":["Underhanded Strike","Choke+1"],"picked":"Catalyst+1","floor":47}],"player_experience":58434,"relics_obtained":[{"floor":3,"key":"Anchor"},{"floor":5,"key":"Mercury Hourglass"},{"floor":6,"key":"Letter Opener"},{"floor":9,"key":"Sundial"},{"floor":13,"key":"PreservedInsect"},{"floor":22,"key":"Meat on the Bone"},{"floor":23,"key":"Kunai"},{"floor":26,"key":"Smiling Mask"},{"floor":30,"key":"Calipers"},{"floor":37,"key":"Thread and Needle"},{"floor":43,"key":"Shuriken"}],"event_choices":[{"damage_healed":0,"gold_gain":0,"player_choice":"Opened","damage_taken":0,"relics_obtained":["Frozen Egg 2"],"max_hp_gain":0,"max_hp_loss":0,"event_name":"The Mausoleum","floor":19,"gold_loss":0,"cards_obtained":["Writhe"]},{"damage_healed":0,"gold_gain":0,"player_choice":"Ignored","damage_taken":0,"max_hp_gain":0,"max_hp_loss":0,"event_name":"Vampires","floor":20,"gold_loss":0},{"damage_healed":0,"gold_gain":0,"player_choice":"Simplicity","damage_taken":0,"max_hp_gain":0,"max_hp_loss":0,"event_name":"Back to Basics","floor":21,"gold_loss":0,"cards_upgraded":["Strike_G","Strike_G","Strike_G","Strike_G","Defend_G","Defend_G","Defend_G","Defend_G","Defend_G"]},{"damage_healed":0,"gold_gain":0,"player_choice":"Got Potions","damage_taken":0,"max_hp_gain":0,"max_hp_loss":0,"event_name":"Lab","floor":28,"gold_loss":0},{"damage_healed":0,"gold_gain":0,"player_choice":"Fight","damage_taken":0,"max_hp_gain":0,"max_hp_loss":0,"event_name":"Mysterious Sphere","floor":37,"gold_loss":0},{"damage_healed":0,"gold_gain":0,"player_choice":"Copied","damage_taken":0,"max_hp_gain":0,"max_hp_loss":0,"event_name":"Duplicator","floor":48,"gold_loss":0,"cards_obtained":["Envenom"]}],"is_beta":false,"boss_relics":[{"not_picked":["Calling Bell","Runic Pyramid"],"picked":"Ring of the Serpent"},{"not_picked":["Tiny House","White Beast Statue"],"picked":"Philosopher\u0027s Stone"}],"items_purged_floors":[12,38],"is_endless":false,"potions_floor_spawned":[1,7,16,24,30,37,42,47],"ascension_level":0}