{"gold_per_floor":[118,118,138,148,164,193,204,379,379,411,411,425,486,506,506,609,609,625,282,282,298,346,9,9,23,46,46,57,74,74,94,94,197,197,217,317,317,332,346,346,363,363,386,400,416,161,161,161,161,161],"floor_reached":50,"playtime":4259,"items_purged":["Strike_G","Strike_G","Strike_G"],"score":533,"play_id":"c62f1f14-ae11-4dd6-a72e-dd72c0489a35","local_time":"20190817193545","is_ascension_mode":false,"campfire_choices":[{"data":"Neutralize","floor":11,"key":"SMITH"},{"floor":15,"key":"REST"},{"floor":30,"key":"REST"},{"data":"After Image","floor":32,"key":"SMITH"},{"data":"Envenom","floor":40,"key":"SMITH"},{"data":"Footwork","floor":47,"key":"SMITH"},{"data":"Noxious Fumes","floor":49,"key":"SMITH"}],"neow_cost":"NONE","seed_source_timestamp":159286173292460,"circlet_count":0,"master_deck":["Strike_G","Strike_G+1","Defend_G+1","Defend_G","Defend_G","Defend_G","Defend_G+1","Survivor","Neutralize+1","Deadly Poison+1","Footwork","Blur","Crippling Poison","Poisoned Stab","Doubt","Backflip","Bane","Envenom+1","Deflect","Caltrops","Backflip","Poisoned Stab+1","Noxious Fumes","Heel Hook","Bandage Up","PiercingWail","Noxious Fumes+1","Backstab","After Image+1","After Image+1","Choke","Heel Hook","Acrobatics","Caltrops","Escape Plan","Footwork+1","Crippling Poison","Bandage Up"],"relics":["Ring of the Snake","FossilizedHelix","Nunchaku","Mummified Hand","Torii","White Beast Statue","Bag of Preparation","War Paint","Dream Catcher","Eternal Feather","StoneCalendar","Omamori","Smiling Mask"],"potions_floor_usage":[6,6,10,16,18,18,28,29,29,33,33,33,35,36,36,44,45,50,50],"damage_taken":[{"damage":0,"enemies":"Jaw Worm","floor":1,"turns":5},{"damage":0,"enemies":"2 Louse","floor":3,"turns":3},{"damage":0,"enemies":"Small Slimes","floor":4,"turns":4},{"damage":12,"enemies":"Exordium Thugs","floor":5,"turns":7},{"damage":4,"enemies":"Gremlin Nob","floor":6,"turns":5},{"damage":0,"enemies":"Red Slaver","floor":7,"turns":4},{"damage":6,"enemies":"3 Sentries","floor":10,"turns":11},{"damage":0,"enemies":"Exordium Wildlife","floor":12,"turns":3},{"damage":23,"enemies":"3 Sentries","floor":13,"turns":9},{"damage":1,"enemies":"Large Slime","floor":14,"turns":6},{"damage":10,"enemies":"The Guardian","floor":16,"turns":11},{"damage":13,"enemies":"2 Thieves","floor":18,"turns":5},{"damage":25,"enemies":"Spheric Guardian","floor":21,"turns":6},{"damage":0,"enemies":"3 Cultists","floor":25,"turns":5},{"damage":1,"enemies":"Snake Plant","floor":28,"turns":4},{"damage":14,"enemies":"Shelled Parasite and Fungi","floor":29,"turns":8},{"damage":6,"enemies":"Centurion and Healer","floor":31,"turns":5},{"damage":23,"enemies":"Automaton","floor":33,"turns":9},{"damage":0,"enemies":"Orb Walker","floor":35,"turns":4},{"damage":0,"enemies":"Mind Bloom Boss Battle","floor":36,"turns":8},{"damage":0,"enemies":"3 Shapes","floor":38,"turns":6},{"damage":1,"enemies":"Maw","floor":39,"turns":8},{"damage":48,"enemies":"Transient","floor":41,"turns":5},{"damage":0,"enemies":"4 Shapes","floor":44,"turns":7},{"damage":0,"enemies":"Jaw Worm Horde","floor":45,"turns":6},{"damage":91,"enemies":"Awakened One","floor":50,"turns":13}],"seed_played":"-563170789683314816","potions_obtained":[{"floor":4,"key":"Block Potion"},{"floor":5,"key":"Fire Potion"},{"floor":7,"key":"Block Potion"},{"floor":10,"key":"Swift Potion"},{"floor":14,"key":"Block Potion"},{"floor":16,"key":"Poison Potion"},{"floor":18,"key":"Strength Potion"},{"floor":21,"key":"Dexterity Potion"},{"floor":25,"key":"SpeedPotion"},{"floor":28,"key":"SpeedPotion"},{"floor":29,"key":"LiquidBronze"},{"floor":31,"key":"Weak Potion"},{"floor":33,"key":"AttackPotion"},{"floor":35,"key":"Swift Potion"},{"floor":36,"key":"Fruit Juice"},{"floor":38,"key":"SpeedPotion"},{"floor":39,"key":"Regen Potion"},{"floor":41,"key":"Strength Potion"},{"floor":44,"key":"GhostInAJar"},{"floor":45,"key":"FearPotion"}],"is_trial":false,"path_per_floor":["M","?","M","M","M","E","M","?","T","E","R","M","?","M","R","B",null,"M","$","?","M","T","$","?","M","T","$","M","M","R","M","R","B",null,"M","?","?","M","M","R","M","?","T","M","M","$","R","?","R","B"],"character_chosen":"THE_SILENT","items_purchased":["Bag of Preparation","Caltrops","Backflip","Noxious Fumes","Heel Hook","Bandage Up","Footwork","Crippling Poison","Bandage Up"],"campfire_rested":2,"item_purchase_floors":[19,19,19,23,23,23,46,46,46],"current_hp_per_floor":[77,62,62,62,50,46,46,46,46,40,40,40,17,16,39,29,77,64,64,64,39,39,39,32,36,36,36,39,29,52,50,50,31,77,77,82,82,82,81,82,34,34,34,53,57,57,78,78,82,0],"gold":161,"neow_bonus":"TEN_PERCENT_HP_BONUS","is_prod":false,"is_daily":false,"chose_seed":false,"campfire_upgraded":5,"win_rate":0.0,"timestamp":1566059745,"path_taken":["M","?","M","M","M","E","M","?","T","E","R","M","?","M","R","BOSS","M","$","?","?","?","?","?","M","T","$","M","?","R","M","R","BOSS","M","?","?","M","M","R","?","?","T","?","M","$","R","?","R","BOSS"],"build_version":"2019-07-17","purchased_purges":3,"victory":false,"max_hp_per_floor":[77,77,77,77,77,77,77,77,77,77,77,77,77,77,77,77,77,77,77,77,77,77,77,77,77,77,77,77,77,77,77,77,77,77,77,82,82,82,82,82,82,82,82,82,82,82,82,82,82,82],"card_choices":[{"not_picked":["Slice","Backflip"],"picked":"Deadly Poison","floor":1},{"not_picked":["Prepared","Backflip"],"picked":"Footwork","floor":3},{"not_picked":["Prepared","Sucker Punch"],"picked":"Blur","floor":4},{"not_picked":["Flechettes","Slice"],"picked":"Crippling Poison","floor":5},{"not_picked":["Underhanded Strike","Quick Slash"],"picked":"Poisoned Stab","floor":6},{"not_picked":["Blur","Escape Plan"],"picked":"Bane","floor":7},{"not_picked":["Doppelganger","Deflect"],"picked":"Backflip","floor":10},{"not_picked":["Reflex","Slice","Blade Dance"],"picked":"SKIP","floor":12},{"not_picked":["Blur","Blade Dance"],"picked":"Bane","floor":13},{"not_picked":["Dagger Throw","Flying Knee","Blade Dance"],"picked":"SKIP","floor":14},{"not_picked":["Unload","Burst"],"picked":"Envenom","floor":16},{"not_picked":["Quick Slash","Underhanded Strike"],"picked":"Deflect","floor":18},{"not_picked":["Acrobatics+1","Prepared"],"picked":"Poisoned Stab+1","floor":21},{"not_picked":["All Out Attack","Quick Slash","Outmaneuver"],"picked":"SKIP","floor":25},{"not_picked":["Underhanded Strike","Deflect"],"picked":"PiercingWail","floor":28},{"not_picked":["Quick Slash","Blade Dance"],"picked":"Noxious Fumes","floor":29},{"not_picked":["All Out Attack","Underhanded Strike"],"picked":"Backstab","floor":30},{"not_picked":["Dodge and Roll","Finisher"],"picked":"After Image","floor":31},{"not_picked":["Glass Knife","Wraith Form v2"],"picked":"After Image","floor":33},{"not_picked":["Dodge and Roll","Flying Knee"],"picked":"Choke","floor":35},{"not_picked":["Blade Dance","Skewer+1"],"picked":"PiercingWail+1","floor":36},{"not_picked":["Slice+1","Deflect","Underhanded Strike+1"],"picked":"SKIP","floor":38},{"not_picked":["Deflect+1","Dagger Throw"],"picked":"Heel Hook","floor":39},{"not_picked":["Dagger Spray+1","Venomology"],"picked":"Acrobatics","floor":41},{"not_picked":["Dagger Throw+1","Acrobatics"],"picked":"Caltrops","floor":44},{"not_picked":["Bane+1","Flying Knee"],"picked":"Escape Plan","floor":45}],"player_experience":53555,"relics_obtained":[{"floor":6,"key":"FossilizedHelix"},{"floor":9,"key":"Nunchaku"},{"floor":10,"key":"Mummified Hand"},{"floor":13,"key":"Torii"},{"floor":22,"key":"War Paint"},{"floor":26,"key":"Dream Catcher"},{"floor":36,"key":"StoneCalendar"},{"floor":43,"key":"Smiling Mask"}],"event_choices":[{"damage_healed":0,"gold_gain":0,"player_choice":"Entered Light","damage_taken":15,"max_hp_gain":0,"max_hp_loss":0,"event_name":"Shining Light","floor":2,"gold_loss":0,"cards_upgraded":["Deadly Poison","Strike_G"]},{"damage_healed":0,"gold_gain":175,"player_choice":"AGREE","damage_taken":0,"max_hp_gain":0,"max_hp_loss":0,"event_name":"Liars Game","floor":8,"gold_loss":0,"cards_obtained":["Doubt"]},{"damage_healed":0,"gold_gain":30,"player_choice":"Searched \u00272\u0027 times","damage_taken":0,"max_hp_gain":0,"max_hp_loss":0,"event_name":"Dead Adventurer","floor":13,"gold_loss":0},{"damage_healed":0,"gold_gain":0,"player_choice":"Bought 0 Potions","damage_taken":0,"max_hp_gain":0,"max_hp_loss":0,"event_name":"The Woman in Blue","floor":20,"gold_loss":0},{"damage_healed":0,"gold_gain":0,"player_choice":"Damaged","damage_taken":7,"max_hp_gain":0,"max_hp_loss":0,"event_name":"Wheel of Change","floor":24,"gold_loss":0},{"damage_healed":0,"gold_gain":0,"player_choice":"Fight","damage_taken":0,"max_hp_gain":0,"max_hp_loss":0,"event_name":"MindBloom","floor":36,"gold_loss":0},{"cards_removed":["Bane"],"damage_healed":0,"gold_gain":0,"player_choice":"Gave Card","damage_taken":0,"relics_obtained":["Omamori"],"max_hp_gain":0,"max_hp_loss":0,"event_name":"WeMeetAgain","floor":37,"gold_loss":0},{"damage_healed":0,"gold_gain":0,"player_choice":"Upgraded","damage_taken":0,"max_hp_gain":0,"max_hp_loss":0,"event_name":"Upgrade Shrine","floor":42,"gold_loss":0,"cards_upgraded":["After Image"]},{"cards_removed":["PiercingWail"],"damage_healed":0,"gold_gain":0,"player_choice":"Removed Skill","damage_taken":0,"max_hp_gain":0,"max_hp_loss":0,"event_name":"Falling","floor":48,"gold_loss":0}],"is_beta":false,"boss_relics":[{"not_picked":["Fusion Hammer","Runic Dome"],"picked":"White Beast Statue"},{"not_picked":["Empty Cage","Philosopher\u0027s Stone"],"picked":"Eternal Feather"}],"items_purged_floors":[19,23,46],"is_endless":false,"potions_floor_spawned":[4,5,7,10,14,16,18,21,25,28,29,31,33,35,36,38,39,41,44,45],"killed_by":"Awakened One","ascension_level":0}