{"gold_per_floor":[118,118,136,148,162,191,191,191],"floor_reached":8,"playtime":1674,"items_purged":[],"score":64,"play_id":"9281c3d0-868e-43ae-beae-83bd03845924","local_time":"20190825210738","is_ascension_mode":true,"campfire_choices":[{"floor":7,"key":"REST"}],"neow_cost":"NONE","seed_source_timestamp":244353440323003,"circlet_count":0,"master_deck":["Strike_G","Strike_G","Strike_G","Strike_G","Defend_G","Defend_G","Defend_G","Defend_G","Defend_G","Survivor","Neutralize","Footwork","Dagger Spray","Acrobatics","Riddle With Holes","PiercingWail","Accuracy"],"relics":["Ring of the Snake","Matryoshka"],"potions_floor_usage":[6,8],"damage_taken":[{"damage":4,"enemies":"Jaw Worm","floor":1,"turns":5},{"damage":3,"enemies":"Cultist","floor":3,"turns":4},{"damage":0,"enemies":"2 Louse","floor":4,"turns":2},{"damage":16,"enemies":"Exordium Thugs","floor":5,"turns":5},{"damage":39,"enemies":"Lagavulin","floor":6,"turns":10},{"damage":32,"enemies":"Gremlin Nob","floor":8,"turns":4}],"seed_played":"-831907511803352115","potions_obtained":[{"floor":1,"key":"Energy Potion"},{"floor":4,"key":"EssenceOfSteel"},{"floor":6,"key":"PowerPotion"}],"is_trial":false,"path_per_floor":["M","?","M","M","M","E","R","E"],"character_chosen":"THE_SILENT","items_purchased":[],"campfire_rested":1,"item_purchase_floors":[],"current_hp_per_floor":[66,66,63,63,47,8,29,0],"gold":191,"neow_bonus":"THREE_CARDS","is_prod":false,"is_daily":false,"chose_seed":false,"campfire_upgraded":0,"win_rate":0,"timestamp":1566756458,"path_taken":["M","?","M","M","M","E","R","E"],"build_version":"2019-07-17","purchased_purges":0,"victory":false,"max_hp_per_floor":[70,70,70,70,70,70,70,70],"card_choices":[{"not_picked":["Expertise","Dagger Spray"],"picked":"Footwork","floor":0},{"not_picked":["Distraction","Crippling Poison"],"picked":"Dagger Spray","floor":1},{"not_picked":["Calculated Gamble","Tactician"],"picked":"Acrobatics","floor":3},{"not_picked":["Acrobatics","Outmaneuver"],"picked":"Riddle With Holes","floor":4},{"not_picked":["Slice","Deflect"],"picked":"PiercingWail","floor":5},{"not_picked":["Deflect","All Out Attack"],"picked":"Accuracy","floor":6}],"player_experience":176509,"relics_obtained":[{"floor":6,"key":"Matryoshka"}],"event_choices":[{"cards_removed":["Strike_G"],"damage_healed":0,"gold_gain":0,"player_choice":"Offered Basic","damage_taken":0,"max_hp_gain":0,"max_hp_loss":0,"event_name":"Bonfire Elementals","floor":2,"gold_loss":0}],"is_beta":false,"boss_relics":[],"items_purged_floors":[],"is_endless":false,"potions_floor_spawned":[1,4,6],"killed_by":"Gremlin Nob","ascension_level":2}