{"gold_per_floor":[118,133,146,146,156,156,173,205],"floor_reached":8,"playtime":600,"items_purged":[],"score":60,"play_id":"a6f7ebf0-8898-4e14-8a4d-efc8c5056ae2","local_time":"20190817194848","is_ascension_mode":false,"campfire_choices":[{"data":"Neutralize","floor":6,"key":"SMITH"}],"neow_cost":"NONE","seed_source_timestamp":163725639647983,"circlet_count":0,"master_deck":["Strike_G","Strike_G","Strike_G","Strike_G","Defend_G","Defend_G","Defend_G","Defend_G","Defend_G","Survivor","Neutralize+1","After Image","Footwork","PiercingWail","PiercingWail","Prepared","Leg Sweep","Blade Dance"],"relics":["Ring of the Snake","Darkstone Periapt","Snake Skull"],"potions_floor_usage":[7,8,8],"damage_taken":[{"damage":2,"enemies":"2 Louse","floor":1,"turns":4},{"damage":1,"enemies":"Jaw Worm","floor":2,"turns":5},{"damage":0,"enemies":"Cultist","floor":3,"turns":6},{"damage":0,"enemies":"Large Slime","floor":5,"turns":11},{"damage":3,"enemies":"Exordium Thugs","floor":7,"turns":10},{"damage":26,"enemies":"Gremlin Nob","floor":8,"turns":7}],"seed_played":"-2889230662649230425","potions_obtained":[{"floor":1,"key":"Explosive Potion"},{"floor":2,"key":"Weak Potion"},{"floor":3,"key":"Poison Potion"},{"floor":8,"key":"SpeedPotion"}],"is_trial":false,"path_per_floor":["M","M","M","?","M","R","M","E"],"character_chosen":"THE_SILENT","items_purchased":[],"campfire_rested":0,"item_purchase_floors":[],"current_hp_per_floor":[68,67,67,64,64,64,61,35],"gold":205,"neow_bonus":"TRANSFORM_CARD","is_prod":false,"is_daily":false,"chose_seed":false,"campfire_upgraded":1,"win_rate":0.0,"timestamp":1566060528,"path_taken":["M","M","M","?","M","R","M","E"],"build_version":"2019-07-17","purchased_purges":0,"victory":false,"max_hp_per_floor":[70,70,70,70,70,70,70,70],"card_choices":[{"not_picked":["Infinite Blades","Outmaneuver"],"picked":"Footwork","floor":1},{"not_picked":["All Out Attack","Dodge and Roll"],"picked":"PiercingWail","floor":2},{"not_picked":["Masterful Stab","Choke"],"picked":"PiercingWail","floor":3},{"not_picked":["Riddle With Holes","Acrobatics"],"picked":"Prepared","floor":5},{"not_picked":["Tactician","Outmaneuver"],"picked":"Leg Sweep","floor":7},{"not_picked":["Sucker Punch","Leg Sweep"],"picked":"Blade Dance","floor":8}],"player_experience":57814,"relics_obtained":[{"floor":8,"key":"Snake Skull"}],"event_choices":[{"damage_healed":0,"gold_gain":0,"player_choice":"Success","damage_taken":3,"relics_obtained":["Darkstone Periapt"],"max_hp_gain":0,"max_hp_loss":0,"event_name":"Scrap Ooze","floor":4,"gold_loss":0}],"is_beta":false,"boss_relics":[],"items_purged_floors":[],"is_endless":false,"potions_floor_spawned":[1,2,3,8],"killed_by":"Gremlin Nob","ascension_level":0}