{"gold_per_floor":[214,120,131,148,167,196,208,240,252,289,317,329,359,243,243,342,342,354,453,131,131,142,142,176,176,203,203,29,44,55,65,65,160,160,178,178,192,212,231,231,243,255,278,297,297,297,147,72,72,72],"floor_reached":51,"playtime":3465,"items_purged":["Strike_B","Strike_B","Clumsy","Doubt"],"score":767,"play_id":"fda4f55e-47b8-4db6-aa23-6231456b7599","local_time":"20190820160109","is_ascension_mode":true,"campfire_choices":[{"data":"Defragment","floor":7,"key":"SMITH"},{"data":"Biased Cognition","floor":12,"key":"SMITH"},{"data":"Electrodynamics","floor":15,"key":"SMITH"},{"data":"White Noise","floor":23,"key":"SMITH"},{"data":"Defragment","floor":27,"key":"SMITH"},{"data":"Double Energy","floor":32,"key":"SMITH"},{"data":"Reboot","floor":40,"key":"SMITH"},{"data":"Seek","floor":46,"key":"SMITH"},{"data":"Loop","floor":49,"key":"SMITH"}],"neow_cost":"NONE","seed_source_timestamp":406400957033293,"circlet_count":0,"master_deck":["Defend_B","Defend_B","Defend_B","Zap","Dualcast","Self Repair","Ball Lightning","Leap","Gash","Electrodynamics+1","Defragment+1","Sweeping Beam","Biased Cognition+1","Sweeping Beam","Reinforced Body","Gash","Reboot+1","Defragment+1","Loop+1","Auto Shields","White Noise+1","Go for the Eyes+1","Turbo+1","Gash","Gash+1","Seek+1","Double Energy+1","Echo Form+1","Barrage+1","Skim+1","Multi-Cast","Hologram+1","Writhe","Force Field"],"relics":["Cracked Core","MawBank","Pantograph","Mummified Hand","Cursed Key","Bag of Preparation","Art of War","Lantern","Empty Cage","Bag of Marbles","Oddly Smooth Stone"],"potions_floor_usage":[6,13,22,22,29,30,33,50,50],"damage_taken":[{"damage":1,"enemies":"Cultist","floor":1,"turns":4},{"damage":0,"enemies":"Small Slimes","floor":3,"turns":3},{"damage":8,"enemies":"Jaw Worm","floor":4,"turns":3},{"damage":6,"enemies":"Exordium Thugs","floor":5,"turns":4},{"damage":17,"enemies":"3 Sentries","floor":6,"turns":4},{"damage":3,"enemies":"Red Slaver","floor":8,"turns":3},{"damage":28,"enemies":"Gremlin Nob","floor":10,"turns":4},{"damage":0,"enemies":"Lots of Slimes","floor":11,"turns":2},{"damage":5,"enemies":"Exordium Thugs","floor":13,"turns":3},{"damage":0,"enemies":"Slime Boss","floor":16,"turns":4},{"damage":5,"enemies":"3 Byrds","floor":18,"turns":2},{"damage":0,"enemies":"2 Thieves","floor":22,"turns":3},{"damage":18,"enemies":"Gremlin Leader","floor":24,"turns":3},{"damage":3,"enemies":"Snecko","floor":29,"turns":3},{"damage":0,"enemies":"Centurion and Healer","floor":30,"turns":2},{"damage":1,"enemies":"Shelled Parasite and Fungi","floor":31,"turns":2},{"damage":22,"enemies":"Champ","floor":33,"turns":9},{"damage":0,"enemies":"3 Shapes","floor":35,"turns":3},{"damage":0,"enemies":"Orb Walker","floor":37,"turns":3},{"damage":0,"enemies":"4 Shapes","floor":38,"turns":3},{"damage":17,"enemies":"Sphere and 2 Shapes","floor":39,"turns":4},{"damage":21,"enemies":"Maw","floor":41,"turns":5},{"damage":11,"enemies":"Spire Growth","floor":42,"turns":3},{"damage":0,"enemies":"4 Shapes","floor":44,"turns":1},{"damage":20,"enemies":"Donu and Deca","floor":50,"turns":6}],"seed_played":"8783992705569211880","potions_obtained":[{"floor":1,"key":"FocusPotion"},{"floor":3,"key":"Explosive Potion"},{"floor":8,"key":"SpeedPotion"},{"floor":11,"key":"SteroidPotion"},{"floor":13,"key":"Energy Potion"},{"floor":18,"key":"GamblersBrew"},{"floor":22,"key":"AttackPotion"},{"floor":24,"key":"Block Potion"},{"floor":35,"key":"Strength Potion"},{"floor":44,"key":"AttackPotion"}],"is_trial":false,"path_per_floor":["M","$","M","M","M","E","R","M","T","E","M","R","M","$","R","B",null,"M","?","$","?","M","R","E","$","T","R","$","M","M","M","R","B",null,"M","?","M","M","M","R","M","M","T","M","T","R","$","$","R","B",null],"character_chosen":"DEFECT","items_purchased":["Ball Lightning","Leap","Gash","Loop","Bag of Preparation","Gash","Force Field"],"campfire_rested":0,"item_purchase_floors":[2,2,14,20,20,28,48],"current_hp_per_floor":[74,74,75,74,75,65,65,69,69,48,48,48,50,50,50,75,75,75,75,75,75,75,75,64,64,64,64,64,68,75,74,74,60,75,75,75,75,75,65,65,51,47,47,54,54,54,54,54,54,62],"gold":72,"neow_bonus":"HUNDRED_GOLD","is_prod":false,"is_daily":false,"chose_seed":false,"campfire_upgraded":9,"win_rate":0,"timestamp":1566306069,"path_taken":["M","$","M","M","M","E","R","M","T","E","M","R","M","?","R","BOSS","M","?","$","?","M","R","E","?","T","R","$","M","M","M","R","BOSS","M","?","M","?","M","R","?","M","T","M","?","R","?","$","R","BOSS"],"build_version":"2019-07-17","purchased_purges":4,"victory":true,"max_hp_per_floor":[75,75,75,75,75,75,75,75,75,75,75,75,75,75,75,75,75,75,75,75,75,75,75,75,75,75,75,75,75,75,75,75,75,75,75,75,75,75,75,75,75,75,75,75,75,75,75,75,75,75],"card_choices":[{"not_picked":["Streamline","Conserve Battery"],"picked":"Self Repair","floor":1},{"not_picked":["Conserve Battery","Tempest"],"picked":"Gash","floor":3},{"not_picked":["Leap","Cold Snap"],"picked":"Streamline","floor":4},{"not_picked":["Steam","Turbo"],"picked":"Electrodynamics","floor":5},{"not_picked":["Static Discharge","Barrage"],"picked":"Defragment","floor":6},{"not_picked":["Coolheaded","FTL"],"picked":"Sweeping Beam","floor":8},{"not_picked":["Loop","Stack"],"picked":"Biased Cognition","floor":10},{"not_picked":["Leap","Conserve Battery"],"picked":"Sweeping Beam","floor":11},{"not_picked":["Rebound","Doom and Gloom"],"picked":"Reinforced Body","floor":13},{"not_picked":["Hyperbeam","Rainbow"],"picked":"Reboot","floor":16},{"not_picked":["Barrage","Turbo+1"],"picked":"Defragment","floor":18},{"not_picked":["Beam Cell","Conserve Battery+1"],"picked":"Go for the Eyes+1","floor":22},{"not_picked":["Cold Snap","Auto Shields"],"picked":"Turbo+1","floor":24},{"not_picked":["Hologram","Stack"],"picked":"Gash+1","floor":29},{"not_picked":["Coolheaded","Steam"],"picked":"Seek","floor":30},{"not_picked":["Consume","Rebound"],"picked":"Double Energy","floor":31},{"not_picked":["Amplify","All For One"],"picked":"Echo Form","floor":33},{"not_picked":["Redo","Steam"],"picked":"Barrage+1","floor":35},{"not_picked":["Cold Snap","Steam"],"picked":"Skim+1","floor":37},{"not_picked":["Redo","Melter+1"],"picked":"Multi-Cast","floor":38},{"not_picked":["Redo","Auto Shields","Aggregate+1"],"picked":"SKIP","floor":39},{"not_picked":["Streamline","Sweeping Beam+1"],"picked":"Hologram+1","floor":41},{"not_picked":["Barrage+1","FTL+1","Go for the Eyes+1"],"picked":"SKIP","floor":42},{"not_picked":["Go for the Eyes+1","Streamline","Self Repair+1"],"picked":"SKIP","floor":44}],"player_experience":117038,"relics_obtained":[{"floor":6,"key":"MawBank"},{"floor":9,"key":"Pantograph"},{"floor":10,"key":"Mummified Hand"},{"floor":24,"key":"Art of War"},{"floor":26,"key":"Lantern"},{"floor":43,"key":"Bag of Marbles"},{"floor":45,"key":"Oddly Smooth Stone"}],"event_choices":[{"damage_healed":0,"gold_gain":99,"player_choice":"Stole From Cult","damage_taken":0,"max_hp_gain":0,"max_hp_loss":0,"event_name":"Nest","floor":19,"gold_loss":0},{"damage_healed":0,"gold_gain":0,"cards_transformed":["Strike_B","Strike_B"],"player_choice":"Became Test Subject","damage_taken":0,"max_hp_gain":0,"max_hp_loss":0,"event_name":"Drug Dealer","floor":21,"gold_loss":0,"cards_obtained":["Auto Shields","White Noise"]},{"damage_healed":0,"gold_gain":0,"player_choice":"Forge","damage_taken":0,"max_hp_gain":0,"max_hp_loss":0,"event_name":"Accursed Blacksmith","floor":36,"gold_loss":0,"cards_upgraded":["Echo Form"]}],"is_beta":false,"boss_relics":[{"not_picked":["Ectoplasm","FrozenCore"],"picked":"Cursed Key"},{"not_picked":["Calling Bell","Coffee Dripper"],"picked":"Empty Cage"}],"items_purged_floors":[14,20,28,47],"is_endless":false,"potions_floor_spawned":[1,3,8,11,13,18,22,24,35,44],"ascension_level":1}