{"gold_per_floor":[116,191,261,277,58,83,100,50,50,50,62,82,82,97,97,198,198,164,164,37,37,54,54,54],"floor_reached":24,"playtime":1277,"items_purged":["Strike_G"],"score":246,"play_id":"fae91edf-c421-4070-aeed-8e408fa52018","local_time":"20190905151341","is_ascension_mode":false,"campfire_choices":[{"data":"Neutralize","floor":10,"key":"SMITH"},{"data":"Cloak And Dagger","floor":13,"key":"SMITH"},{"data":"Backflip","floor":15,"key":"SMITH"},{"data":"Prepared","floor":23,"key":"SMITH"}],"neow_cost":"NONE","seed_source_timestamp":1957589216063911,"circlet_count":0,"master_deck":["Strike_G","Strike_G","Strike_G","Defend_G","Defend_G","Defend_G","Defend_G","Defend_G","Survivor","Neutralize+1","Predator","Cloak And Dagger+1","Noxious Fumes","Unload","Escape Plan","Backflip+1","Noxious Fumes","Quick Slash","Venomology","Malaise","Blade Dance","Prepared+1","Ghostly","Ghostly","Ghostly","Ghostly","Ghostly","PiercingWail"],"relics":["Ring of the Serpent","NeowsBlessing","Bird Faced Urn","Kunai"],"potions_floor_usage":[16,16,24,24,24],"damage_taken":[{"damage":0,"enemies":"Jaw Worm","floor":1,"turns":1},{"damage":0,"enemies":"Small Slimes","floor":4,"turns":1},{"damage":0,"enemies":"3 Sentries","floor":6,"turns":1},{"damage":0,"enemies":"2 Louse","floor":7,"turns":2},{"damage":15,"enemies":"Lots of Slimes","floor":11,"turns":4},{"damage":5,"enemies":"Looter","floor":12,"turns":3},{"damage":0,"enemies":"Large Slime","floor":14,"turns":5},{"damage":20,"enemies":"Slime Boss","floor":16,"turns":10},{"damage":11,"enemies":"2 Thieves","floor":18,"turns":5},{"damage":11,"enemies":"3 Byrds","floor":22,"turns":7},{"damage":30,"enemies":"Gremlin Leader","floor":24,"turns":6}],"seed_played":"-9142734768803766761","potions_obtained":[{"floor":4,"key":"PowerPotion"},{"floor":12,"key":"PowerPotion"}],"is_trial":false,"path_per_floor":["M","?","?","M","$","E","M","?","T","R","M","M","R","M","R","B",null,"M","?","$","?","M","R","E"],"character_chosen":"THE_SILENT","items_purchased":["Noxious Fumes","Unload","Prepared"],"campfire_rested":0,"item_purchase_floors":[5,5,20],"current_hp_per_floor":[70,59,59,59,59,59,59,59,59,59,46,41,41,43,43,31,70,59,59,59,35,24,24,0],"gold":54,"neow_bonus":"THREE_ENEMY_KILL","is_prod":false,"is_daily":false,"chose_seed":false,"campfire_upgraded":4,"win_rate":0,"timestamp":1567689221,"path_taken":["M","?","?","M","$","E","M","?","T","R","M","M","R","M","R","BOSS","M","?","$","?","M","R","E"],"build_version":"2019-07-17","purchased_purges":1,"victory":false,"max_hp_per_floor":[70,70,70,70,70,70,70,70,70,70,70,70,70,70,70,70,70,70,70,70,35,35,35,35],"card_choices":[{"not_picked":["Outmaneuver","Bane"],"picked":"Predator","floor":1},{"not_picked":["Flying Knee","Deflect"],"picked":"Cloak And Dagger","floor":4},{"not_picked":["Slice","Bane"],"picked":"Escape Plan","floor":6},{"not_picked":["Slice","Masterful Stab"],"picked":"Backflip","floor":7},{"not_picked":["Choke","Skewer"],"picked":"Noxious Fumes","floor":11},{"not_picked":["Noxious Fumes","Underhanded Strike"],"picked":"Quick Slash","floor":12},{"not_picked":["Dagger Throw","Acrobatics"],"picked":"Venomology","floor":14},{"not_picked":["Die Die Die","Envenom"],"picked":"Malaise","floor":16},{"not_picked":["Bouncing Flask+1","PiercingWail"],"picked":"Blade Dance","floor":18},{"not_picked":["Acrobatics","Finisher"],"picked":"PiercingWail","floor":22}],"player_experience":162337,"relics_obtained":[{"floor":6,"key":"Bird Faced Urn"},{"floor":9,"key":"Kunai"}],"event_choices":[{"damage_healed":0,"gold_gain":75,"player_choice":"Gather Gold","damage_taken":11,"max_hp_gain":0,"max_hp_loss":0,"event_name":"World of Goop","floor":2,"gold_loss":0},{"damage_healed":0,"gold_gain":70,"player_choice":"Gained Gold","damage_taken":0,"max_hp_gain":0,"max_hp_loss":0,"event_name":"Golden Wing","floor":3,"gold_loss":0},{"cards_removed":["Strike_G"],"damage_healed":0,"gold_gain":0,"player_choice":"Card Removal","damage_taken":0,"max_hp_gain":0,"max_hp_loss":0,"event_name":"The Cleric","floor":8,"gold_loss":50},{"damage_healed":0,"gold_gain":0,"player_choice":"Ignored","damage_taken":0,"max_hp_gain":0,"max_hp_loss":0,"event_name":"Vampires","floor":19,"gold_loss":0},{"damage_healed":0,"gold_gain":0,"player_choice":"Became a Ghost","damage_taken":0,"max_hp_gain":0,"max_hp_loss":35,"event_name":"Ghosts","floor":21,"gold_loss":0,"cards_obtained":["Ghostly","Ghostly","Ghostly","Ghostly","Ghostly"]}],"is_beta":false,"boss_relics":[{"not_picked":["Tiny House","White Beast Statue"],"picked":"Ring of the Serpent"}],"items_purged_floors":[20],"is_endless":false,"potions_floor_spawned":[4,12],"killed_by":"Gremlin Leader","ascension_level":0}