{"gold_per_floor":[109,34,44,44,44,77,77,105,128,138,5,5,5,40,40,116,116,133,33,33,33,33,33,45,45,69,101,46,46,81,94,94,94],"floor_reached":33,"playtime":1430,"items_purged":["Parasite","Clumsy"],"score":554,"play_id":"ec786729-93bc-4554-be0f-aed7723c615b","local_time":"20190708122620","is_ascension_mode":true,"campfire_choices":[{"floor":7.0,"key":"REST"},{"data":"Neutralize","floor":13.0,"key":"SMITH"},{"floor":15.0,"key":"REST"},{"data":"Ghostly","floor":23.0,"key":"SMITH"},{"data":"Ghostly","floor":25.0,"key":"SMITH"},{"data":"After Image","floor":29.0,"key":"SMITH"},{"data":"Burst","floor":32.0,"key":"SMITH"}],"neow_cost":"NONE","seed_source_timestamp":317649335840836,"circlet_count":0,"master_deck":["AscendersBane","Survivor","Neutralize+1","Predator","Cloak And Dagger","Leg Sweep","Crippling Poison","Quick Slash","After Image+1","Corpse Explosion","Corpse Explosion","Choke+1","Grand Finale+1","Adrenaline","Prepared","Dash+1","Dagger Spray+1","Burst+1","Venomology","Bouncing Flask","Backflip","Ghostly+1","Ghostly+1","Ghostly+1","Leg Sweep","PiercingWail"],"special_seed":0,"relics":["Calling Bell","PreservedInsect","Letter Opener","Gambling Chip","Happy Flower","Bottled Flame","Pen Nib","Molten Egg 2","Pandora\u0027s Box","Boot","Red Mask","Tiny Chest","Darkstone Periapt"],"potions_floor_usage":[33,33,33],"damage_taken":[{"damage":1.0,"enemies":"Small Slimes","floor":1.0,"turns":4.0},{"damage":0.0,"enemies":"2 Louse","floor":3.0,"turns":3.0},{"damage":32.0,"enemies":"3 Sentries","floor":6.0,"turns":10.0},{"damage":8.0,"enemies":"Gremlin Nob","floor":8.0,"turns":4.0},{"damage":0.0,"enemies":"Cultist","floor":10.0,"turns":4.0},{"damage":14.0,"enemies":"3 Sentries","floor":14.0,"turns":9.0},{"damage":13.0,"enemies":"The Guardian","floor":16.0,"turns":16.0},{"damage":4.0,"enemies":"Spheric Guardian","floor":18.0,"turns":5.0},{"damage":0.0,"enemies":"3 Byrds","floor":24.0,"turns":3.0},{"damage":4.0,"enemies":"Masked Bandits","floor":27.0,"turns":3.0},{"damage":16.0,"enemies":"Book of Stabbing","floor":30.0,"turns":5.0},{"damage":0.0,"enemies":"Snake Plant","floor":31.0,"turns":4.0},{"damage":45,"enemies":"Automaton","floor":33,"turns":12}],"seed_played":"3866734056188231045","potions_obtained":[{"floor":3.0,"key":"SpeedPotion"},{"floor":8.0,"key":"LiquidBronze"},{"floor":16.0,"key":"Ancient Potion"},{"floor":24.0,"key":"Fire Potion"},{"floor":27.0,"key":"Fire Potion"}],"is_trial":false,"path_per_floor":["M","?","M","$","?","E","R","E","T","M","$","?","R","E","R","B",null,"M","$","?","?","?","R","M","R","T","?","?","R","E","M","R","B"],"character_chosen":"THE_SILENT","items_purchased":["Quick Slash"],"campfire_rested":2,"item_purchase_floors":[11],"current_hp_per_floor":[58,58,58,58,38,6,25,17,17,17,17,17,17,3,21,8,49,45,45,45,31,31,31,31,31,31,27,27,27,11,11,11,0],"gold":94,"neow_bonus":"BOSS_RELIC","is_prod":false,"is_daily":false,"chose_seed":false,"campfire_upgraded":5,"win_rate":0,"timestamp":1562603180,"path_taken":["M","?","M","$","?","E","R","E","T","M","$","?","R","E","R","BOSS","M","$","?","?","?","R","?","R","T","?","?","R","E","M","R","BOSS"],"build_version":"2019-07-03","purchased_purges":2,"victory":false,"max_hp_per_floor":[66,66,66,66,66,66,66,66,66,66,63,63,63,63,63,63,63,63,63,63,31,31,31,31,31,31,31,31,31,31,31,31,31],"card_choices":[{"not_picked":["Concentrate","Tactician"],"picked":"Predator","floor":1.0},{"not_picked":["Heel Hook","Flechettes","Deflect"],"picked":"SKIP","floor":3.0},{"not_picked":["Dagger Throw","Flechettes"],"picked":"Cloak And Dagger","floor":6.0},{"not_picked":["Reflex","Envenom"],"picked":"Leg Sweep","floor":8.0},{"not_picked":["Infinite Blades","Flying Knee"],"picked":"Crippling Poison","floor":10.0},{"not_picked":["Dodge and Roll","Bane","Prepared"],"picked":"SKIP","floor":14.0},{"not_picked":["A Thousand Cuts","Wraith Form v2"],"picked":"After Image","floor":16.0},{"not_picked":["Outmaneuver","Cloak And Dagger"],"picked":"Bouncing Flask","floor":18.0},{"not_picked":["Choke+1","Infinite Blades"],"picked":"Leg Sweep","floor":24.0},{"not_picked":["Backflip","Prepared"],"picked":"PiercingWail","floor":30.0},{"not_picked":["Prepared","Cloak And Dagger","Acrobatics"],"picked":"SKIP","floor":31.0}],"player_experience":993563,"relics_obtained":[{"floor":0.0,"key":"PreservedInsect"},{"floor":0.0,"key":"Letter Opener"},{"floor":0.0,"key":"Gambling Chip"},{"floor":6.0,"key":"Happy Flower"},{"floor":8.0,"key":"Bottled Flame"},{"floor":9.0,"key":"Pen Nib"},{"floor":14.0,"key":"Molten Egg 2"},{"floor":26.0,"key":"Boot"},{"floor":27.0,"key":"Red Mask"},{"floor":30.0,"key":"Darkstone Periapt"}],"event_choices":[{"cards_removed":["Injury"],"damage_healed":0.0,"max_hp_gain":0.0,"max_hp_loss":0.0,"gold_gain":0.0,"event_name":"The Cleric","player_choice":"Card Removal","floor":2.0,"gold_loss":75.0,"damage_taken":0.0},{"damage_healed":0.0,"max_hp_gain":0.0,"max_hp_loss":0.0,"gold_gain":0.0,"event_name":"Shining Light","player_choice":"Entered Light","floor":5.0,"gold_loss":0.0,"damage_taken":20.0,"cards_upgraded":["Defend_G","Strike_G"]},{"damage_healed":0.0,"max_hp_gain":0.0,"max_hp_loss":0.0,"gold_gain":0.0,"event_name":"Liars Game","player_choice":"Ignored","floor":12.0,"gold_loss":0.0,"damage_taken":0.0},{"damage_healed":0.0,"max_hp_gain":0.0,"max_hp_loss":0.0,"gold_gain":0.0,"event_name":"The Library","player_choice":"Read","floor":20.0,"gold_loss":0.0,"damage_taken":0.0,"cards_obtained":["Backflip"]},{"damage_healed":0.0,"max_hp_gain":0.0,"max_hp_loss":32.0,"gold_gain":0.0,"event_name":"Ghosts","player_choice":"Became a Ghost","floor":21.0,"gold_loss":0.0,"damage_taken":0.0,"cards_obtained":["Ghostly","Ghostly","Ghostly"]},{"damage_healed":0.0,"max_hp_gain":0.0,"max_hp_loss":0.0,"gold_gain":0.0,"event_name":"Upgrade Shrine","player_choice":"Upgraded","floor":22.0,"gold_loss":0.0,"damage_taken":0.0,"cards_upgraded":["Ghostly"]},{"damage_healed":0.0,"max_hp_gain":0.0,"max_hp_loss":0.0,"gold_gain":0.0,"event_name":"Masked Bandits","player_choice":"Fought Bandits","floor":27.0,"gold_loss":0.0,"damage_taken":0.0},{"damage_healed":0.0,"max_hp_gain":0.0,"max_hp_loss":0.0,"gold_gain":0.0,"event_name":"Addict","player_choice":"Obtained Relic","floor":28.0,"gold_loss":85.0,"damage_taken":0.0,"relics_obtained":["Tiny Chest"]}],"is_beta":true,"boss_relics":[{"not_picked":["Empty Cage","Sozu"],"picked":"Pandora\u0027s Box"}],"items_purged_floors":[11,19],"is_endless":false,"potions_floor_spawned":[3,8,16,24,27,31],"killed_by":"Automaton","ascension_level":20}