{"gold_per_floor":[118,130,141,141,141,141,161,199,223,236,277,277,227,248,248,369,369,385,385,401,417,442,473,486,509,509,509,529,529,6,29,29,153,216,235,360,383,283,302,302,302,342,342,363,91,105,105,105,105,105,105,105,105,105],"floor_reached":54,"playtime":4040,"items_purged":["Normality","Strike_B","Injury"],"score":789,"play_id":"91bbce37-6e4c-4534-939d-9d06eac45a12","local_time":"20190904222610","is_ascension_mode":true,"campfire_choices":[{"data":"Zap","floor":6,"key":"SMITH"},{"data":"White Noise","floor":12,"key":"SMITH"},{"floor":15,"key":"REST"},{"data":"Amplify","floor":27,"key":"SMITH"},{"data":"Defragment","floor":29,"key":"SMITH"},{"data":"Defragment","floor":32,"key":"SMITH"},{"floor":40,"key":"RECALL"},{"floor":49,"key":"REST"},{"data":"Capacitor","floor":52,"key":"SMITH"}],"neow_cost":"NONE","seed_source_timestamp":1110699079396101,"circlet_count":0,"master_deck":["Strike_B+1","Strike_B+1","Defend_B","Defend_B+1","Defend_B","Defend_B","Zap+1","Dualcast","Beam Cell","Leap","Consume","Conserve Battery","Cold Snap","White Noise+1","Coolheaded","Glacier","Amplify+1","Streamline","White Noise+1","Ball Lightning+1","Melter","Defragment+1","Defragment+1","Core Surge","Capacitor+1","Blizzard+1","Blizzard","Loop+1","Writhe","Shame"],"relics":["Cracked Core","Oddly Smooth Stone","Golden Idol","Bag of Marbles","Orichalcum","Whetstone","Cursed Key","Pen Nib","Letter Opener","Mummified Hand","ClockworkSouvenir","Tiny House","Mango","GremlinMask","Frozen Egg 2","Toxic Egg 2"],"potions_floor_usage":[8,8,11,25,25],"damage_taken":[{"damage":0,"enemies":"Cultist","floor":1,"turns":4},{"damage":1,"enemies":"2 Louse","floor":2,"turns":2},{"damage":4,"enemies":"Small Slimes","floor":3,"turns":2},{"damage":0,"enemies":"Exordium Wildlife","floor":7,"turns":2},{"damage":10,"enemies":"Gremlin Nob","floor":8,"turns":4},{"damage":12,"enemies":"Gremlin Gang","floor":10,"turns":5},{"damage":12,"enemies":"3 Sentries","floor":11,"turns":7},{"damage":2,"enemies":"Looter","floor":14,"turns":2},{"damage":0,"enemies":"Hexaghost","floor":16,"turns":16},{"damage":0,"enemies":"3 Byrds","floor":18,"turns":8},{"damage":0,"enemies":"Chosen","floor":20,"turns":6},{"damage":0,"enemies":"Snecko","floor":21,"turns":5},{"damage":9,"enemies":"Snake Plant","floor":22,"turns":5},{"damage":24,"enemies":"Gremlin Leader","floor":23,"turns":6},{"damage":2,"enemies":"Centurion and Healer","floor":24,"turns":5},{"damage":0,"enemies":"3 Cultists","floor":25,"turns":5},{"damage":0,"enemies":"Cultist and Chosen","floor":28,"turns":4},{"damage":10,"enemies":"Centurion and Healer","floor":31,"turns":6},{"damage":11,"enemies":"Collector","floor":33,"turns":10},{"damage":11,"enemies":"Orb Walker","floor":35,"turns":3},{"damage":0,"enemies":"Mind Bloom Boss Battle","floor":36,"turns":7},{"damage":3,"enemies":"3 Shapes","floor":37,"turns":3},{"damage":0,"enemies":"Spire Growth","floor":39,"turns":6},{"damage":36,"enemies":"Giant Head","floor":42,"turns":13},{"damage":8,"enemies":"Sphere and 2 Shapes","floor":44,"turns":4},{"damage":22,"enemies":"Transient","floor":46,"turns":5},{"damage":53,"enemies":"Awakened One","floor":50,"turns":19},{"damage":106,"enemies":"Shield and Spear","floor":54,"turns":6}],"seed_played":"-491070106574472623","potions_obtained":[{"floor":3,"key":"SkillPotion"},{"floor":7,"key":"Swift Potion"},{"floor":10,"key":"PowerPotion"},{"floor":14,"key":"Block Potion"},{"floor":18,"key":"FocusPotion"},{"floor":21,"key":"GamblersBrew"},{"floor":25,"key":"Fruit Juice"},{"floor":31,"key":"Dexterity Potion"},{"floor":33,"key":"LiquidBronze"},{"floor":34,"key":"PowerPotion"}],"is_trial":false,"path_per_floor":["M","M","M","?","?","R","M","E","T","M","E","R","?","M","R","B",null,"M","?","M","M","M","E","M","M","T","R","M","R","$","M","R","B",null,"M","?","M","$","M","R","?","E","T","M","$","M","?","T","R","B",null,"R","$","E"],"character_chosen":"DEFECT","items_purchased":["Mummified Hand","ClockworkSouvenir","Blizzard","Loop+1"],"campfire_rested":2,"item_purchase_floors":[30,30,45,45],"current_hp_per_floor":[75,74,70,75,55,55,55,45,45,33,21,21,21,19,43,43,80,80,80,80,80,71,47,45,50,50,50,50,50,50,40,40,29,90,79,93,90,90,90,90,90,54,54,46,46,24,50,50,81,28,104,104,104,0],"gold":105,"neow_bonus":"RANDOM_COMMON_RELIC","is_prod":false,"is_daily":false,"chose_seed":false,"campfire_upgraded":6,"win_rate":0,"timestamp":1567625170,"path_taken":["M","?","M","?","?","R","M","E","T","M","E","R","?","M","R","BOSS","M","?","M","M","?","E","M","M","T","R","M","R","$","M","R","BOSS","M","?","M","?","M","R","?","E","T","M","$","?","?","?","R","BOSS","R","$","E"],"build_version":"2019-07-17","purchased_purges":3,"victory":false,"max_hp_per_floor":[75,75,75,80,80,80,80,80,80,80,80,80,80,80,80,80,80,80,80,80,80,80,80,80,85,85,85,85,85,85,85,85,85,90,90,104,104,104,104,104,104,104,104,104,104,104,104,104,104,104,104,104,104,104],"card_choices":[{"not_picked":["Storm","Tempest"],"picked":"Beam Cell","floor":1},{"not_picked":["Sweeping Beam","Rebound"],"picked":"Leap","floor":2},{"not_picked":["Sweeping Beam","Steam Power"],"picked":"Consume","floor":3},{"not_picked":["Sweeping Beam","Go for the Eyes"],"picked":"Conserve Battery","floor":7},{"not_picked":["Beam Cell","Rebound"],"picked":"Cold Snap","floor":8},{"not_picked":["Sweeping Beam","Meteor Strike"],"picked":"White Noise","floor":10},{"not_picked":["Rebound","Barrage"],"picked":"Coolheaded","floor":11},{"not_picked":["Steam Power","Beam Cell"],"picked":"Glacier","floor":14},{"not_picked":["Electrodynamics","Seek"],"picked":"Amplify","floor":16},{"not_picked":["Hologram","Recycle"],"picked":"Streamline","floor":18},{"not_picked":["Auto Shields","Steam Power+1"],"picked":"Ball Lightning+1","floor":20},{"not_picked":["Stack+1","Conserve Battery"],"picked":"Melter","floor":21},{"not_picked":["Rebound","Coolheaded"],"picked":"Defragment","floor":22},{"not_picked":["Cold Snap","Storm","Rebound"],"picked":"SKIP","floor":23},{"not_picked":["Darkness+1","Chill","Coolheaded"],"picked":"SKIP","floor":24},{"not_picked":["Chaos","Coolheaded","Stack+1"],"picked":"SKIP","floor":25},{"not_picked":["Barrage","Gash+1","Static Discharge"],"picked":"SKIP","floor":28},{"not_picked":["Machine Learning","Compile Driver"],"picked":"Defragment","floor":31},{"not_picked":["All For One","Buffer"],"picked":"Core Surge","floor":33},{"not_picked":["Rebound+1","Rip and Tear+1","Conserve Battery"],"picked":"SKIP","floor":35},{"not_picked":["Compile Driver+1","Steam"],"picked":"Capacitor","floor":36},{"not_picked":["Cold Snap+1","Beam Cell","Sweeping Beam+1"],"picked":"SKIP","floor":37},{"not_picked":["Tempest+1","Sunder","Force Field"],"picked":"SKIP","floor":39},{"not_picked":["Lockon+1","Heatsinks","Sunder"],"picked":"SKIP","floor":42},{"not_picked":["Genetic Algorithm","Lockon"],"picked":"Blizzard+1","floor":44},{"not_picked":["Steam+1","Fusion+1","Scrape"],"picked":"SKIP","floor":46}],"player_experience":266648,"relics_obtained":[{"floor":8,"key":"Bag of Marbles"},{"floor":9,"key":"Orichalcum"},{"floor":11,"key":"Whetstone"},{"floor":23,"key":"Pen Nib"},{"floor":26,"key":"Letter Opener"},{"floor":36,"key":"Mango"},{"floor":42,"key":"Frozen Egg 2"},{"floor":48,"key":"Toxic Egg 2"}],"event_choices":[{"damage_healed":0,"gold_gain":0,"player_choice":"Donut","damage_taken":0,"max_hp_gain":5,"max_hp_loss":0,"event_name":"Big Fish","floor":4,"gold_loss":0},{"damage_healed":0,"gold_gain":0,"player_choice":"Take Damage","damage_taken":20,"relics_obtained":["Golden Idol"],"max_hp_gain":0,"max_hp_loss":0,"event_name":"Golden Idol","floor":5,"gold_loss":0},{"cards_removed":["Strike_B"],"damage_healed":0,"gold_gain":0,"player_choice":"Card Removal","damage_taken":0,"max_hp_gain":0,"max_hp_loss":0,"event_name":"The Cleric","floor":13,"gold_loss":50},{"damage_healed":0,"gold_gain":0,"player_choice":"Copied","damage_taken":0,"max_hp_gain":0,"max_hp_loss":0,"event_name":"Duplicator","floor":19,"gold_loss":0,"cards_obtained":["White Noise"]},{"damage_healed":0,"gold_gain":0,"player_choice":"Fight","damage_taken":0,"max_hp_gain":0,"max_hp_loss":0,"event_name":"MindBloom","floor":36,"gold_loss":0},{"damage_healed":0,"gold_gain":0,"player_choice":"Trade","damage_taken":0,"relics_obtained":["GremlinMask"],"max_hp_gain":0,"max_hp_loss":0,"event_name":"FaceTrader","floor":41,"gold_loss":0},{"damage_healed":26,"gold_gain":0,"player_choice":"Writhe","damage_taken":0,"max_hp_gain":0,"max_hp_loss":0,"event_name":"Winding Halls","floor":47,"gold_loss":0,"cards_obtained":["Writhe"]}],"is_beta":false,"boss_relics":[{"not_picked":["Philosopher\u0027s Stone","Fusion Hammer"],"picked":"Cursed Key"},{"not_picked":["White Beast Statue","Runic Pyramid"],"picked":"Tiny House"}],"items_purged_floors":[30,38,45],"is_endless":false,"potions_floor_spawned":[3,7,10,14,18,21,25,31,33,39,44,46],"killed_by":"Shield and Spear","ascension_level":1}