{"gold_per_floor":[117,267,5,15,30,55,70,70,95,114,134,159,177,212,212,284,284,295,295,29,43,43,43,56,90,90,390,390],"floor_reached":28,"playtime":860,"items_purged":["Doubt","Intimidate"],"score":520,"play_id":"527e9bce-b54e-4c96-bdfa-03acf10fbf30","local_time":"20190713192337","is_ascension_mode":true,"campfire_choices":[{"data":"Immolate","floor":8,"key":"SMITH"},{"data":"Heavy Blade","floor":15,"key":"SMITH"},{"data":"Offering","floor":23,"key":"SMITH"}],"neow_cost":"NONE","seed_source_timestamp":197909969208486,"circlet_count":0,"master_deck":["AscendersBane","Bash","Shrug It Off","Clothesline","Inflame","Cleave","Immolate+1","Shrug It Off","Shrug It Off","Spot Weakness","Metallicize","Heavy Blade+1","Offering+1","Headbutt","Armaments","Flame Barrier","Feel No Pain","Rampage","Seeing Red","Hemokinesis","Juggernaut","Thunderclap","Havoc+1","True Grit","Flame Barrier"],"relics":["Burning Blood","Smiling Mask","Dream Catcher","Strawberry","Omamori","Pandora\u0027s Box","PreservedInsect","Shuriken","Gremlin Horn","Frozen Egg 2","Old Coin"],"potions_floor_usage":[6,11,14,24,24,25],"damage_taken":[{"damage":11,"enemies":"Jaw Worm","floor":1,"turns":5},{"damage":6,"enemies":"2 Louse","floor":4,"turns":3},{"damage":3,"enemies":"Small Slimes","floor":5,"turns":4},{"damage":20,"enemies":"Gremlin Nob","floor":6,"turns":4},{"damage":0,"enemies":"3 Louse","floor":7,"turns":1},{"damage":0,"enemies":"Looter","floor":10,"turns":3},{"damage":8,"enemies":"Exordium Thugs","floor":11,"turns":4},{"damage":15,"enemies":"3 Sentries","floor":12,"turns":3},{"damage":0,"enemies":"2 Fungi Beasts","floor":13,"turns":3},{"damage":37,"enemies":"Lagavulin","floor":14,"turns":7},{"damage":40,"enemies":"The Guardian","floor":16,"turns":12},{"damage":28,"enemies":"Spheric Guardian","floor":18,"turns":6},{"damage":9,"enemies":"Chosen","floor":21,"turns":3},{"damage":18,"enemies":"Snake Plant","floor":24,"turns":4},{"damage":21,"enemies":"Gremlin Leader","floor":25,"turns":4},{"damage":22,"enemies":"Book of Stabbing","floor":28,"turns":2}],"seed_played":"3413112991979997059","potions_obtained":[{"floor":1,"key":"Block Potion"},{"floor":5,"key":"Explosive Potion"},{"floor":7,"key":"Fruit Juice"},{"floor":11,"key":"EssenceOfSteel"},{"floor":21,"key":"SkillPotion"},{"floor":24,"key":"FearPotion"}],"is_trial":false,"path_per_floor":["M","?","$","M","M","E","M","R","T","M","M","E","M","E","R","B",null,"M","?","$","M","?","R","M","E","T","T","E"],"character_chosen":"IRONCLAD","items_purchased":["Shrug It Off","Clothesline","Inflame","PreservedInsect","Thunderclap"],"campfire_rested":0,"item_purchase_floors":[3,3,3,20,20],"current_hp_per_floor":[70,70,70,70,73,59,65,65,65,71,74,72,78,47,47,13,74,52,52,52,49,49,49,37,22,22,22,0],"gold":390,"neow_bonus":"TEN_PERCENT_HP_BONUS","is_prod":false,"is_daily":false,"chose_seed":false,"campfire_upgraded":3,"win_rate":0,"timestamp":1563060217,"path_taken":["M","?","$","M","M","E","M","R","T","M","M","E","M","E","R","BOSS","M","?","$","M","?","R","M","E","T","?","E"],"build_version":"2019-07-10","purchased_purges":2,"victory":false,"max_hp_per_floor":[82,82,82,82,82,82,82,82,82,82,87,94,94,94,94,94,94,94,94,94,94,94,94,94,94,94,94,94],"card_choices":[{"not_picked":["Rupture","Sword Boomerang","Corruption"],"picked":"SKIP","floor":1},{"not_picked":["Clothesline","Flex"],"picked":"Cleave","floor":4},{"not_picked":["Cleave","Wild Strike"],"picked":"Immolate","floor":5},{"not_picked":["Power Through","Evolve"],"picked":"Shrug It Off","floor":6},{"not_picked":["Iron Wave","Headbutt"],"picked":"Shrug It Off","floor":7},{"not_picked":["Clothesline","Evolve"],"picked":"Spot Weakness","floor":10},{"not_picked":["Body Slam","Rage"],"picked":"Metallicize","floor":11},{"not_picked":["Iron Wave","Twin Strike"],"picked":"Heavy Blade","floor":12},{"not_picked":["Twin Strike","Rage","Brutality"],"picked":"SKIP","floor":13},{"not_picked":["Havoc","Sword Boomerang"],"picked":"Offering","floor":14},{"not_picked":["Spot Weakness","Perfected Strike+1","Clothesline"],"picked":"SKIP","floor":18},{"not_picked":["Burning Pact","Headbutt","Havoc+1"],"picked":"SKIP","floor":21},{"not_picked":["Burning Pact","Headbutt"],"picked":"Havoc+1","floor":21},{"not_picked":["Pummel","Dual Wield"],"picked":"True Grit","floor":24},{"not_picked":["Clash","Pommel Strike+1"],"picked":"Flame Barrier","floor":25}],"player_experience":997366,"relics_obtained":[{"floor":6,"key":"Smiling Mask"},{"floor":9,"key":"Dream Catcher"},{"floor":12,"key":"Strawberry"},{"floor":14,"key":"Omamori"},{"floor":25,"key":"Gremlin Horn"},{"floor":26,"key":"Frozen Egg 2"},{"floor":27,"key":"Old Coin"}],"event_choices":[{"damage_healed":0,"gold_gain":150,"player_choice":"AGREE","damage_taken":0,"max_hp_gain":0,"max_hp_loss":0,"event_name":"Liars Game","floor":2,"gold_loss":0,"cards_obtained":["Doubt"]},{"damage_healed":0,"gold_gain":0,"player_choice":"Ignored","damage_taken":0,"max_hp_gain":0,"max_hp_loss":0,"event_name":"Vampires","floor":19,"gold_loss":0},{"damage_healed":0,"gold_gain":0,"player_choice":"Opened","damage_taken":0,"relics_obtained":["Shuriken"],"max_hp_gain":0,"max_hp_loss":0,"event_name":"The Mausoleum","floor":22,"gold_loss":0,"cards_obtained":["Writhe"]}],"is_beta":true,"boss_relics":[{"not_picked":["Eternal Feather","Runic Cube"],"picked":"Pandora\u0027s Box"}],"items_purged_floors":[3,20],"is_endless":false,"potions_floor_spawned":[1,5,7,11,13,21,24],"killed_by":"Book of Stabbing","ascension_level":20}