{"gold_per_floor":[18,28,28,48,59,59,88,88,165,8,26,45,78,78,78,176,176,192,209,220,236,236,236,263,263,263,277,297,297],"floor_reached":29,"playtime":2637,"items_purged":[],"score":392,"play_id":"2af816d6-83a1-4eec-bdd1-b5e11123070b","local_time":"20190820110528","is_ascension_mode":true,"campfire_choices":[{"data":"Neutralize","floor":6,"key":"SMITH"},{"data":"Footwork","floor":8,"key":"SMITH"},{"data":"Footwork","floor":15,"key":"SMITH"},{"data":"Noxious Fumes","floor":23,"key":"SMITH"},{"data":"Caltrops","floor":25,"key":"SMITH"}],"neow_cost":"NO_GOLD","seed_source_timestamp":389500739533949,"circlet_count":0,"master_deck":["Strike_G","Strike_G","Strike_G","Strike_G","Defend_G","Defend_G","Defend_G","Defend_G","Defend_G","Survivor","Neutralize+1","Corpse Explosion","Predator","Footwork+1","Footwork+1","Blade Dance","Acrobatics","Deadly Poison","Dagger Spray","Cloak And Dagger","Crippling Poison","Dodge and Roll","Adrenaline","Well Laid Plans","Blade Dance","Backflip","Backflip","Escape Plan","Cloak And Dagger","Phantasmal Killer","Caltrops+1","Well Laid Plans","Malaise","Tactician+1","Infinite Blades","Accuracy+1","Noxious Fumes+1","Infinite Blades","Terror","Deflect","Wraith Form v2"],"relics":["Ring of the Snake","Prayer Wheel","Dream Catcher","Ornamental Fan","Bag of Preparation","Paper Crane","Orrery","Boot","Ninja Scroll"],"potions_floor_usage":[13,16,28],"damage_taken":[{"damage":0,"enemies":"2 Louse","floor":1,"turns":2},{"damage":0,"enemies":"Cultist","floor":2,"turns":3},{"damage":6,"enemies":"Jaw Worm","floor":4,"turns":5},{"damage":1,"enemies":"2 Fungi Beasts","floor":5,"turns":2},{"damage":0,"enemies":"Lagavulin","floor":7,"turns":8},{"damage":3,"enemies":"Looter","floor":11,"turns":4},{"damage":6,"enemies":"Exordium Wildlife","floor":12,"turns":4},{"damage":0,"enemies":"3 Sentries","floor":13,"turns":3},{"damage":23,"enemies":"The Guardian","floor":16,"turns":12},{"damage":0,"enemies":"Chosen","floor":18,"turns":8},{"damage":12,"enemies":"3 Byrds","floor":19,"turns":4},{"damage":7,"enemies":"Snake Plant","floor":20,"turns":6},{"damage":0,"enemies":"Cultist and Chosen","floor":21,"turns":8},{"damage":0,"enemies":"Book of Stabbing","floor":24,"turns":7},{"damage":17,"enemies":"Centurion and Healer","floor":27,"turns":7},{"damage":33,"enemies":"Snake Plant","floor":28,"turns":3},{"damage":11,"enemies":"Sentry and Sphere","floor":29,"turns":3}],"seed_played":"7679112416941784210","potions_obtained":[{"floor":1,"key":"Regen Potion"},{"floor":7,"key":"FearPotion"},{"floor":11,"key":"PowerPotion"},{"floor":12,"key":"Energy Potion"},{"floor":18,"key":"FearPotion"},{"floor":21,"key":"FearPotion"},{"floor":28,"key":"Fruit Juice"}],"is_trial":false,"path_per_floor":["M","M","?","M","M","R","E","R","T","$","M","M","E","?","R","B",null,"M","M","M","M","?","R","E","R","T","M","M","M"],"character_chosen":"THE_SILENT","items_purchased":["Bag of Preparation"],"campfire_rested":0,"item_purchase_floors":[10],"current_hp_per_floor":[70,70,70,64,63,63,63,63,63,63,60,54,54,47,47,24,70,70,58,51,51,51,51,51,51,51,34,6,0],"gold":297,"neow_bonus":"THREE_RARE_CARDS","is_prod":false,"is_daily":false,"chose_seed":false,"campfire_upgraded":5,"win_rate":0,"timestamp":1566288328,"path_taken":["M","M","?","M","M","R","E","R","T","?","M","M","E","?","R","BOSS","M","M","M","M","?","R","E","R","T","M","M","M"],"build_version":"2019-07-17","purchased_purges":0,"victory":false,"max_hp_per_floor":[70,70,70,70,70,70,70,70,70,70,70,70,70,70,70,70,70,70,70,70,70,70,70,70,70,70,70,75,75],"card_choices":[{"not_picked":["Doppelganger","Envenom"],"picked":"Corpse Explosion","floor":0},{"not_picked":["Flechettes","Dagger Throw"],"picked":"Predator","floor":1},{"not_picked":["Poisoned Stab","All Out Attack"],"picked":"Footwork","floor":2},{"not_picked":["Outmaneuver","All Out Attack"],"picked":"Footwork","floor":4},{"not_picked":["Flying Knee","Prepared"],"picked":"Blade Dance","floor":4},{"not_picked":["Predator","Quick Slash"],"picked":"Acrobatics","floor":5},{"not_picked":["Eviscerate","Slice"],"picked":"Deadly Poison","floor":5},{"not_picked":["Riddle With Holes","Poisoned Stab"],"picked":"Dagger Spray","floor":7},{"not_picked":["Predator","Corpse Explosion"],"picked":"Cloak And Dagger","floor":11},{"not_picked":["Distraction","Riddle With Holes","Dagger Throw"],"picked":"SKIP","floor":11},{"not_picked":["Endless Agony","Quick Slash"],"picked":"Crippling Poison","floor":12},{"not_picked":["Poisoned Stab","Dagger Throw","Riddle With Holes"],"picked":"SKIP","floor":12},{"not_picked":["Underhanded Strike","Bane"],"picked":"Dodge and Roll","floor":13},{"not_picked":["Venomology","A Thousand Cuts"],"picked":"Adrenaline","floor":16},{"not_picked":["Underhanded Strike","Heel Hook"],"picked":"Well Laid Plans","floor":17},{"not_picked":["Bane","Underhanded Strike"],"picked":"Blade Dance","floor":17},{"not_picked":["Slice","Flying Knee"],"picked":"Backflip","floor":17},{"not_picked":["Poisoned Stab","Bouncing Flask"],"picked":"Backflip","floor":17},{"not_picked":["Masterful Stab","Underhanded Strike"],"picked":"Escape Plan","floor":17},{"not_picked":["Backflip","Heel Hook"],"picked":"Cloak And Dagger","floor":18},{"not_picked":["Poisoned Stab","Choke"],"picked":"Phantasmal Killer","floor":18},{"not_picked":["Poisoned Stab+1","PiercingWail"],"picked":"Caltrops","floor":19},{"not_picked":["Quick Slash","Underhanded Strike"],"picked":"Well Laid Plans","floor":19},{"not_picked":["Deflect+1","Quick Slash+1"],"picked":"Malaise","floor":20},{"not_picked":["Prepared","Sucker Punch"],"picked":"Tactician+1","floor":20},{"not_picked":["Flying Knee+1","Skewer+1"],"picked":"Infinite Blades","floor":21},{"not_picked":["Underhanded Strike","Deflect"],"picked":"Accuracy+1","floor":21},{"not_picked":["Distraction","Choke"],"picked":"Infinite Blades","floor":24},{"not_picked":["Choke+1","Underhanded Strike"],"picked":"Terror","floor":27},{"not_picked":["Dagger Throw","Flying Knee","Endless Agony"],"picked":"SKIP","floor":27},{"not_picked":["Sucker Punch","PiercingWail"],"picked":"Deflect","floor":28},{"not_picked":["Footwork","Cloak And Dagger"],"picked":"Wraith Form v2","floor":28}],"player_experience":104639,"relics_obtained":[{"floor":7,"key":"Dream Catcher"},{"floor":9,"key":"Ornamental Fan"},{"floor":13,"key":"Paper Crane"},{"floor":24,"key":"Boot"},{"floor":26,"key":"Ninja Scroll"}],"event_choices":[{"damage_healed":0,"gold_gain":0,"player_choice":"Gave Potion","damage_taken":0,"relics_obtained":["Prayer Wheel"],"max_hp_gain":0,"max_hp_loss":0,"event_name":"WeMeetAgain","floor":3,"gold_loss":0},{"cards_removed":["Strike_G"],"damage_healed":0,"gold_gain":0,"player_choice":"Card Removal","damage_taken":7,"max_hp_gain":0,"max_hp_loss":0,"event_name":"Golden Wing","floor":14,"gold_loss":0},{"damage_healed":0,"gold_gain":0,"player_choice":"Read","damage_taken":0,"max_hp_gain":0,"max_hp_loss":0,"event_name":"The Library","floor":22,"gold_loss":0,"cards_obtained":["Noxious Fumes"]}],"is_beta":false,"boss_relics":[{"not_picked":["Pandora\u0027s Box","Ring of the Serpent"],"picked":"Orrery"}],"items_purged_floors":[],"is_endless":false,"potions_floor_spawned":[1,7,11,12,18,21,24,28],"killed_by":"Sentry and Sphere","ascension_level":2}