{"gold_per_floor":[118,0,77,94,94,129,148,148],"floor_reached":8,"playtime":246,"items_purged":["Strike_R"],"score":112,"play_id":"11692cb1-14a8-4692-9bd5-f16f2fa00425","local_time":"20190816135500","is_ascension_mode":true,"campfire_choices":[],"neow_cost":"NONE","seed_source_timestamp":196034688820613,"circlet_count":0,"master_deck":["AscendersBane","Strike_R","Strike_R","Strike_R","Strike_R","Defend_R","Defend_R","Defend_R","Defend_R","Bash","Clothesline","Rampage","Shockwave","Hemokinesis","Disarm","Metallicize","Shrug It Off"],"relics":["Burning Blood","Smiling Mask","Prayer Wheel"],"potions_floor_usage":[],"damage_taken":[{"damage":6,"enemies":"Jaw Worm","floor":1,"turns":5},{"damage":10,"enemies":"2 Louse","floor":4,"turns":3},{"damage":26,"enemies":"Lagavulin","floor":6,"turns":6},{"damage":12,"enemies":"Small Slimes","floor":7,"turns":3},{"damage":34,"enemies":"3 Sentries","floor":8,"turns":6}],"seed_played":"3304189372305885875","potions_obtained":[{"floor":1,"key":"FearPotion"},{"floor":6,"key":"Strength Potion"}],"is_trial":false,"path_per_floor":["M","$","?","M","?","E","M","E"],"character_chosen":"IRONCLAD","items_purchased":["Shockwave"],"campfire_rested":0,"item_purchase_floors":[2],"current_hp_per_floor":[68,68,68,64,59,39,33,0],"gold":148,"neow_bonus":"THREE_CARDS","is_prod":false,"is_daily":false,"chose_seed":false,"campfire_upgraded":0,"win_rate":0,"timestamp":1565978100,"path_taken":["M","$","?","M","?","E","M","E"],"build_version":"2019-08-15","purchased_purges":1,"victory":false,"max_hp_per_floor":[75,75,75,75,75,75,75,75],"card_choices":[{"not_picked":["Headbutt","Rage"],"picked":"Clothesline","floor":0},{"not_picked":["Sever Soul","Body Slam"],"picked":"Rampage","floor":1},{"not_picked":["Havoc","Cleave"],"picked":"Hemokinesis","floor":4},{"not_picked":["Metallicize","Power Through"],"picked":"Disarm","floor":6},{"not_picked":["Twin Strike","Seeing Red"],"picked":"Metallicize","floor":7},{"not_picked":["Heavy Blade","Perfected Strike"],"picked":"Shrug It Off","floor":7}],"player_experience":1017032,"relics_obtained":[{"floor":6,"key":"Prayer Wheel"}],"event_choices":[{"damage_healed":0,"gold_gain":77,"player_choice":"Gained Gold","damage_taken":0,"max_hp_gain":0,"max_hp_loss":0,"event_name":"Golden Wing","floor":3,"gold_loss":0},{"damage_healed":0,"gold_gain":0,"player_choice":"Success","damage_taken":5,"relics_obtained":["Smiling Mask"],"max_hp_gain":0,"max_hp_loss":0,"event_name":"Scrap Ooze","floor":5,"gold_loss":0}],"is_beta":true,"boss_relics":[],"items_purged_floors":[2],"is_endless":false,"potions_floor_spawned":[1,6],"killed_by":"3 Sentries","ascension_level":20}