{"gold_per_floor":[115,126,126,126,5,5,45,61,61,61,85,85,158,177,177,301,301,319,319,339,339,354,354,392,407,434,477,477,477,101,200,200,324,324,337,362,695,711,726,751,775,775,775,787,787,18,36,49,49,49],"floor_reached":51,"playtime":3003,"items_purged":["Strike_B","Strike_B"],"score":787,"play_id":"860e936d-718e-418a-8794-6c10fa74b638","local_time":"20190904175032","is_ascension_mode":true,"campfire_choices":[{"data":"Defragment","floor":6.0,"key":"SMITH"},{"data":"Dualcast","floor":10.0,"key":"SMITH"},{"data":"Loop","floor":12.0,"key":"SMITH"},{"floor":15.0,"key":"REST"},{"data":"Lockon","floor":23.0,"key":"SMITH"},{"data":"Buffer","floor":28.0,"key":"SMITH"},{"data":"Coolheaded","floor":32.0,"key":"SMITH"},{"floor":49.0,"key":"REST"}],"neow_cost":"NONE","seed_source_timestamp":0,"circlet_count":0,"master_deck":["Defend_B","Defend_B","Defend_B+1","Defend_B","Zap+1","Dualcast+1","Sweeping Beam+1","Defragment+1","Leap","Coolheaded","Loop+1","Self Repair","Conserve Battery","Redo+1","Conserve Battery+1","Lockon+1","Buffer+1","Darkness+1","Defragment+1","Coolheaded+1","Ball Lightning","Electrodynamics","Hologram+1","Cold Snap","Chill+1","Capacitor","Blizzard","Skim","Steam"],"special_seed":0,"relics":["Cracked Core","Mercury Hourglass","Blue Candle","Tiny Chest","Eternal Feather","Juzu Bracelet","Pen Nib","Matryoshka","Enchiridion","DollysMirror","Empty Cage","Bag of Marbles","Vajra","Lantern","Ancient Tea Set","Sundial","Centennial Puzzle"],"potions_floor_usage":[],"damage_taken":[{"damage":5.0,"enemies":"Small Slimes","floor":1.0,"turns":2.0},{"damage":1.0,"enemies":"Jaw Worm","floor":2.0,"turns":2.0},{"damage":9.0,"enemies":"Lagavulin","floor":7.0,"turns":7.0},{"damage":2.0,"enemies":"Cultist","floor":8.0,"turns":3.0},{"damage":0.0,"enemies":"Blue Slaver","floor":11.0,"turns":2.0},{"damage":14.0,"enemies":"Gremlin Nob","floor":13.0,"turns":3.0},{"damage":0.0,"enemies":"Lots of Slimes","floor":14.0,"turns":1.0},{"damage":8.0,"enemies":"Hexaghost","floor":16.0,"turns":10.0},{"damage":8.0,"enemies":"Shell Parasite","floor":18.0,"turns":5.0},{"damage":22.0,"enemies":"3 Byrds","floor":20.0,"turns":4.0},{"damage":0.0,"enemies":"Snecko","floor":22.0,"turns":5.0},{"damage":33.0,"enemies":"Gremlin Leader","floor":24.0,"turns":5.0},{"damage":7.0,"enemies":"Centurion and Healer","floor":25.0,"turns":7.0},{"damage":26.0,"enemies":"Book of Stabbing","floor":27.0,"turns":5.0},{"damage":1.0,"enemies":"Champ","floor":33.0,"turns":9.0},{"damage":25.0,"enemies":"3 Darklings","floor":35.0,"turns":4.0},{"damage":2.0,"enemies":"3 Shapes","floor":36.0,"turns":3.0},{"damage":26.0,"enemies":"Jaw Worm Horde","floor":38.0,"turns":3.0},{"damage":0.0,"enemies":"Sphere and 2 Shapes","floor":39.0,"turns":5.0},{"damage":35.0,"enemies":"Giant Head","floor":40.0,"turns":11.0},{"damage":12.0,"enemies":"Maw","floor":44.0,"turns":7.0},{"damage":4.0,"enemies":"Jaw Worm Horde","floor":47.0,"turns":6.0},{"damage":0.0,"enemies":"Sphere and 2 Shapes","floor":48.0,"turns":6.0},{"damage":24,"enemies":"Awakened One","floor":50,"turns":13}],"seed_played":"8673801168386509823","potions_obtained":[{"floor":7.0,"key":"SneckoOil"},{"floor":8.0,"key":"EntropicBrew"},{"floor":11.0,"key":"AttackPotion"},{"floor":16.0,"key":"Regen Potion"},{"floor":21.0,"key":"Fruit Juice"},{"floor":21.0,"key":"Fire Potion"},{"floor":24.0,"key":"LiquidBronze"},{"floor":27.0,"key":"Dexterity Potion"},{"floor":36.0,"key":"LiquidBronze"},{"floor":38.0,"key":"Block Potion"},{"floor":40.0,"key":"AttackPotion"}],"is_trial":false,"path_per_floor":["M","M","?","?","$","R","E","M","T","R","M","R","E","M","R","B",null,"M","?","M","?","M","R","E","M","T","E","R","?","$","?","R","B",null,"M","M","?","M","M","E","T","?","T","M","?","$","M","M","R","B",null],"character_chosen":"DEFECT","items_purchased":["Leap","DollysMirror","Coolheaded","Ball Lightning","Capacitor","Sundial","Centennial Puzzle","Blizzard","Skim","LiquidBronze","FocusPotion"],"campfire_rested":2,"item_purchase_floors":[5,30,30,30,46,46,46,46,46,46,46],"current_hp_per_floor":[70,69,54,36,36,36,27,25,25,25,25,25,11,11,33,32,75,74,74,59,64,71,80,54,54,54,49,61,45,45,45,57,63,80,62,60,60,41,48,20,20,20,20,8,8,8,11,18,57,33],"gold":49,"neow_bonus":"UPGRADE_CARD","is_prod":false,"is_daily":false,"chose_seed":false,"campfire_upgraded":6,"win_rate":0,"timestamp":1567608632,"path_taken":["M","M","?","?","$","R","E","M","T","R","M","R","E","M","R","BOSS","M","?","?","?","?","R","E","M","T","E","R","?","$","?","R","BOSS","M","M","?","M","M","E","?","?","T","M","?","$","M","M","R","BOSS"],"build_version":"2019-07-17","purchased_purges":2,"victory":true,"max_hp_per_floor":[75,75,75,75,75,75,75,75,75,75,75,75,75,75,75,75,75,75,75,75,80,80,80,80,80,80,80,80,80,80,80,80,80,80,80,80,80,80,80,80,80,80,80,80,80,80,80,80,80,80],"card_choices":[{"not_picked":["Beam Cell","Go for the Eyes"],"picked":"Sweeping Beam","floor":1.0},{"not_picked":["Gash","Stack"],"picked":"Defragment","floor":2.0},{"not_picked":["Stack","Barrage"],"picked":"Coolheaded","floor":7.0},{"not_picked":["Redo","Sweeping Beam","Skim"],"picked":"SKIP","floor":8.0},{"not_picked":["Hologram","Steam"],"picked":"Loop","floor":11.0},{"not_picked":["Double Energy","Redo"],"picked":"Self Repair","floor":13.0},{"not_picked":["Steam Power","Gash"],"picked":"Conserve Battery","floor":14.0},{"not_picked":["Coolheaded+1","Stack+1"],"picked":"Redo+1","floor":18.0},{"not_picked":["Undo","Redo"],"picked":"Conserve Battery+1","floor":20.0},{"not_picked":["Gash","Beam Cell"],"picked":"Lockon","floor":22.0},{"not_picked":["Lockon+1","Fusion+1"],"picked":"Buffer","floor":24.0},{"not_picked":["Sunder","Barrage"],"picked":"Darkness+1","floor":25.0},{"not_picked":["Rip and Tear","Force Field","Beam Cell"],"picked":"SKIP","floor":27.0},{"not_picked":["Creative AI","All For One"],"picked":"Electrodynamics","floor":33.0},{"not_picked":["Gash","Reprogram","Tempest"],"picked":"SKIP","floor":35.0},{"not_picked":["Sweeping Beam","Barrage"],"picked":"Hologram+1","floor":36.0},{"not_picked":["Aggregate","Gash+1","Turbo"],"picked":"SKIP","floor":38.0},{"not_picked":["Barrage","Reinforced Body"],"picked":"Cold Snap","floor":39.0},{"not_picked":["Lockon","Sunder+1"],"picked":"Chill+1","floor":40.0},{"not_picked":["Scrape+1","Fusion","Beam Cell"],"picked":"SKIP","floor":44.0},{"not_picked":["Ball Lightning+1","Doom and Gloom+1","Redo"],"picked":"SKIP","floor":47.0},{"not_picked":["Sweeping Beam+1","Gash+1"],"picked":"Steam","floor":48.0}],"player_experience":263645,"relics_obtained":[{"floor":7.0,"key":"Mercury Hourglass"},{"floor":9.0,"key":"Blue Candle"},{"floor":13.0,"key":"Tiny Chest"},{"floor":24.0,"key":"Juzu Bracelet"},{"floor":26.0,"key":"Pen Nib"},{"floor":27.0,"key":"Matryoshka"},{"floor":29.0,"key":"Enchiridion"},{"floor":40.0,"key":"Bag of Marbles"},{"floor":41.0,"key":"Vajra"},{"floor":41.0,"key":"Lantern"},{"floor":43.0,"key":"Ancient Tea Set"}],"event_choices":[{"damage_healed":0.0,"max_hp_gain":0.0,"max_hp_loss":0.0,"gold_gain":0.0,"event_name":"Shining Light","player_choice":"Entered Light","floor":3.0,"gold_loss":0.0,"damage_taken":15.0,"cards_upgraded":["Defend_B","Sweeping Beam"]},{"damage_healed":0.0,"max_hp_gain":0.0,"max_hp_loss":0.0,"gold_gain":0.0,"event_name":"Golden Idol","player_choice":"Take Damage","floor":4.0,"gold_loss":0.0,"damage_taken":18.0,"relics_obtained":["Golden Idol"]},{"damage_healed":0.0,"max_hp_gain":0.0,"max_hp_loss":0.0,"gold_gain":0.0,"event_name":"The Woman in Blue","player_choice":"Bought 0 Potions","floor":19.0,"gold_loss":0.0,"damage_taken":0.0},{"damage_healed":0.0,"max_hp_gain":0.0,"max_hp_loss":0.0,"gold_gain":0.0,"event_name":"Lab","player_choice":"Got Potions","floor":21.0,"gold_loss":0.0,"damage_taken":0.0},{"damage_healed":0.0,"max_hp_gain":0.0,"max_hp_loss":0.0,"gold_gain":0.0,"event_name":"Cursed Tome","player_choice":"Obtained Book","floor":29.0,"gold_loss":0.0,"damage_taken":16.0},{"damage_healed":0.0,"max_hp_gain":0.0,"max_hp_loss":0.0,"gold_gain":99.0,"event_name":"Nest","player_choice":"Stole From Cult","floor":31.0,"gold_loss":0.0,"damage_taken":0.0},{"damage_healed":0.0,"max_hp_gain":0.0,"max_hp_loss":0.0,"gold_gain":333.0,"event_name":"The Moai Head","player_choice":"Gave Idol","floor":37.0,"relics_lost":["Golden Idol"],"gold_loss":0.0,"damage_taken":0.0},{"damage_healed":0.0,"max_hp_gain":0.0,"max_hp_loss":0.0,"gold_gain":0.0,"event_name":"Mysterious Sphere","player_choice":"Ignored","floor":42.0,"gold_loss":0.0,"damage_taken":0.0},{"damage_healed":0.0,"max_hp_gain":0.0,"max_hp_loss":0.0,"gold_gain":0.0,"event_name":"SensoryStone","player_choice":"Memory 1","floor":45.0,"gold_loss":0.0,"damage_taken":0.0}],"is_beta":false,"boss_relics":[{"not_picked":["Runic Dome","White Beast Statue"],"picked":"Eternal Feather"},{"not_picked":["Fusion Hammer","Calling Bell"],"picked":"Empty Cage"}],"items_purged_floors":[5,30],"is_endless":false,"potions_floor_spawned":[7,8,11,16,20,24,27,36,38,40,48],"ascension_level":1}