{"gold_per_floor":[111,10,26,26,39,70,90,55,55,55,55,55,68,78,78,178,178,188,199,211,111,111,137,137,157,203,221,221,91,108,124,124,226,226,241,95,106,106,117,117,134,153,179,179],"floor_reached":44,"playtime":4097,"items_purged":["Strike_G","Choke","Strike_G"],"score":436,"play_id":"3d454cb6-33f2-4fe0-89af-d17a85353c08","local_time":"20190827000619","is_ascension_mode":false,"campfire_choices":[{"floor":10,"key":"REST"},{"data":"Neutralize","floor":12,"key":"SMITH"},{"data":"After Image","floor":15,"key":"SMITH"},{"floor":24,"key":"REST"},{"floor":28,"key":"REST"},{"data":"After Image","floor":32,"key":"SMITH"},{"data":"A Thousand Cuts","floor":40,"key":"SMITH"}],"neow_cost":"PERCENT_DAMAGE","seed_source_timestamp":1122710869973349,"circlet_count":0,"master_deck":["Defend_G+1","Defend_G","Defend_G","Defend_G","Survivor+1","Neutralize+1","Bullet Time","Tools of the Trade","Deadly Poison","Flying Knee","Flying Knee","Poisoned Stab","Dodge and Roll","Dagger Throw","Outmaneuver","After Image+1","After Image+1","Blade Dance+1","Blade Dance","Deflect","Backflip","Footwork","Backflip","A Thousand Cuts+1"],"relics":["Ring of the Snake","Calipers","Kunai","Sozu","Mercury Hourglass","Smiling Mask","Empty Cage","Pen Nib","Orichalcum"],"potions_floor_usage":[42],"damage_taken":[{"damage":0,"enemies":"2 Louse","floor":1,"turns":3},{"damage":0,"enemies":"Small Slimes","floor":3,"turns":5},{"damage":0,"enemies":"Cultist","floor":5,"turns":4},{"damage":18,"enemies":"Lagavulin","floor":6,"turns":7},{"damage":2,"enemies":"Exordium Wildlife","floor":7,"turns":6},{"damage":8,"enemies":"Exordium Thugs","floor":13,"turns":5},{"damage":6,"enemies":"Blue Slaver","floor":14,"turns":4},{"damage":12,"enemies":"Hexaghost","floor":16,"turns":14},{"damage":4,"enemies":"Shell Parasite","floor":18,"turns":8},{"damage":9,"enemies":"2 Thieves","floor":19,"turns":5},{"damage":0,"enemies":"Centurion and Healer","floor":20,"turns":7},{"damage":29,"enemies":"Gremlin Leader","floor":23,"turns":15},{"damage":9,"enemies":"Cultist and Chosen","floor":25,"turns":8},{"damage":7,"enemies":"Snake Plant","floor":27,"turns":7},{"damage":0,"enemies":"Centurion and Healer","floor":30,"turns":10},{"damage":0,"enemies":"Cultist and Chosen","floor":31,"turns":8},{"damage":4,"enemies":"Champ","floor":33,"turns":18},{"damage":15,"enemies":"3 Darklings","floor":35,"turns":7},{"damage":0,"enemies":"3 Shapes","floor":37,"turns":6},{"damage":0,"enemies":"Jaw Worm Horde","floor":39,"turns":6},{"damage":40,"enemies":"Sphere and 2 Shapes","floor":41,"turns":5},{"damage":12,"enemies":"Transient","floor":42,"turns":5},{"damage":4,"enemies":"Writhing Mass","floor":44,"turns":1}],"seed_played":"-4147919909453782609","potions_obtained":[{"floor":3,"key":"SpeedPotion"},{"floor":5,"key":"AttackPotion"},{"floor":7,"key":"Poison Potion"}],"is_trial":false,"path_per_floor":["M","$","M","?","M","E","M","?","T","R","?","R","M","M","R","B",null,"M","M","M","$","?","E","R","M","T","M","R","$","M","M","R","B",null,"M","$","M","?","M","R","M","M","T","M"],"character_chosen":"THE_SILENT","items_purchased":["Flying Knee","Footwork","Pen Nib"],"campfire_rested":3,"item_purchase_floors":[2,29,36],"current_hp_per_floor":[49,49,49,35,35,17,15,32,32,53,70,70,62,56,56,44,70,66,57,57,57,57,28,49,40,40,33,54,54,54,54,54,50,70,55,55,55,55,55,55,15,3,3,0],"gold":179,"neow_bonus":"TRANSFORM_TWO_CARDS","is_prod":false,"is_daily":false,"chose_seed":false,"campfire_upgraded":4,"win_rate":0.0,"timestamp":1566857179,"path_taken":["M","$","M","?","M","E","M","?","T","R","?","R","M","M","R","BOSS","M","M","M","$","?","E","R","M","T","M","R","?","M","M","R","BOSS","M","$","M","?","M","R","?","M","T","M"],"build_version":"2019-07-17","purchased_purges":3,"victory":false,"max_hp_per_floor":[70,70,70,70,70,70,70,70,70,70,70,70,70,70,70,70,70,70,70,70,70,70,70,70,70,70,70,70,70,70,70,70,70,70,70,70,70,70,70,70,70,70,70,70],"card_choices":[{"not_picked":["Sucker Punch","Blur"],"picked":"Deadly Poison","floor":1},{"not_picked":["Blade Dance","Masterful Stab"],"picked":"Flying Knee","floor":3},{"not_picked":["Dagger Spray","Sucker Punch"],"picked":"Poisoned Stab","floor":5},{"not_picked":["Underhanded Strike","Tactician"],"picked":"Dodge and Roll","floor":6},{"not_picked":["Tactician","Acrobatics"],"picked":"Dagger Throw","floor":7},{"not_picked":["Bane","Dodge and Roll"],"picked":"Outmaneuver","floor":13},{"not_picked":["Prepared","Bane"],"picked":"After Image","floor":14},{"not_picked":["Glass Knife","Phantasmal Killer"],"picked":"After Image","floor":16},{"not_picked":["Quick Slash+1","Crippling Poison"],"picked":"Choke","floor":18},{"not_picked":["Slice","Sucker Punch"],"picked":"Blade Dance+1","floor":19},{"not_picked":["Poisoned Stab","Outmaneuver+1"],"picked":"Blade Dance","floor":20},{"not_picked":["Skewer","Quick Slash","Expertise"],"picked":"SKIP","floor":23},{"not_picked":["Prepared","Riddle With Holes"],"picked":"Deflect","floor":25},{"not_picked":["Sucker Punch","Poisoned Stab"],"picked":"Backflip","floor":27},{"not_picked":["Quick Slash","Bane"],"picked":"Backflip","floor":30},{"not_picked":["Eviscerate","Dash","Sucker Punch"],"picked":"SKIP","floor":31},{"not_picked":["Doppelganger","Phantasmal Killer"],"picked":"A Thousand Cuts","floor":33},{"not_picked":["Bane","Slice+1","Heel Hook"],"picked":"SKIP","floor":35},{"not_picked":["Backflip+1","All Out Attack","Poisoned Stab+1"],"picked":"SKIP","floor":37},{"not_picked":["Poisoned Stab","Deflect","Quick Slash+1"],"picked":"SKIP","floor":39},{"not_picked":["Crippling Poison+1","Glass Knife","Riddle With Holes"],"picked":"SKIP","floor":41},{"not_picked":["Tactician","Slice+1","Terror"],"picked":"SKIP","floor":42}],"player_experience":30936,"relics_obtained":[{"floor":6,"key":"Calipers"},{"floor":9,"key":"Kunai"},{"floor":23,"key":"Mercury Hourglass"},{"floor":26,"key":"Smiling Mask"},{"floor":43,"key":"Orichalcum"}],"event_choices":[{"damage_healed":0,"gold_gain":0,"player_choice":"Entered Light","damage_taken":14,"max_hp_gain":0,"max_hp_loss":0,"event_name":"Shining Light","floor":4,"gold_loss":0,"cards_upgraded":["Survivor","Defend_G"]},{"damage_healed":17,"gold_gain":0,"player_choice":"Healed","damage_taken":0,"max_hp_gain":0,"max_hp_loss":0,"event_name":"The Cleric","floor":8,"gold_loss":35},{"damage_healed":23,"gold_gain":0,"player_choice":"Banana","damage_taken":0,"max_hp_gain":0,"max_hp_loss":0,"event_name":"Big Fish","floor":11,"gold_loss":0},{"damage_healed":0,"gold_gain":0,"player_choice":"Ignored","damage_taken":0,"max_hp_gain":0,"max_hp_loss":0,"event_name":"N\u0027loth","floor":22,"gold_loss":0},{"damage_healed":0,"gold_gain":0,"player_choice":"Got Potions","damage_taken":0,"max_hp_gain":0,"max_hp_loss":0,"event_name":"Lab","floor":38,"gold_loss":0}],"is_beta":false,"boss_relics":[{"not_picked":["WristBlade","Busted Crown"],"picked":"Sozu"},{"not_picked":["Fusion Hammer","Philosopher\u0027s Stone"],"picked":"Empty Cage"}],"items_purged_floors":[2,21,29],"is_endless":false,"potions_floor_spawned":[3,5,7,14,16,19,20,23,42],"killed_by":"Writhing Mass","ascension_level":0}