{"gold_per_floor":[119,119,134,145,158,189,189,208,284,284,284,284],"floor_reached":12,"playtime":590,"items_purged":[],"score":148,"play_id":"a3ae6b68-7c67-4e28-ab93-e9ce3a540185","local_time":"20190902114753","is_ascension_mode":true,"campfire_choices":[{"data":"Armaments","floor":7,"key":"SMITH"},{"floor":10,"key":"REST"}],"neow_cost":"TEN_PERCENT_HP_LOSS","seed_source_timestamp":146106402477300,"circlet_count":0,"master_deck":["AscendersBane","Strike_R","Strike_R","Strike_R","Strike_R","Defend_R","Defend_R","Defend_R","Defend_R","Bash","Reaper","Armaments+1","Heavy Blade","Shrug It Off","Twin Strike","Shrug It Off","Feed","Anger"],"relics":["Burning Blood","Prayer Wheel","Bottled Flame","Bird Faced Urn"],"potions_floor_usage":[6,12],"damage_taken":[{"damage":23,"enemies":"Cultist","floor":1,"turns":5},{"damage":6,"enemies":"2 Louse","floor":3,"turns":4},{"damage":12,"enemies":"Small Slimes","floor":4,"turns":4},{"damage":8,"enemies":"Blue Slaver","floor":5,"turns":8},{"damage":34,"enemies":"3 Sentries","floor":6,"turns":9},{"damage":34,"enemies":"Exordium Thugs","floor":8,"turns":7},{"damage":32,"enemies":"Lagavulin","floor":12,"turns":8}],"seed_played":"-1612072935778173872","potions_obtained":[{"floor":4,"key":"PowerPotion"},{"floor":6,"key":"Block Potion"}],"is_trial":false,"path_per_floor":["M","?","M","M","M","E","R","M","T","R","?","E"],"character_chosen":"IRONCLAD","items_purchased":[],"campfire_rested":1,"item_purchase_floors":[],"current_hp_per_floor":[51,44,50,48,52,36,36,16,16,36,18,0],"gold":284,"neow_bonus":"THREE_RARE_CARDS","is_prod":false,"is_daily":false,"chose_seed":false,"campfire_upgraded":1,"win_rate":0,"timestamp":1567442873,"path_taken":["M","?","M","M","M","E","R","M","T","R","?","E"],"build_version":"2019-07-17","purchased_purges":0,"victory":false,"max_hp_per_floor":[68,68,68,68,68,68,68,68,68,68,68,68],"card_choices":[{"not_picked":["Double Tap","Barricade"],"picked":"Reaper","floor":0},{"not_picked":["Clash","Reckless Charge"],"picked":"Armaments","floor":1},{"not_picked":["Flex","Havoc"],"picked":"Heavy Blade","floor":3},{"not_picked":["Flex","Heavy Blade"],"picked":"Shrug It Off","floor":4},{"not_picked":["Uppercut","Anger"],"picked":"Twin Strike","floor":5},{"not_picked":["Flex","Clash"],"picked":"Shrug It Off","floor":6},{"not_picked":["Anger","Pommel Strike"],"picked":"Feed","floor":8},{"not_picked":["Fire Breathing","Combust"],"picked":"Anger","floor":8}],"player_experience":779734,"relics_obtained":[{"floor":6,"key":"Prayer Wheel"},{"floor":9,"key":"Bottled Flame"}],"event_choices":[{"cards_removed":["Strike_R"],"damage_healed":0,"gold_gain":0,"player_choice":"Card Removal","damage_taken":7,"max_hp_gain":0,"max_hp_loss":0,"event_name":"Golden Wing","floor":2,"gold_loss":0},{"damage_healed":0,"gold_gain":0,"player_choice":"Success","damage_taken":18,"relics_obtained":["Bird Faced Urn"],"max_hp_gain":0,"max_hp_loss":0,"event_name":"Scrap Ooze","floor":11,"gold_loss":0}],"is_beta":false,"boss_relics":[],"items_purged_floors":[],"is_endless":false,"potions_floor_spawned":[4,6],"killed_by":"Lagavulin","ascension_level":17}