{"gold_per_floor":[17,31,51,66,76,110,110,127,127,127,156,156,182,198,198,198],"floor_reached":16,"playtime":878,"items_purged":[],"score":136,"play_id":"527f3cbd-064b-4fd3-a754-cd7c5ef186af","local_time":"20190822090932","is_ascension_mode":true,"campfire_choices":[{"data":"Die Die Die","floor":7,"key":"SMITH"},{"data":"Neutralize","floor":10,"key":"SMITH"},{"floor":15,"key":"REST"}],"neow_cost":"NO_GOLD","seed_source_timestamp":557108045320197,"circlet_count":0,"master_deck":["Strike_G","Strike_G","Strike_G","Strike_G","Strike_G","Defend_G","Defend_G","Defend_G","Defend_G","Defend_G","Survivor","Neutralize+1","Die Die Die+1","Dagger Throw","Underhanded Strike","Deadly Poison","Backflip","Poisoned Stab","Tactician","Bullet Time","Blade Dance","After Image","Dodge and Roll"],"relics":["Ring of the Snake","Vajra","Molten Egg 2","Boot","Matryoshka"],"potions_floor_usage":[13],"damage_taken":[{"damage":0,"enemies":"Cultist","floor":1,"turns":4},{"damage":0,"enemies":"Small Slimes","floor":2,"turns":2},{"damage":0,"enemies":"2 Louse","floor":3,"turns":1},{"damage":11,"enemies":"Exordium Wildlife","floor":4,"turns":5},{"damage":0,"enemies":"Large Slime","floor":5,"turns":6},{"damage":17,"enemies":"3 Sentries","floor":6,"turns":8},{"damage":11,"enemies":"Gremlin Gang","floor":8,"turns":3},{"damage":22,"enemies":"Lagavulin","floor":11,"turns":8},{"damage":8,"enemies":"Gremlin Nob","floor":13,"turns":4},{"damage":0,"enemies":"Exordium Wildlife","floor":14,"turns":3},{"damage":22,"enemies":"Slime Boss","floor":16,"turns":3}],"seed_played":"-5669781342271040881","potions_obtained":[{"floor":1,"key":"LiquidBronze"},{"floor":8,"key":"GhostInAJar"},{"floor":14,"key":"SteroidPotion"}],"is_trial":false,"path_per_floor":["M","M","M","M","M","E","R","M","T","R","E","?","E","M","R","B"],"character_chosen":"THE_SILENT","items_purchased":[],"campfire_rested":1,"item_purchase_floors":[],"current_hp_per_floor":[70,70,70,59,59,42,42,31,31,31,9,9,1,1,22,0],"gold":198,"neow_bonus":"THREE_RARE_CARDS","is_prod":false,"is_daily":false,"chose_seed":false,"campfire_upgraded":2,"win_rate":0,"timestamp":1566454172,"path_taken":["M","M","M","M","M","E","R","M","T","R","E","?","E","M","R","BOSS"],"build_version":"2019-07-17","purchased_purges":0,"victory":false,"max_hp_per_floor":[70,70,70,70,70,70,70,70,70,70,70,70,70,70,70,70],"card_choices":[{"not_picked":["A Thousand Cuts","Storm of Steel"],"picked":"Die Die Die","floor":0},{"not_picked":["Flechettes","Deflect"],"picked":"Dagger Throw","floor":1},{"not_picked":["Escape Plan","Acrobatics"],"picked":"Underhanded Strike","floor":2},{"not_picked":["Backflip","Dagger Throw"],"picked":"Deadly Poison","floor":3},{"not_picked":["Dodge and Roll","Poisoned Stab"],"picked":"Backflip","floor":4},{"not_picked":["Backflip","Dodge and Roll"],"picked":"Poisoned Stab","floor":5},{"not_picked":["Quick Slash","Dagger Throw"],"picked":"Tactician","floor":6},{"not_picked":["All Out Attack","Dagger Throw"],"picked":"Bullet Time","floor":8},{"not_picked":["Endless Agony+1","Deflect"],"picked":"Blade Dance","floor":11},{"not_picked":["Riddle With Holes+1","Dagger Spray+1"],"picked":"After Image","floor":13},{"not_picked":["Setup","Distraction"],"picked":"Dodge and Roll","floor":14}],"player_experience":143061,"relics_obtained":[{"floor":6,"key":"Vajra"},{"floor":9,"key":"Molten Egg 2"},{"floor":11,"key":"Boot"},{"floor":13,"key":"Matryoshka"}],"event_choices":[{"damage_healed":0,"gold_gain":0,"player_choice":"Ignored","damage_taken":0,"max_hp_gain":0,"max_hp_loss":0,"event_name":"Shining Light","floor":12,"gold_loss":0}],"is_beta":false,"boss_relics":[],"items_purged_floors":[],"is_endless":false,"potions_floor_spawned":[1,8,14],"killed_by":"Slime Boss","ascension_level":2}