{"gold_per_floor":[111,127,127,138,5,5,24,58,58,58,77,152,152],"floor_reached":13,"playtime":382,"items_purged":[],"score":85,"play_id":"cf1cbfb8-8ac9-4771-8083-86c53f84089f","local_time":"20190827094301","is_ascension_mode":false,"campfire_choices":[{"data":"Neutralize","floor":6,"key":"SMITH"}],"neow_cost":"NONE","seed_source_timestamp":377371619730881,"circlet_count":0,"master_deck":["Strike_G","Strike_G","Strike_G","Strike_G","Strike_G","Defend_G","Defend_G","Defend_G","Defend_G","Defend_G","Survivor","Neutralize+1","Cloak And Dagger","Prepared","Infinite Blades","Well Laid Plans","Dodge and Roll","Blade Dance","Quick Slash","Blade Dance"],"relics":["Ring of the Snake","GremlinMask","Juzu Bracelet","Blood Vial","Blue Candle"],"potions_floor_usage":[8],"damage_taken":[{"damage":1,"enemies":"Jaw Worm","floor":1,"turns":8},{"damage":0,"enemies":"Cultist","floor":2,"turns":4},{"damage":3,"enemies":"Small Slimes","floor":4,"turns":4},{"damage":7,"enemies":"2 Fungi Beasts","floor":7,"turns":4},{"damage":24,"enemies":"Lagavulin","floor":8,"turns":7},{"damage":14,"enemies":"3 Louse","floor":11,"turns":3},{"damage":8,"enemies":"Exordium Thugs","floor":13,"turns":1}],"seed_played":"-825672020846352650","potions_obtained":[{"floor":1,"key":"Strength Potion"},{"floor":4,"key":"Weak Potion"},{"floor":7,"key":"Explosive Potion"}],"is_trial":false,"path_per_floor":["M","M","?","M","$","R","M","E","T","?","M","?","M"],"character_chosen":"THE_SILENT","items_purchased":["Well Laid Plans","Dodge and Roll"],"campfire_rested":0,"item_purchase_floors":[5,5],"current_hp_per_floor":[76,76,76,73,73,73,66,42,42,24,12,1,0],"gold":152,"neow_bonus":"TEN_PERCENT_HP_BONUS","is_prod":false,"is_daily":false,"chose_seed":false,"campfire_upgraded":1,"win_rate":0,"timestamp":1566888181,"path_taken":["M","M","?","M","?","R","M","E","T","?","M","?","M"],"build_version":"2019-07-17","purchased_purges":0,"victory":false,"max_hp_per_floor":[77,77,77,77,77,77,77,77,77,77,77,77,77],"card_choices":[{"not_picked":["Caltrops","Acrobatics"],"picked":"Cloak And Dagger","floor":1},{"not_picked":["Bane","Calculated Gamble"],"picked":"Prepared","floor":2},{"not_picked":["Deflect","Underhanded Strike"],"picked":"Infinite Blades","floor":4},{"not_picked":["Slice","Outmaneuver"],"picked":"Blade Dance","floor":7},{"not_picked":["Glass Knife","Flying Knee"],"picked":"Quick Slash","floor":8},{"not_picked":["Catalyst","Poisoned Stab"],"picked":"Blade Dance","floor":11}],"player_experience":190328,"relics_obtained":[{"floor":8,"key":"Juzu Bracelet"},{"floor":9,"key":"Blood Vial"}],"event_choices":[{"damage_healed":0,"gold_gain":0,"player_choice":"Trade","damage_taken":0,"relics_obtained":["GremlinMask"],"max_hp_gain":0,"max_hp_loss":0,"event_name":"FaceTrader","floor":3,"gold_loss":0},{"damage_healed":0,"gold_gain":0,"player_choice":"Success","damage_taken":18,"relics_obtained":["Blue Candle"],"max_hp_gain":0,"max_hp_loss":0,"event_name":"Scrap Ooze","floor":10,"gold_loss":0},{"damage_healed":0,"gold_gain":75,"player_choice":"Gather Gold","damage_taken":11,"max_hp_gain":0,"max_hp_loss":0,"event_name":"World of Goop","floor":12,"gold_loss":0}],"is_beta":false,"boss_relics":[],"items_purged_floors":[],"is_endless":false,"potions_floor_spawned":[1,4,7],"killed_by":"Exordium Thugs","ascension_level":0}