{"gold_per_floor":[16,16,29,50,50,50,93,93,93,164,202,222,222,242,242,242],"floor_reached":16,"playtime":753,"items_purged":[],"score":209,"play_id":"31f5edcc-aba5-48e9-acda-f82437964d50","local_time":"20190903195432","is_ascension_mode":true,"campfire_choices":[{"data":"Thunderclap","floor":6,"key":"SMITH"},{"data":"Carnage","floor":8,"key":"SMITH"},{"data":"Uppercut","floor":13,"key":"SMITH"},{"data":"True Grit","floor":15,"key":"SMITH"}],"neow_cost":"NO_GOLD","seed_source_timestamp":261545046014800,"circlet_count":0,"master_deck":["AscendersBane","Strike_R","Strike_R","Strike_R","Strike_R","Strike_R","Defend_R","Defend_R","Defend_R","Defend_R","Bash+1","Thunderclap+1","Flame Barrier","Headbutt","Carnage+1","True Grit+1","Cleave","Uppercut+1","Burning Pact"],"relics":["Burning Blood","Golden Idol","Bird Faced Urn","Sundial","Letter Opener"],"potions_floor_usage":[7,16,16],"damage_taken":[{"damage":10,"enemies":"Small Slimes","floor":1,"turns":4},{"damage":9,"enemies":"2 Louse","floor":3,"turns":3},{"damage":6,"enemies":"Cultist","floor":4,"turns":4},{"damage":38,"enemies":"3 Sentries","floor":7,"turns":10},{"damage":6,"enemies":"Gremlin Nob","floor":10,"turns":3},{"damage":37,"enemies":"Lagavulin","floor":11,"turns":7},{"damage":0,"enemies":"2 Fungi Beasts","floor":12,"turns":2},{"damage":5,"enemies":"Red Slaver","floor":14,"turns":3},{"damage":21,"enemies":"The Guardian","floor":16,"turns":6}],"seed_played":"-2649700258637000754","potions_obtained":[{"floor":1,"key":"Swift Potion"},{"floor":12,"key":"AttackPotion"},{"floor":14,"key":"SpeedPotion"}],"is_trial":false,"path_per_floor":["M","?","M","M","?","R","E","R","T","?","E","M","R","M","R","B"],"character_chosen":"IRONCLAD","items_purchased":[],"campfire_rested":0,"item_purchase_floors":[],"current_hp_per_floor":[78,78,75,75,75,75,43,43,43,43,12,18,18,19,19,0],"gold":242,"neow_bonus":"TWENTY_PERCENT_HP_BONUS","is_prod":false,"is_daily":false,"chose_seed":false,"campfire_upgraded":4,"win_rate":0,"timestamp":1567558472,"path_taken":["M","?","M","M","?","R","E","R","T","?","E","M","R","M","R","BOSS"],"build_version":"2019-07-17","purchased_purges":0,"victory":false,"max_hp_per_floor":[89,81,81,81,81,81,81,81,81,81,81,81,81,81,81,81],"card_choices":[{"not_picked":["Blood for Blood","Heavy Blade"],"picked":"Thunderclap","floor":1},{"not_picked":["Shrug It Off","Twin Strike"],"picked":"Flame Barrier","floor":3},{"not_picked":["Clash","Dual Wield"],"picked":"Headbutt","floor":4},{"not_picked":["Juggernaut","True Grit"],"picked":"Carnage","floor":7},{"not_picked":["Rage","Clash"],"picked":"True Grit","floor":10},{"not_picked":["Infernal Blade","Ghostly Armor"],"picked":"Cleave","floor":11},{"not_picked":["Thunderclap","Headbutt"],"picked":"Uppercut","floor":12},{"not_picked":["Thunderclap","Pummel"],"picked":"Burning Pact","floor":14}],"player_experience":814723,"relics_obtained":[{"floor":7,"key":"Bird Faced Urn"},{"floor":9,"key":"Sundial"},{"floor":11,"key":"Letter Opener"}],"event_choices":[{"damage_healed":0,"gold_gain":0,"player_choice":"Lose Max HP","damage_taken":0,"relics_obtained":["Golden Idol"],"max_hp_gain":0,"max_hp_loss":8,"event_name":"Golden Idol","floor":2,"gold_loss":0},{"damage_healed":0,"gold_gain":0,"player_choice":"Grow","damage_taken":0,"max_hp_gain":0,"max_hp_loss":0,"event_name":"Living Wall","floor":5,"gold_loss":0,"cards_upgraded":["Bash"]},{"damage_healed":0,"gold_gain":0,"player_choice":"Searched \u00271\u0027 times","damage_taken":0,"max_hp_gain":0,"max_hp_loss":0,"event_name":"Dead Adventurer","floor":10,"gold_loss":0}],"is_beta":false,"boss_relics":[],"items_purged_floors":[],"is_endless":false,"potions_floor_spawned":[1,12,14],"killed_by":"The Guardian","ascension_level":18}