{"gold_per_floor":[109,127,202,9,27,56,56,90,90,90,18,45,45,61,61,61],"floor_reached":16,"playtime":810,"items_purged":["Strike_G"],"score":108,"play_id":"dea4dc7b-598d-4fda-a0c3-38f745f72b1c","local_time":"20190901010626","is_ascension_mode":false,"campfire_choices":[{"floor":7,"key":"REST"},{"data":"Infinite Blades","floor":10,"key":"SMITH"},{"floor":15,"key":"REST"}],"neow_cost":"NONE","seed_source_timestamp":1561613988658310,"circlet_count":0,"master_deck":["Strike_G","Strike_G","Strike_G","Defend_G","Defend_G","Defend_G","Defend_G","Defend_G","Survivor","Neutralize+1","Prepared","Skewer","Escape Plan","Accuracy","Quick Slash","Infinite Blades+1","Burst","Leg Sweep+1","Backstab","Finisher"],"relics":["Ring of the Snake","Darkstone Periapt","Question Card","Toxic Egg 2","Odd Mushroom"],"potions_floor_usage":[16,16],"damage_taken":[{"damage":1,"enemies":"2 Louse","floor":1,"turns":3},{"damage":1,"enemies":"Jaw Worm","floor":2,"turns":5},{"damage":10,"enemies":"Small Slimes","floor":5,"turns":3},{"damage":20,"enemies":"Gremlin Nob","floor":6,"turns":5},{"damage":18,"enemies":"3 Sentries","floor":8,"turns":10},{"damage":12,"enemies":"The Mushroom Lair","floor":12,"turns":7},{"damage":0,"enemies":"3 Louse","floor":14,"turns":4},{"damage":45,"enemies":"Slime Boss","floor":16,"turns":10}],"seed_played":"8772795914398155724","potions_obtained":[{"floor":1,"key":"SkillPotion"},{"floor":2,"key":"FairyPotion"},{"floor":12,"key":"SpeedPotion"}],"is_trial":false,"path_per_floor":["M","M","?","$","M","E","R","E","T","R","$","?","?","M","R","B"],"character_chosen":"THE_SILENT","items_purchased":["Escape Plan","Accuracy","Leg Sweep+1"],"campfire_rested":2,"item_purchase_floors":[4,4,11],"current_hp_per_floor":[69,68,57,57,47,27,48,30,30,30,30,18,11,11,32,0],"gold":61,"neow_bonus":"UPGRADE_CARD","is_prod":false,"is_daily":false,"chose_seed":false,"campfire_upgraded":1,"win_rate":0,"timestamp":1567292786,"path_taken":["M","M","?","$","M","E","R","E","T","R","$","?","?","M","R","BOSS"],"build_version":"2019-07-17","purchased_purges":1,"victory":false,"max_hp_per_floor":[70,70,70,70,70,70,70,70,70,70,70,70,70,70,70,70],"card_choices":[{"not_picked":["Dagger Spray","Bane"],"picked":"Prepared","floor":1},{"not_picked":["Deadly Poison","Predator"],"picked":"Skewer","floor":2},{"not_picked":["Concentrate","Slice"],"picked":"Quick Slash","floor":5},{"not_picked":["Outmaneuver","Footwork"],"picked":"Infinite Blades","floor":6},{"not_picked":["Expertise","Endless Agony"],"picked":"Burst","floor":8},{"not_picked":["Poisoned Stab","Reflex+1","Catalyst+1"],"picked":"Backstab","floor":12},{"not_picked":["Flying Knee","Acrobatics+1","Deflect+1"],"picked":"Finisher","floor":14}],"player_experience":115713,"relics_obtained":[{"floor":6,"key":"Darkstone Periapt"},{"floor":8,"key":"Question Card"},{"floor":9,"key":"Toxic Egg 2"},{"floor":12,"key":"Odd Mushroom"}],"event_choices":[{"damage_healed":0,"gold_gain":75,"player_choice":"Gather Gold","damage_taken":11,"max_hp_gain":0,"max_hp_loss":0,"event_name":"World of Goop","floor":3,"gold_loss":0},{"damage_healed":0,"gold_gain":0,"player_choice":"Fought Mushrooms","damage_taken":0,"max_hp_gain":0,"max_hp_loss":0,"event_name":"Mushrooms","floor":12,"gold_loss":0},{"cards_removed":["Strike_G"],"damage_healed":0,"gold_gain":0,"player_choice":"Card Removal","damage_taken":7,"max_hp_gain":0,"max_hp_loss":0,"event_name":"Golden Wing","floor":13,"gold_loss":0}],"is_beta":false,"boss_relics":[],"items_purged_floors":[4],"is_endless":false,"potions_floor_spawned":[1,2,12,14],"killed_by":"Slime Boss","ascension_level":0}