{"gold_per_floor":[114,131,131,141,141,141,174,174,174,193,219,232,297,307,307,408,408,423,423,423,443,443,443,471,484,484,495,39,39,51,69,69,171,171,189,203,203,223,223,255,255,266,345,359,359],"floor_reached":45,"playtime":1253,"items_purged":[],"score":538,"play_id":"171974ed-0a12-484c-a558-a401766987e2","local_time":"20190902102815","is_ascension_mode":true,"campfire_choices":[{"data":"Dualcast","floor":6,"key":"SMITH"},{"data":"Zap","floor":8,"key":"SMITH"},{"floor":15,"key":"REST"},{"data":"Amplify","floor":23,"key":"SMITH"},{"floor":32,"key":"REST"},{"data":"Buffer","floor":41,"key":"SMITH"}],"neow_cost":"NONE","seed_source_timestamp":897608024923299,"circlet_count":0,"master_deck":["Zap+1","Dualcast+1","Hello World+1","Leap","Gash","Go for the Eyes","Ball Lightning","Rip and Tear","Conserve Battery","Go for the Eyes","Gash","Amplify+1","Glacier","Storm","Shame","Hello World","Blizzard","Go for the Eyes+1","Defragment+1","Hologram","Echo Form","Sweeping Beam","Chaos","Gash","Conserve Battery","Blizzard","Rebound","Leap","Seek","Double Energy","Stack+1","Chill+1","Buffer+1","Rebound+1","Auto Shields"],"relics":["FrozenCore","NeowsBlessing","CultistMask","Cables","Pear","Du-Vu Doll","Tiny Chest","Enchiridion","Shuriken","Letter Opener","Mummified Hand","Bottled Tornado","Toy Ornithopter","Pandora\u0027s Box","Oddly Smooth Stone","Bottled Lightning"],"potions_floor_usage":[31,31,31],"damage_taken":[{"damage":0,"enemies":"2 Louse","floor":1,"turns":1},{"damage":0,"enemies":"Cultist","floor":2,"turns":1},{"damage":0,"enemies":"Jaw Worm","floor":4,"turns":1},{"damage":30,"enemies":"3 Sentries","floor":7,"turns":6},{"damage":4,"enemies":"Red Slaver","floor":10,"turns":3},{"damage":6,"enemies":"Gremlin Nob","floor":11,"turns":3},{"damage":0,"enemies":"2 Fungi Beasts","floor":12,"turns":2},{"damage":21,"enemies":"Lagavulin","floor":13,"turns":4},{"damage":12,"enemies":"3 Louse","floor":14,"turns":3},{"damage":15,"enemies":"Hexaghost","floor":16,"turns":8},{"damage":4,"enemies":"Shell Parasite","floor":18,"turns":5},{"damage":0,"enemies":"3 Byrds","floor":21,"turns":5},{"damage":28,"enemies":"Book of Stabbing","floor":24,"turns":5},{"damage":20,"enemies":"Sentry and Sphere","floor":25,"turns":4},{"damage":0,"enemies":"Centurion and Healer","floor":27,"turns":5},{"damage":11,"enemies":"Snake Plant","floor":30,"turns":5},{"damage":5,"enemies":"Chosen and Byrds","floor":31,"turns":5},{"damage":18,"enemies":"Collector","floor":33,"turns":10},{"damage":36,"enemies":"3 Darklings","floor":35,"turns":4},{"damage":13,"enemies":"3 Shapes","floor":36,"turns":3},{"damage":12,"enemies":"Spire Growth","floor":38,"turns":4},{"damage":40,"enemies":"Nemesis","floor":40,"turns":7},{"damage":18,"enemies":"4 Shapes","floor":42,"turns":3},{"damage":0,"enemies":"Maw","floor":44,"turns":6},{"damage":10,"enemies":"Spire Growth","floor":45,"turns":1}],"seed_played":"3330219868252175181","potions_obtained":[{"floor":2,"key":"Strength Potion"},{"floor":7,"key":"AttackPotion"},{"floor":10,"key":"SkillPotion"},{"floor":31,"key":"Energy Potion"},{"floor":33,"key":"FearPotion"},{"floor":39,"key":"Regen Potion"}],"is_trial":false,"path_per_floor":["M","M","?","M","?","R","E","R","T","M","E","M","E","M","R","B",null,"M","?","?","M","?","R","E","M","T","M","$","T","M","M","R","B",null,"M","M","?","M","?","E","R","M","T","M","M"],"character_chosen":"DEFECT","items_purchased":["Bottled Tornado","Toy Ornithopter"],"campfire_rested":2,"item_purchase_floors":[28,28],"current_hp_per_floor":[75,75,75,75,75,75,45,45,55,51,45,45,24,12,37,22,85,81,65,65,65,65,65,37,17,17,17,17,17,6,16,41,23,85,49,36,74,62,62,22,22,4,4,4,0],"gold":359,"neow_bonus":"THREE_ENEMY_KILL","is_prod":false,"is_daily":false,"chose_seed":false,"campfire_upgraded":4,"win_rate":0,"timestamp":1567409295,"path_taken":["M","M","?","?","?","R","E","R","T","M","E","M","E","?","R","BOSS","M","?","?","M","?","R","E","M","T","M","$","?","M","M","R","BOSS","M","M","?","M","?","E","R","M","T","?","M"],"build_version":"2019-07-17","purchased_purges":0,"victory":false,"max_hp_per_floor":[75,75,75,75,75,75,75,75,85,85,85,85,85,85,85,85,85,85,85,85,85,85,85,85,85,85,85,85,85,85,85,85,85,85,85,85,74,74,74,74,74,74,74,74,74],"card_choices":[{"not_picked":["Cold Snap","Aggregate"],"picked":"Hello World","floor":1},{"not_picked":["Redo","Aggregate"],"picked":"Leap","floor":2},{"not_picked":["Darkness","Compile Driver"],"picked":"Gash","floor":4},{"not_picked":["Rebound","Chaos"],"picked":"Go for the Eyes","floor":7},{"not_picked":["Turbo","Streamline"],"picked":"Ball Lightning","floor":10},{"not_picked":["Reprogram","Heatsinks"],"picked":"Rip and Tear","floor":11},{"not_picked":["Coolheaded","Turbo"],"picked":"Conserve Battery","floor":12},{"not_picked":["Fission","Blizzard"],"picked":"Go for the Eyes","floor":13},{"not_picked":["Coolheaded","Go for the Eyes"],"picked":"Gash","floor":14},{"not_picked":["Multi-Cast","Machine Learning"],"picked":"Amplify","floor":16},{"not_picked":["Rebound","Streamline+1"],"picked":"Glacier","floor":18},{"not_picked":["Barrage+1","Melter"],"picked":"Storm","floor":21},{"not_picked":["Cold Snap+1","Sweeping Beam"],"picked":"Hello World","floor":24},{"not_picked":["Cold Snap+1","Chaos"],"picked":"Blizzard","floor":25},{"not_picked":["Melter","Coolheaded"],"picked":"Go for the Eyes+1","floor":27},{"not_picked":["Conserve Battery","Skim"],"picked":"Defragment+1","floor":30},{"not_picked":["Recycle","Genetic Algorithm"],"picked":"Hologram","floor":31},{"not_picked":["Rainbow","Thunder Strike"],"picked":"Echo Form","floor":33},{"not_picked":["Barrage","Tempest"],"picked":"Double Energy","floor":35},{"not_picked":["Cold Snap","Scrape"],"picked":"Stack+1","floor":36},{"not_picked":["Coolheaded","Barrage+1"],"picked":"Chill+1","floor":38},{"not_picked":["Fusion+1","Redo"],"picked":"Buffer","floor":40},{"not_picked":["Beam Cell","Genetic Algorithm+1"],"picked":"Rebound+1","floor":42},{"not_picked":["Aggregate","Rebound"],"picked":"Auto Shields","floor":44}],"player_experience":241539,"relics_obtained":[{"floor":7,"key":"Cables"},{"floor":9,"key":"Pear"},{"floor":11,"key":"Du-Vu Doll"},{"floor":13,"key":"Tiny Chest"},{"floor":19,"key":"Enchiridion"},{"floor":24,"key":"Letter Opener"},{"floor":26,"key":"Mummified Hand"},{"floor":40,"key":"Oddly Smooth Stone"},{"floor":43,"key":"Bottled Lightning"}],"event_choices":[{"damage_healed":0,"gold_gain":0,"player_choice":"Trade","damage_taken":0,"relics_obtained":["CultistMask"],"max_hp_gain":0,"max_hp_loss":0,"event_name":"FaceTrader","floor":3,"gold_loss":0},{"damage_healed":0,"gold_gain":0,"player_choice":"Upgraded","damage_taken":0,"max_hp_gain":0,"max_hp_loss":0,"event_name":"Upgrade Shrine","floor":5,"gold_loss":0,"cards_upgraded":["Hello World"]},{"damage_healed":0,"gold_gain":0,"player_choice":"Obtained Book","damage_taken":16,"max_hp_gain":0,"max_hp_loss":0,"event_name":"Cursed Tome","floor":19,"gold_loss":0},{"damage_healed":0,"gold_gain":0,"player_choice":"Simplicity","damage_taken":0,"max_hp_gain":0,"max_hp_loss":0,"event_name":"Back to Basics","floor":20,"gold_loss":0,"cards_upgraded":["Strike_B","Strike_B","Strike_B","Strike_B","Defend_B","Defend_B","Defend_B","Defend_B"]},{"damage_healed":0,"gold_gain":0,"player_choice":"Stole Relic","damage_taken":0,"relics_obtained":["Shuriken"],"max_hp_gain":0,"max_hp_loss":0,"event_name":"Addict","floor":22,"gold_loss":0,"cards_obtained":["Shame"]},{"damage_healed":74,"gold_gain":0,"player_choice":"Heal","damage_taken":0,"max_hp_gain":0,"max_hp_loss":11,"event_name":"The Moai Head","floor":37,"gold_loss":0},{"damage_healed":0,"gold_gain":0,"player_choice":"Got Potions","damage_taken":0,"max_hp_gain":0,"max_hp_loss":0,"event_name":"Lab","floor":39,"gold_loss":0}],"is_beta":false,"boss_relics":[{"not_picked":["Orrery","Black Star"],"picked":"FrozenCore"},{"not_picked":["Snecko Eye","Lizard Tail"],"picked":"Pandora\u0027s Box"}],"items_purged_floors":[],"is_endless":false,"potions_floor_spawned":[2,7,10,11,16,21,30,31,33,35,40],"killed_by":"Spire Growth","ascension_level":1}