{"gold_per_floor":[116,116,116,134,153,153,179,179,205,205,232,232],"floor_reached":12,"playtime":195,"items_purged":[],"score":172,"play_id":"bcea55cb-6f17-438a-9df6-85e665277570","local_time":"20190606155855","is_ascension_mode":true,"campfire_choices":[{"data":"Zap","floor":6,"key":"SMITH"},{"data":"Leap","floor":8,"key":"SMITH"},{"data":"Dualcast","floor":10,"key":"SMITH"}],"neow_cost":"NONE","seed_source_timestamp":174810356902223,"circlet_count":0,"master_deck":["AscendersBane","Strike_B","Strike_B","Strike_B","Defend_B","Defend_B","Defend_B","Defend_B","Zap+1","Dualcast+1","Steam","Ball Lightning","Ball Lightning","Leap+1","Streamline"],"relics":["Cracked Core","NeowsBlessing","Orichalcum","Bronze Scales","Vajra"],"potions_floor_usage":[7],"damage_taken":[{"damage":0,"enemies":"2 Louse","floor":1,"turns":1},{"damage":0,"enemies":"Small Slimes","floor":4,"turns":1},{"damage":0,"enemies":"Cultist","floor":5,"turns":1},{"damage":20,"enemies":"3 Sentries","floor":7,"turns":6},{"damage":40,"enemies":"Gremlin Nob","floor":11,"turns":5},{"damage":7,"enemies":"Lots of Slimes","floor":12,"turns":1}],"seed_played":"-2043431580777075522","potions_obtained":[{"floor":5,"key":"GamblersBrew"}],"is_trial":false,"path_per_floor":["M","?","?","M","M","R","E","R","T","R","E","M"],"character_chosen":"DEFECT","items_purchased":[],"campfire_rested":0,"item_purchase_floors":[],"current_hp_per_floor":[64,64,64,64,64,64,44,44,44,44,4,0],"gold":232,"neow_bonus":"THREE_ENEMY_KILL","is_prod":false,"is_daily":false,"chose_seed":false,"campfire_upgraded":3,"win_rate":0,"timestamp":1559851135,"path_taken":["M","?","?","?","?","R","E","R","T","R","E","M"],"build_version":"2019-06-05","purchased_purges":0,"victory":false,"max_hp_per_floor":[71,71,71,71,71,71,71,71,71,71,71,71],"card_choices":[{"not_picked":["Turbo","Reprogram"],"picked":"Steam","floor":1},{"not_picked":["Undo","Force Field"],"picked":"Ball Lightning","floor":4},{"not_picked":["Recycle","BootSequence"],"picked":"Ball Lightning","floor":5},{"not_picked":["Coolheaded","White Noise"],"picked":"Leap","floor":7},{"not_picked":["Conserve Battery","Loop"],"picked":"Streamline","floor":11}],"player_experience":986302,"relics_obtained":[{"floor":7,"key":"Orichalcum"},{"floor":9,"key":"Bronze Scales"},{"floor":11,"key":"Vajra"}],"event_choices":[{"damage_healed":0,"gold_gain":0,"player_choice":"Ignored","damage_taken":0,"max_hp_gain":0,"max_hp_loss":0,"event_name":"Liars Game","floor":2,"gold_loss":0},{"cards_removed":["Strike_B"],"damage_healed":0,"gold_gain":0,"player_choice":"Purged","damage_taken":0,"max_hp_gain":0,"max_hp_loss":0,"event_name":"Purifier","floor":3,"gold_loss":0}],"is_beta":true,"boss_relics":[],"items_purged_floors":[],"is_endless":false,"potions_floor_spawned":[5],"killed_by":"Lots of Slimes","ascension_level":20}