{"gold_per_floor":[117,8,8,28,46,78,78,28,28,42,42,42,57,76,76,177,177,195,210,26,26,26,26,37,57,80,94,113,131,148,163,163,261,311,330,114,114,114],"floor_reached":38,"playtime":3221,"items_purged":["Defend_B","Zap"],"score":382,"play_id":"fb0a0668-c6c9-4654-89ce-4c411d1444a5","local_time":"20190905201322","is_ascension_mode":false,"campfire_choices":[{"data":"Sunder","floor":7.0,"key":"SMITH"},{"data":"Beam Cell","floor":12.0,"key":"SMITH"},{"floor":15.0,"key":"DIG"},{"floor":23.0,"key":"DIG"},{"floor":32.0,"key":"DIG"}],"neow_cost":"NONE","seed_source_timestamp":45349459632158,"circlet_count":0,"master_deck":["Dualcast","Conserve Battery","Sunder+1","Heatsinks","Beam Cell+1","Steam Power","Chill","Ball Lightning","Sweeping Beam","BootSequence","Steam+1","Lockon","Creative AI","Seek","Compile Driver","Barrage","Chaos","Steam Power","Leap","Genetic Algorithm","Loop","Ball Lightning","FTL","Defragment","Leap","Sweeping Beam","Turbo+1","Turbo","All For One","Scrape","Sweeping Beam+1","Consume"],"special_seed":0,"relics":["Cracked Core","NeowsBlessing","Shovel","Peace Pipe","Thread and Needle","Pandora\u0027s Box","Vajra","DataDisk","Bottled Flame","Tiny House","Centennial Puzzle"],"potions_floor_usage":[38,38],"damage_taken":[{"damage":0.0,"enemies":"Cultist","floor":1.0,"turns":1.0},{"damage":0.0,"enemies":"Jaw Worm","floor":4.0,"turns":1.0},{"damage":0.0,"enemies":"2 Louse","floor":5.0,"turns":1.0},{"damage":20.0,"enemies":"Gremlin Nob","floor":6.0,"turns":4.0},{"damage":0.0,"enemies":"Looter","floor":10.0,"turns":1.0},{"damage":0.0,"enemies":"Lots of Slimes","floor":13.0,"turns":3.0},{"damage":0.0,"enemies":"Blue Slaver","floor":14.0,"turns":2.0},{"damage":22.0,"enemies":"The Guardian","floor":16.0,"turns":8.0},{"damage":4.0,"enemies":"Shell Parasite","floor":18.0,"turns":5.0},{"damage":0.0,"enemies":"Spheric Guardian","floor":19.0,"turns":3.0},{"damage":0.0,"enemies":"Centurion and Healer","floor":24.0,"turns":8.0},{"damage":0.0,"enemies":"Cultist and Chosen","floor":25.0,"turns":5.0},{"damage":2.0,"enemies":"Snake Plant","floor":27.0,"turns":3.0},{"damage":0.0,"enemies":"3 Cultists","floor":28.0,"turns":4.0},{"damage":0.0,"enemies":"Centurion and Healer","floor":29.0,"turns":6.0},{"damage":0.0,"enemies":"Cultist and Chosen","floor":30.0,"turns":5.0},{"damage":1.0,"enemies":"Snecko","floor":31.0,"turns":8.0},{"damage":20.0,"enemies":"Champ","floor":33.0,"turns":10.0},{"damage":0,"enemies":"3 Shapes","floor":35,"turns":3},{"damage":93,"enemies":"Awakened One","floor":38,"turns":10}],"seed_played":"-965890040771333749","potions_obtained":[{"floor":4.0,"key":"Ancient Potion"},{"floor":6.0,"key":"SpeedPotion"},{"floor":16.0,"key":"SteroidPotion"},{"floor":25.0,"key":"Explosive Potion"},{"floor":31.0,"key":"Block Potion"},{"floor":33.0,"key":"Block Potion"},{"floor":35,"key":"AttackPotion"}],"is_trial":false,"path_per_floor":["M","$","?","M","M","E","R","$","T","M","?","R","M","M","R","B",null,"M","M","$","?","$","R","M","M","T","M","M","M","M","M","R","B",null,"M","$","?","B"],"character_chosen":"DEFECT","items_purchased":["Sunder","Ball Lightning","Loop","Ball Lightning","Consume","Centennial Puzzle"],"campfire_rested":0,"item_purchase_floors":[2,8,20,20,36,36],"current_hp_per_floor":[75,75,75,75,75,55,55,55,55,55,55,55,55,55,55,33,75,71,71,71,57,57,57,57,57,57,55,55,55,55,54,54,34,85,85,85,85,0],"gold":114,"neow_bonus":"THREE_ENEMY_KILL","is_prod":false,"is_daily":false,"chose_seed":false,"campfire_upgraded":2,"win_rate":0.0,"timestamp":1567728802,"path_taken":["M","$","?","M","M","E","R","$","T","M","?","R","M","M","R","BOSS","M","?","?","?","$","R","M","M","T","M","M","M","M","M","R","BOSS","M","$","?","BOSS"],"build_version":"2019-07-17","purchased_purges":2,"victory":false,"max_hp_per_floor":[75,75,75,75,75,75,75,75,75,75,75,75,75,75,75,75,75,75,75,75,80,80,80,80,80,80,80,80,80,80,80,80,80,85,85,85,85,85],"card_choices":[{"not_picked":["Gash","Stack"],"picked":"Conserve Battery","floor":1.0},{"not_picked":["Barrage","Scrape"],"picked":"Beam Cell","floor":4.0},{"not_picked":["Beam Cell","Gash"],"picked":"Steam Power","floor":5.0},{"not_picked":["Gash","Double Energy"],"picked":"Chill","floor":6.0},{"not_picked":["Stack","Streamline"],"picked":"Sweeping Beam","floor":10.0},{"not_picked":["Hologram","Stack"],"picked":"Steam","floor":13.0},{"not_picked":["Chill","Stack"],"picked":"Lockon","floor":14.0},{"not_picked":["Meteor Strike","Fission"],"picked":"Creative AI","floor":16.0},{"not_picked":["Compile Driver","Heatsinks"],"picked":"Leap","floor":18.0},{"not_picked":["Beam Cell","Steam"],"picked":"Genetic Algorithm","floor":19.0},{"not_picked":["Conserve Battery+1","Gash+1"],"picked":"FTL","floor":24.0},{"not_picked":["Redo","Turbo+1"],"picked":"Defragment","floor":25.0},{"not_picked":["FTL","Thunder Strike"],"picked":"Leap","floor":27.0},{"not_picked":["Leap","Loop"],"picked":"Sweeping Beam","floor":28.0},{"not_picked":["Steam","Stack"],"picked":"Turbo+1","floor":29.0},{"not_picked":["Streamline","Redo","Reinforced Body"],"picked":"SKIP","floor":30.0},{"not_picked":["Coolheaded+1","Beam Cell"],"picked":"Turbo","floor":31.0},{"not_picked":["Fission","Electrodynamics"],"picked":"All For One","floor":33.0},{"not_picked":["Turbo","Compile Driver"],"picked":"Scrape","floor":34},{"not_picked":["Rebound+1","Capacitor+1"],"picked":"Sweeping Beam+1","floor":35}],"player_experience":157655,"relics_obtained":[{"floor":6.0,"key":"Shovel"},{"floor":9.0,"key":"Peace Pipe"},{"floor":15.0,"key":"Thread and Needle"},{"floor":23.0,"key":"Vajra"},{"floor":26.0,"key":"DataDisk"},{"floor":32.0,"key":"Bottled Flame"}],"event_choices":[{"damage_healed":0.0,"max_hp_gain":0.0,"max_hp_loss":0.0,"gold_gain":0.0,"cards_transformed":["Strike_B"],"event_name":"Living Wall","player_choice":"Change","floor":3.0,"gold_loss":0.0,"damage_taken":0.0,"cards_obtained":["Heatsinks"]},{"damage_healed":0.0,"max_hp_gain":0.0,"max_hp_loss":0.0,"gold_gain":0.0,"cards_transformed":["Strike_B"],"event_name":"Transmorgrifier","player_choice":"Transformed","floor":11.0,"gold_loss":0.0,"damage_taken":0.0,"cards_obtained":["BootSequence"]},{"damage_healed":0.0,"max_hp_gain":5.0,"max_hp_loss":0.0,"gold_gain":0.0,"event_name":"Forgotten Altar","player_choice":"Shed Blood","floor":21.0,"gold_loss":0.0,"damage_taken":19.0},{"damage_healed":0,"gold_gain":0,"player_choice":"Took Portal","damage_taken":0,"max_hp_gain":0,"max_hp_loss":0,"event_name":"SecretPortal","floor":37,"gold_loss":0}],"is_beta":false,"boss_relics":[{"not_picked":["Inserter","White Beast Statue"],"picked":"Pandora\u0027s Box"},{"not_picked":["Velvet Choker","Lizard Tail"],"picked":"Tiny House"}],"items_purged_floors":[2,20],"is_endless":false,"potions_floor_spawned":[4,6,16,19,25,31,33,35],"killed_by":"Awakened One","ascension_level":0}