{"gold_per_floor":[19,39,50,50,66,96,111,111,111,126,54,74,85,118,118,219,219,235,235,235,235],"floor_reached":21,"playtime":1530,"items_purged":[],"score":193,"play_id":"1f8b67e8-2ea9-43ad-bce4-a15bf710a068","local_time":"20190819110246","is_ascension_mode":false,"campfire_choices":[{"data":"Dualcast","floor":8,"key":"SMITH"},{"data":"Echo Form","floor":15,"key":"SMITH"}],"neow_cost":"NO_GOLD","seed_source_timestamp":304040674224441,"circlet_count":0,"master_deck":["Strike_B","Strike_B","Defend_B","Defend_B","Defend_B","Zap","Dualcast+1","Echo Form+1","Tempest","Gash","Capacitor","Gash","Cold Snap","Thunder Strike","Self Repair","Doom and Gloom","Consume","Beam Cell","Ball Lightning","Loop","Buffer","Heatsinks+1"],"relics":["Cracked Core","Bag of Preparation","Letter Opener","Kunai","Sozu"],"potions_floor_usage":[6,6,10,14,16],"damage_taken":[{"damage":1,"enemies":"Jaw Worm","floor":1,"turns":4},{"damage":0,"enemies":"Cultist","floor":2,"turns":4},{"damage":2,"enemies":"2 Louse","floor":3,"turns":3},{"damage":6,"enemies":"Exordium Wildlife","floor":5,"turns":4},{"damage":13,"enemies":"3 Sentries","floor":6,"turns":7},{"damage":10,"enemies":"Exordium Thugs","floor":7,"turns":5},{"damage":11,"enemies":"Lots of Slimes","floor":10,"turns":4},{"damage":0,"enemies":"Exordium Wildlife","floor":12,"turns":2},{"damage":10,"enemies":"2 Fungi Beasts","floor":13,"turns":3},{"damage":11,"enemies":"Gremlin Nob","floor":14,"turns":4},{"damage":18,"enemies":"The Guardian","floor":16,"turns":7},{"damage":48,"enemies":"2 Thieves","floor":18,"turns":4},{"damage":20,"enemies":"3 Byrds","floor":21,"turns":3}],"seed_played":"4674381282093035337","potions_obtained":[{"floor":3,"key":"SkillPotion"},{"floor":4,"key":"Strength Potion"},{"floor":4,"key":"Dexterity Potion"},{"floor":6,"key":"Swift Potion"},{"floor":10,"key":"SmokeBomb"},{"floor":12,"key":"Weak Potion"}],"is_trial":false,"path_per_floor":["M","M","M","?","M","E","M","R","T","M","$","M","M","E","R","B",null,"M","?","?","M"],"character_chosen":"DEFECT","items_purchased":["Consume"],"campfire_rested":0,"item_purchase_floors":[11],"current_hp_per_floor":[74,74,72,72,66,53,43,43,43,39,39,46,43,39,39,21,75,27,13,13,0],"gold":235,"neow_bonus":"TRANSFORM_TWO_CARDS","is_prod":false,"is_daily":false,"chose_seed":false,"campfire_upgraded":2,"win_rate":0,"timestamp":1566201766,"path_taken":["M","M","M","?","M","E","M","R","T","M","?","M","M","E","R","BOSS","M","?","?","M"],"build_version":"2019-07-17","purchased_purges":0,"victory":false,"max_hp_per_floor":[75,75,75,75,75,75,75,75,75,75,75,75,75,75,75,75,75,75,80,80,80],"card_choices":[{"not_picked":["Lockon","BootSequence"],"picked":"Gash","floor":1},{"not_picked":["Coolheaded","Sweeping Beam"],"picked":"Capacitor","floor":2},{"not_picked":["Stack","Hello World"],"picked":"Gash","floor":3},{"not_picked":["Barrage","Darkness"],"picked":"Cold Snap","floor":5},{"not_picked":["Conserve Battery","Scrape"],"picked":"Thunder Strike","floor":6},{"not_picked":["Barrage","Hologram"],"picked":"Self Repair","floor":7},{"not_picked":["Reinforced Body","Chaos"],"picked":"Doom and Gloom","floor":10},{"not_picked":["Conserve Battery","Doom and Gloom"],"picked":"Beam Cell","floor":12},{"not_picked":["Cold Snap","Chill"],"picked":"Ball Lightning","floor":13},{"not_picked":["Capacitor","Reboot"],"picked":"Loop","floor":14},{"not_picked":["Meteor Strike","Biased Cognition"],"picked":"Buffer","floor":16},{"not_picked":["Chill","Barrage"],"picked":"Heatsinks+1","floor":18}],"player_experience":71236,"relics_obtained":[{"floor":6,"key":"Bag of Preparation"},{"floor":9,"key":"Letter Opener"},{"floor":14,"key":"Kunai"}],"event_choices":[{"damage_healed":0,"gold_gain":0,"player_choice":"Got Potions","damage_taken":0,"max_hp_gain":0,"max_hp_loss":0,"event_name":"Lab","floor":4,"gold_loss":0},{"damage_healed":0,"gold_gain":0,"player_choice":"Shed Blood","damage_taken":19,"max_hp_gain":5,"max_hp_loss":0,"event_name":"Forgotten Altar","floor":19,"gold_loss":0},{"cards_removed":["Defend_B"],"damage_healed":0,"gold_gain":0,"player_choice":"Offered Basic","damage_taken":0,"max_hp_gain":0,"max_hp_loss":0,"event_name":"Bonfire Elementals","floor":20,"gold_loss":0}],"is_beta":false,"boss_relics":[{"not_picked":["Astrolabe","Ectoplasm"],"picked":"Sozu"}],"items_purged_floors":[],"is_endless":false,"potions_floor_spawned":[3,6,10,12],"killed_by":"3 Byrds","ascension_level":0}