{"gold_per_floor":[116,126,126,137,155,155,184,184,232,242,271,271,346,356,356,356],"floor_reached":16,"playtime":1436,"items_purged":[],"score":112,"play_id":"8969ac5b-cbf8-4e95-802d-a1abe51bd860","local_time":"20190813111021","is_ascension_mode":false,"campfire_choices":[{"data":"Zap","floor":6,"key":"SMITH"},{"floor":12,"key":"REST"},{"floor":15,"key":"REST"}],"neow_cost":"NONE","seed_source_timestamp":57200446313904,"circlet_count":0,"master_deck":["Strike_B","Strike_B","Strike_B","Strike_B","Defend_B","Defend_B","Defend_B","Defend_B","Zap+1","Dualcast","Redo","Steam","Gash","Reinforced Body","Glacier","Loop","Chaos","Static Discharge"],"relics":["Cracked Core","Potion Belt","Shuriken","Matryoshka","Pen Nib","Boot","Letter Opener"],"potions_floor_usage":[7,16,16,16],"damage_taken":[{"damage":0,"enemies":"Cultist","floor":1,"turns":3},{"damage":0,"enemies":"2 Louse","floor":2,"turns":3},{"damage":5,"enemies":"Small Slimes","floor":4,"turns":3},{"damage":10,"enemies":"Looter","floor":5,"turns":3},{"damage":5,"enemies":"Lagavulin","floor":7,"turns":7},{"damage":2,"enemies":"Exordium Thugs","floor":10,"turns":5},{"damage":51,"enemies":"Gremlin Nob","floor":11,"turns":6},{"damage":3,"enemies":"Red Slaver","floor":14,"turns":4},{"damage":34,"enemies":"Hexaghost","floor":16,"turns":9}],"seed_played":"-3240874020708225091","potions_obtained":[{"floor":4,"key":"Strength Potion"},{"floor":5,"key":"PowerPotion"},{"floor":7,"key":"Poison Potion"},{"floor":14,"key":"GamblersBrew"}],"is_trial":false,"path_per_floor":["M","M","T","M","M","R","E","?","T","M","E","R","?","M","R","B"],"character_chosen":"DEFECT","items_purchased":[],"campfire_rested":2,"item_purchase_floors":[],"current_hp_per_floor":[75,75,75,70,60,60,55,55,55,53,2,24,13,10,32,0],"gold":356,"neow_bonus":"RANDOM_COMMON_RELIC","is_prod":false,"is_daily":false,"chose_seed":false,"campfire_upgraded":1,"win_rate":0.0,"timestamp":1565683821,"path_taken":["M","M","?","M","?","R","E","?","T","M","E","R","?","M","R","BOSS"],"build_version":"2019-07-17","purchased_purges":0,"victory":false,"max_hp_per_floor":[75,75,75,75,75,75,75,75,75,75,75,75,75,75,75,75],"card_choices":[{"not_picked":["Gash","Streamline"],"picked":"Redo","floor":1},{"not_picked":["Hologram","Beam Cell"],"picked":"Steam","floor":2},{"not_picked":["Hello World","Rip and Tear"],"picked":"Gash","floor":4},{"not_picked":["Hologram","Steam Power"],"picked":"Reinforced Body","floor":5},{"not_picked":["Fission","Compile Driver"],"picked":"Glacier","floor":7},{"not_picked":["Beam Cell","Streamline"],"picked":"Loop","floor":10},{"not_picked":["Hologram","Redo"],"picked":"Chaos","floor":11},{"not_picked":["Chaos","Cold Snap"],"picked":"Static Discharge","floor":14}],"player_experience":26357,"relics_obtained":[{"floor":3,"key":"Shuriken"},{"floor":7,"key":"Matryoshka"},{"floor":9,"key":"Pen Nib"},{"floor":9,"key":"Boot"},{"floor":11,"key":"Letter Opener"}],"event_choices":[{"damage_healed":0,"gold_gain":0,"player_choice":"Leave","damage_taken":0,"max_hp_gain":0,"max_hp_loss":0,"event_name":"The Cleric","floor":8,"gold_loss":0},{"damage_healed":0,"gold_gain":75,"player_choice":"Gather Gold","damage_taken":11,"max_hp_gain":0,"max_hp_loss":0,"event_name":"World of Goop","floor":13,"gold_loss":0}],"is_beta":false,"boss_relics":[],"items_purged_floors":[],"is_endless":false,"potions_floor_spawned":[4,5,7,14],"killed_by":"Hexaghost","ascension_level":0}