{"gold_per_floor":[10,26,37,54,54,54,93,109,166,166,70,91,115,138,138,138],"floor_reached":16,"playtime":984,"items_purged":[],"score":106,"play_id":"5fcc6092-1b83-47fc-aaa6-5768d4973a2c","local_time":"20190904232652","is_ascension_mode":false,"campfire_choices":[{"data":"Neutralize","floor":6,"key":"SMITH"},{"data":"Prepared","floor":10,"key":"SMITH"},{"floor":15,"key":"REST"}],"neow_cost":"NO_GOLD","seed_source_timestamp":1901074388952382,"circlet_count":0,"master_deck":["Strike_G","Strike_G","Strike_G","Strike_G","Strike_G","Defend_G","Defend_G","Defend_G","Defend_G","Defend_G","Survivor","Neutralize+1","Die Die Die","Dagger Spray","Leg Sweep","Deadly Poison","PiercingWail","Deadly Poison","Prepared+1","Bane","Deflect","Calculated Gamble","Deflect"],"relics":["Ring of the Snake","Golden Idol","Ancient Tea Set","Tiny Chest"],"potions_floor_usage":[7,14,14],"damage_taken":[{"damage":0,"enemies":"Cultist","floor":1,"turns":4},{"damage":0,"enemies":"Jaw Worm","floor":2,"turns":3},{"damage":0,"enemies":"2 Louse","floor":3,"turns":2},{"damage":1,"enemies":"Red Slaver","floor":4,"turns":4},{"damage":19,"enemies":"3 Sentries","floor":7,"turns":9},{"damage":3,"enemies":"Large Slime","floor":8,"turns":8},{"damage":0,"enemies":"2 Fungi Beasts","floor":12,"turns":3},{"damage":5,"enemies":"3 Louse","floor":13,"turns":2},{"damage":10,"enemies":"Large Slime","floor":14,"turns":10},{"damage":50,"enemies":"Hexaghost","floor":16,"turns":14}],"seed_played":"-9107234128204448681","potions_obtained":[{"floor":1,"key":"PowerPotion"},{"floor":4,"key":"SteroidPotion"},{"floor":13,"key":"Regen Potion"}],"is_trial":false,"path_per_floor":["M","M","M","M","?","R","E","M","T","R","$","M","M","M","R","B"],"character_chosen":"THE_SILENT","items_purchased":["Bane","Deflect"],"campfire_rested":1,"item_purchase_floors":[11,11],"current_hp_per_floor":[70,70,70,69,52,52,33,30,30,30,30,30,25,27,48,0],"gold":138,"neow_bonus":"THREE_RARE_CARDS","is_prod":false,"is_daily":false,"chose_seed":false,"campfire_upgraded":2,"win_rate":0,"timestamp":1567632412,"path_taken":["M","M","M","?","?","R","E","M","T","R","$","M","M","M","R","BOSS"],"build_version":"2019-07-17","purchased_purges":0,"victory":false,"max_hp_per_floor":[70,70,70,70,70,70,70,70,70,70,70,70,70,70,70,70],"card_choices":[{"not_picked":["A Thousand Cuts","Venomology"],"picked":"Die Die Die","floor":0},{"not_picked":["Heel Hook","Deadly Poison"],"picked":"Dagger Spray","floor":1},{"not_picked":["Prepared","Sucker Punch"],"picked":"Leg Sweep","floor":2},{"not_picked":["Outmaneuver","Poisoned Stab"],"picked":"Deadly Poison","floor":3},{"not_picked":["Deadly Poison","Distraction"],"picked":"PiercingWail","floor":4},{"not_picked":["Finisher","Outmaneuver"],"picked":"Deadly Poison","floor":7},{"not_picked":["Quick Slash","Calculated Gamble"],"picked":"Prepared","floor":8},{"not_picked":["Underhanded Strike","Expertise"],"picked":"Calculated Gamble","floor":12},{"not_picked":["Reflex","Slice","PiercingWail"],"picked":"SKIP","floor":13},{"not_picked":["Blade Dance","Finisher"],"picked":"Deflect","floor":14}],"player_experience":159126,"relics_obtained":[{"floor":7,"key":"Ancient Tea Set"},{"floor":9,"key":"Tiny Chest"}],"event_choices":[{"damage_healed":0,"gold_gain":0,"player_choice":"Take Damage","damage_taken":17,"relics_obtained":["Golden Idol"],"max_hp_gain":0,"max_hp_loss":0,"event_name":"Golden Idol","floor":5,"gold_loss":0}],"is_beta":false,"boss_relics":[],"items_purged_floors":[],"is_endless":false,"potions_floor_spawned":[1,4,13],"killed_by":"Hexaghost","ascension_level":0}