{"gold_per_floor":[109,129,129,143,218,244,244,258,258,269,269],"floor_reached":11,"playtime":906,"items_purged":[],"score":75,"play_id":"fa1a788f-6586-4dc9-8fd8-d4c221c36f8b","local_time":"20190815113728","is_ascension_mode":false,"campfire_choices":[{"data":"Neutralize","floor":7,"key":"SMITH"}],"neow_cost":"NONE","seed_source_timestamp":55255665725250,"circlet_count":0,"master_deck":["Strike_G","Strike_G+1","Strike_G","Strike_G","Strike_G","Defend_G","Defend_G","Defend_G+1","Defend_G","Defend_G","Survivor","Neutralize+1","Blade Dance","Poisoned Stab","Slice","Bane","Dagger Throw","Blade Dance"],"relics":["Ring of the Snake","Boot","Mummified Hand"],"potions_floor_usage":[6,6,10,10,11,11],"damage_taken":[{"damage":0,"enemies":"Small Slimes","floor":1,"turns":4},{"damage":10,"enemies":"Jaw Worm","floor":2,"turns":5},{"damage":1,"enemies":"Cultist","floor":4,"turns":4},{"damage":13,"enemies":"Lagavulin","floor":6,"turns":9},{"damage":6,"enemies":"Exordium Wildlife","floor":8,"turns":3},{"damage":34,"enemies":"Gremlin Gang","floor":10,"turns":5},{"damage":10,"enemies":"3 Sentries","floor":11,"turns":2}],"seed_played":"-8039682484588372686","potions_obtained":[{"floor":2,"key":"EssenceOfSteel"},{"floor":4,"key":"Regen Potion"},{"floor":6,"key":"Ancient Potion"},{"floor":8,"key":"EntropicBrew"}],"is_trial":false,"path_per_floor":["M","M","?","M","?","E","R","M","T","M","E"],"character_chosen":"THE_SILENT","items_purchased":[],"campfire_rested":0,"item_purchase_floors":[],"current_hp_per_floor":[77,67,52,51,40,42,42,36,36,2,0],"gold":269,"neow_bonus":"TEN_PERCENT_HP_BONUS","is_prod":false,"is_daily":false,"chose_seed":false,"campfire_upgraded":1,"win_rate":0.0,"timestamp":1565858248,"path_taken":["M","M","?","M","?","E","R","M","T","M","E"],"build_version":"2019-07-17","purchased_purges":0,"victory":false,"max_hp_per_floor":[77,77,77,77,77,77,77,77,77,77,77],"card_choices":[{"not_picked":["Backflip","Dodge and Roll"],"picked":"Blade Dance","floor":1},{"not_picked":["Blade Dance","Reflex"],"picked":"Poisoned Stab","floor":2},{"not_picked":["Prepared","Reflex"],"picked":"Slice","floor":4},{"not_picked":["Flying Knee","Wraith Form v2"],"picked":"Bane","floor":6},{"not_picked":["Deflect","Dodge and Roll"],"picked":"Dagger Throw","floor":8},{"not_picked":["Well Laid Plans","Escape Plan"],"picked":"Blade Dance","floor":10}],"player_experience":39136,"relics_obtained":[{"floor":6,"key":"Boot"},{"floor":9,"key":"Mummified Hand"}],"event_choices":[{"damage_healed":0,"gold_gain":0,"player_choice":"Entered Light","damage_taken":15,"max_hp_gain":0,"max_hp_loss":0,"event_name":"Shining Light","floor":3,"gold_loss":0,"cards_upgraded":["Defend_G","Strike_G"]},{"damage_healed":0,"gold_gain":75,"player_choice":"Gather Gold","damage_taken":11,"max_hp_gain":0,"max_hp_loss":0,"event_name":"World of Goop","floor":5,"gold_loss":0}],"is_beta":false,"boss_relics":[],"items_purged_floors":[],"is_endless":false,"potions_floor_spawned":[2,4,6,8],"killed_by":"3 Sentries","ascension_level":0}