{"gold_per_floor":[109,109,127,127,147,147,78,78,146,166,136,166,181,219,219,219],"floor_reached":16,"playtime":581,"items_purged":[],"score":110,"play_id":"6fa8611b-d2a2-4446-977b-fd7cbb1f8baa","local_time":"20190821134828","is_ascension_mode":true,"campfire_choices":[{"data":"Neutralize","floor":6,"key":"SMITH"},{"data":"Leg Sweep","floor":8,"key":"SMITH"},{"data":"Caltrops","floor":15,"key":"SMITH"}],"neow_cost":"NONE","seed_source_timestamp":487738469405048,"circlet_count":0,"master_deck":["Strike_G","Strike_G","Strike_G","Strike_G","Strike_G","Defend_G","Defend_G","Defend_G","Defend_G","Defend_G","Survivor","Neutralize+1","Accuracy","Deadly Poison","Leg Sweep+1","Backflip","Caltrops+1","Cloak And Dagger","Terror","Poisoned Stab","Burst"],"relics":["Ring of the Snake","Golden Idol","Singing Bowl","Bronze Scales","Meat on the Bone"],"potions_floor_usage":[],"damage_taken":[{"damage":1,"enemies":"Jaw Worm","floor":1,"turns":3},{"damage":2,"enemies":"2 Louse","floor":3,"turns":3},{"damage":0,"enemies":"Cultist","floor":5,"turns":5},{"damage":9,"enemies":"Gremlin Gang","floor":10,"turns":6},{"damage":6,"enemies":"Looter","floor":11,"turns":4},{"damage":2,"enemies":"Blue Slaver","floor":13,"turns":4},{"damage":5,"enemies":"Lagavulin","floor":14,"turns":7},{"damage":35,"enemies":"Slime Boss","floor":16,"turns":10}],"seed_played":"3756394306243175268","potions_obtained":[{"floor":3,"key":"LiquidBronze"},{"floor":5,"key":"Dexterity Potion"},{"floor":13,"key":"Ancient Potion"}],"is_trial":false,"path_per_floor":["M","?","M","?","M","R","$","R","T","M","M","?","M","E","R","B"],"character_chosen":"THE_SILENT","items_purchased":["Caltrops"],"campfire_rested":0,"item_purchase_floors":[7],"current_hp_per_floor":[69,52,50,50,50,50,50,50,50,41,35,35,33,28,28,0],"gold":219,"neow_bonus":"THREE_CARDS","is_prod":false,"is_daily":false,"chose_seed":false,"campfire_upgraded":3,"win_rate":0,"timestamp":1566384508,"path_taken":["M","?","M","?","M","R","$","R","T","M","M","?","M","E","R","BOSS"],"build_version":"2019-07-17","purchased_purges":0,"victory":false,"max_hp_per_floor":[70,70,70,70,70,70,70,70,70,70,70,70,70,70,70,70],"card_choices":[{"not_picked":["Acrobatics","Blade Dance"],"picked":"Accuracy","floor":0},{"not_picked":["Deflect","Blur"],"picked":"Deadly Poison","floor":1},{"not_picked":["Deadly Poison","Deflect"],"picked":"Leg Sweep","floor":3},{"not_picked":["Sucker Punch","Riddle With Holes"],"picked":"Backflip","floor":5},{"not_picked":["Escape Plan","Storm of Steel"],"picked":"Cloak And Dagger","floor":10},{"not_picked":["Dodge and Roll","Acrobatics"],"picked":"Terror","floor":11},{"not_picked":["Dagger Throw","Endless Agony"],"picked":"Poisoned Stab","floor":13},{"not_picked":["Prepared","Deflect"],"picked":"Burst","floor":14}],"player_experience":137947,"relics_obtained":[{"floor":9,"key":"Singing Bowl"},{"floor":14,"key":"Meat on the Bone"}],"event_choices":[{"damage_healed":0,"gold_gain":0,"player_choice":"Take Damage","damage_taken":17,"relics_obtained":["Golden Idol"],"max_hp_gain":0,"max_hp_loss":0,"event_name":"Golden Idol","floor":2,"gold_loss":0},{"damage_healed":0,"gold_gain":0,"player_choice":"Ignored","damage_taken":0,"max_hp_gain":0,"max_hp_loss":0,"event_name":"Liars Game","floor":4,"gold_loss":0},{"damage_healed":0,"gold_gain":30,"player_choice":"Searched \u00272\u0027 times","damage_taken":0,"relics_obtained":["Bronze Scales"],"max_hp_gain":0,"max_hp_loss":0,"event_name":"Dead Adventurer","floor":12,"gold_loss":0}],"is_beta":false,"boss_relics":[],"items_purged_floors":[],"is_endless":false,"potions_floor_spawned":[3,5,13,14],"killed_by":"Slime Boss","ascension_level":2}