{"gold_per_floor":[115,115,131,35,85,113,124,124,177,177,196,64,75,92,92,169,169,179,191,206,206,30,58,58,93,175,187,187,187,201,216,216,216],"floor_reached":33,"playtime":1560,"items_purged":["Strike_G","Strike_G"],"score":628,"play_id":"99e22360-3bd5-41c2-b374-a28c07fc840a","local_time":"20190629175421","is_ascension_mode":true,"campfire_choices":[{"data":"Dagger Spray","floor":8.0,"key":"SMITH"},{"data":"Footwork","floor":10.0,"key":"SMITH"},{"data":"Deadly Poison","floor":15.0,"key":"SMITH"},{"floor":28.0,"key":"REST"},{"floor":32.0,"key":"REST"}],"neow_cost":"NONE","seed_source_timestamp":274075065931207,"circlet_count":0,"master_deck":["AscendersBane","Strike_G+1","Strike_G+1","Strike_G+1","Defend_G+1","Defend_G+1","Defend_G+1","Defend_G+1","Defend_G+1","Survivor","Neutralize+1","Leg Sweep","Dash+1","Quick Slash","Footwork+1","Dagger Spray+1","PiercingWail","Deadly Poison+1","Adrenaline","Footwork","Leg Sweep","Terror","Predator","After Image"],"special_seed":0,"relics":["Ring of the Snake","NeowsBlessing","Whetstone","Omamori","Velvet Choker","Bag of Preparation","Ornamental Fan","Strawberry","Darkstone Periapt"],"potions_floor_usage":[33],"damage_taken":[{"damage":0.0,"enemies":"2 Louse","floor":1.0,"turns":1.0},{"damage":0.0,"enemies":"Jaw Worm","floor":3.0,"turns":1.0},{"damage":0.0,"enemies":"Lagavulin","floor":6.0,"turns":1.0},{"damage":0.0,"enemies":"Cultist","floor":7.0,"turns":3.0},{"damage":4.0,"enemies":"Gremlin Gang","floor":11.0,"turns":3.0},{"damage":9.0,"enemies":"Large Slime","floor":13.0,"turns":7.0},{"damage":0.0,"enemies":"3 Louse","floor":14.0,"turns":3.0},{"damage":38.0,"enemies":"Slime Boss","floor":16.0,"turns":18.0},{"damage":0.0,"enemies":"3 Byrds","floor":18.0,"turns":6.0},{"damage":3.0,"enemies":"Shell Parasite","floor":19.0,"turns":5.0},{"damage":16.0,"enemies":"Cultist and Chosen","floor":20.0,"turns":11.0},{"damage":14.0,"enemies":"Gremlin Leader","floor":23.0,"turns":6.0},{"damage":15.0,"enemies":"Book of Stabbing","floor":25.0,"turns":8.0},{"damage":2.0,"enemies":"Snake Plant","floor":27.0,"turns":5.0},{"damage":6.0,"enemies":"Centurion and Healer","floor":30.0,"turns":10.0},{"damage":11.0,"enemies":"Cultist and Chosen","floor":31.0,"turns":7.0},{"damage":45,"enemies":"Automaton","floor":33,"turns":10}],"seed_played":"158562594769745551","potions_obtained":[{"floor":3.0,"key":"SkillPotion"},{"floor":7.0,"key":"Block Potion"},{"floor":20.0,"key":"SteroidPotion"},{"floor":27.0,"key":"FearPotion"}],"is_trial":false,"path_per_floor":["M","?","M","$","?","E","M","R","T","R","M","$","M","M","R","B",null,"M","M","M","?","$","E","?","E","T","M","R","?","M","M","R","B"],"character_chosen":"THE_SILENT","items_purchased":["Quick Slash","Footwork","SteroidPotion","Predator"],"campfire_rested":2,"item_purchase_floors":[4,4,12,22],"current_hp_per_floor":[59,59,59,59,59,59,59,59,59,59,55,55,46,46,46,8,52,52,49,33,33,33,19,19,11,11,9,30,30,24,13,34,0],"gold":216,"neow_bonus":"THREE_ENEMY_KILL","is_prod":false,"is_daily":false,"chose_seed":false,"campfire_upgraded":3,"win_rate":0,"timestamp":1561845261,"path_taken":["M","?","M","$","?","E","M","R","T","R","M","?","M","M","R","BOSS","M","?","M","?","$","E","?","E","T","M","R","?","M","M","R","BOSS"],"build_version":"2019-06-28","purchased_purges":2,"victory":false,"max_hp_per_floor":[66,66,66,66,66,66,66,66,66,66,66,66,66,66,66,66,66,66,66,66,66,66,66,66,73,73,73,73,73,73,73,73,73],"card_choices":[{"not_picked":["Prepared","Cloak And Dagger"],"picked":"Leg Sweep","floor":1.0},{"not_picked":["Terror","Flying Knee"],"picked":"Dash","floor":3.0},{"not_picked":["Wraith Form v2","Well Laid Plans"],"picked":"Dagger Spray","floor":6.0},{"not_picked":["Bane","Deadly Poison"],"picked":"PiercingWail","floor":7.0},{"not_picked":["Outmaneuver","Heel Hook"],"picked":"Deadly Poison","floor":11.0},{"not_picked":["Poisoned Stab","Bane","Flying Knee"],"picked":"SKIP","floor":13.0},{"not_picked":["Sucker Punch","Phantasmal Killer","Concentrate"],"picked":"SKIP","floor":14.0},{"not_picked":["Bullet Time","Wraith Form v2"],"picked":"Adrenaline","floor":16.0},{"not_picked":["Poisoned Stab+1","Prepared"],"picked":"Footwork","floor":18.0},{"not_picked":["Blade Dance","Sucker Punch"],"picked":"Leg Sweep","floor":19.0},{"not_picked":["Cloak And Dagger","Riddle With Holes+1"],"picked":"Terror","floor":20.0},{"not_picked":["Catalyst","Dodge and Roll"],"picked":"After Image","floor":23.0},{"not_picked":["Blade Dance","Outmaneuver","Slice"],"picked":"SKIP","floor":25.0},{"not_picked":["Choke","Catalyst","Cloak And Dagger"],"picked":"SKIP","floor":27.0},{"not_picked":["Prepared+1","Reflex","Choke"],"picked":"SKIP","floor":30.0},{"not_picked":["Setup","Slice","Dagger Spray"],"picked":"SKIP","floor":31.0}],"player_experience":991676,"relics_obtained":[{"floor":6.0,"key":"Whetstone"},{"floor":9.0,"key":"Omamori"},{"floor":23.0,"key":"Ornamental Fan"},{"floor":25.0,"key":"Strawberry"},{"floor":26.0,"key":"Darkstone Periapt"}],"event_choices":[{"damage_healed":0.0,"max_hp_gain":0.0,"max_hp_loss":0.0,"gold_gain":0.0,"event_name":"Living Wall","player_choice":"Grow","floor":2.0,"gold_loss":0.0,"damage_taken":0.0,"cards_upgraded":["Neutralize"]},{"damage_healed":0.0,"max_hp_gain":0.0,"max_hp_loss":0.0,"gold_gain":50.0,"event_name":"Golden Shrine","player_choice":"Pray","floor":5.0,"gold_loss":0.0,"damage_taken":0.0},{"damage_healed":0.0,"max_hp_gain":0.0,"max_hp_loss":0.0,"gold_gain":0.0,"event_name":"The Mausoleum","player_choice":"Opened","floor":21.0,"gold_loss":0.0,"damage_taken":0.0,"relics_obtained":["Bag of Preparation"],"cards_obtained":["Writhe"]},{"damage_healed":0.0,"max_hp_gain":0.0,"max_hp_loss":0.0,"gold_gain":0.0,"event_name":"Vampires","player_choice":"Ignored","floor":24.0,"gold_loss":0.0,"damage_taken":0.0},{"damage_healed":0.0,"max_hp_gain":0.0,"max_hp_loss":0.0,"gold_gain":0.0,"event_name":"Back to Basics","player_choice":"Simplicity","floor":29.0,"gold_loss":0.0,"damage_taken":0.0,"cards_upgraded":["Strike_G","Strike_G","Defend_G","Defend_G","Defend_G","Defend_G","Defend_G"]}],"is_beta":true,"boss_relics":[{"not_picked":["Busted Crown","White Beast Statue"],"picked":"Velvet Choker"}],"items_purged_floors":[12,22],"is_endless":false,"potions_floor_spawned":[3,7,14,20,27],"killed_by":"Automaton","ascension_level":20}