{"gold_per_floor":[116,14,24,24,37,62,76,111,185,199,263,215,229,229,229,229],"floor_reached":16,"playtime":294,"items_purged":[],"score":196,"play_id":"fd9bdc43-780b-4d88-b8ef-be2447933530","local_time":"20190818202830","is_ascension_mode":true,"campfire_choices":[{"data":"Perfected Strike","floor":15,"key":"SMITH"}],"neow_cost":"NONE","seed_source_timestamp":392363479505747,"circlet_count":0,"master_deck":["AscendersBane","Strike_R","Strike_R","Strike_R","Strike_R","Strike_R","Defend_R","Defend_R","Defend_R","Defend_R","Bash","Thunderclap","Pommel Strike","Perfected Strike+1","Clothesline","Twin Strike","Ghostly Armor+1","Pommel Strike"],"special_seed":0,"relics":["Burning Blood","Anchor","Charon\u0027s Ashes","Girya","Bag of Preparation","Toxic Egg 2","Bottled Lightning"],"potions_floor_usage":[6,16],"damage_taken":[{"damage":0.0,"enemies":"Small Slimes","floor":1.0,"turns":3.0},{"damage":2.0,"enemies":"Jaw Worm","floor":3.0,"turns":3.0},{"damage":1.0,"enemies":"Cultist","floor":5.0,"turns":3.0},{"damage":28,"enemies":"Lagavulin","floor":6,"turns":7},{"damage":4,"enemies":"Red Slaver","floor":7,"turns":2},{"damage":32,"enemies":"Gremlin Nob","floor":8,"turns":4},{"damage":3,"enemies":"Blue Slaver","floor":10,"turns":2},{"damage":4,"enemies":"3 Louse","floor":13,"turns":3},{"damage":35,"enemies":"Hexaghost","floor":16,"turns":7}],"seed_played":"-3892816043228378952","potions_obtained":[{"floor":7,"key":"Energy Potion"},{"floor":8,"key":"EssenceOfSteel"}],"is_trial":false,"path_per_floor":["M","$","M","?","M","E","M","E","T","M","?","$","M","T","R","B"],"character_chosen":"IRONCLAD","items_purchased":["Pommel Strike","Block Potion","Pommel Strike"],"campfire_rested":0,"item_purchase_floors":[2,2,12],"current_hp_per_floor":[74,74,75,70,75,53,55,29,29,32,32,32,34,34,34,0],"gold":229,"neow_bonus":"RANDOM_COMMON_RELIC","is_prod":false,"is_daily":false,"chose_seed":false,"campfire_upgraded":1,"win_rate":0,"timestamp":1566174510,"path_taken":["M","$","M","?","M","E","M","E","T","M","?","$","M","?","R","BOSS"],"build_version":"2019-08-15","purchased_purges":0,"victory":false,"max_hp_per_floor":[75,75,75,75,75,75,75,75,75,75,75,75,75,75,75,75],"card_choices":[{"not_picked":["Wild Strike","Havoc"],"picked":"Thunderclap","floor":1.0},{"not_picked":["Corruption","Pommel Strike"],"picked":"Perfected Strike","floor":3.0},{"not_picked":["Seeing Red","Havoc","Armaments"],"picked":"SKIP","floor":5.0},{"not_picked":["Sever Soul","Uppercut"],"picked":"Clothesline","floor":6},{"not_picked":["Armaments","Hemokinesis","Exhume"],"picked":"SKIP","floor":7},{"not_picked":["Feel No Pain","Sword Boomerang"],"picked":"Twin Strike","floor":8},{"not_picked":["Sever Soul","Cleave"],"picked":"Ghostly Armor+1","floor":10},{"not_picked":["Anger","Headbutt","Armaments+1"],"picked":"SKIP","floor":13}],"player_experience":1021965,"relics_obtained":[{"floor":6,"key":"Girya"},{"floor":8,"key":"Bag of Preparation"},{"floor":9,"key":"Toxic Egg 2"},{"floor":14,"key":"Bottled Lightning"}],"event_choices":[{"damage_healed":0.0,"max_hp_gain":0.0,"max_hp_loss":0.0,"gold_gain":0.0,"event_name":"Scrap Ooze","player_choice":"Success","floor":4.0,"gold_loss":0.0,"damage_taken":5.0,"relics_obtained":["Charon\u0027s Ashes"]},{"damage_healed":0,"gold_gain":64,"player_choice":"Gained Gold","damage_taken":0,"max_hp_gain":0,"max_hp_loss":0,"event_name":"Golden Wing","floor":11,"gold_loss":0}],"is_beta":true,"boss_relics":[],"items_purged_floors":[],"is_endless":false,"potions_floor_spawned":[7,8,10],"killed_by":"Hexaghost","ascension_level":15}