{"gold_per_floor":[112,112,126,18,34,68,68,82,109,109,142,60,60,84,84,181,181,181],"floor_reached":18,"playtime":689,"items_purged":[],"score":193,"play_id":"8daa2b10-5140-4804-abc3-56e935cf9d99","local_time":"20190827095439","is_ascension_mode":false,"campfire_choices":[{"data":"Hyperbeam","floor":7,"key":"SMITH"},{"data":"Dualcast","floor":10,"key":"SMITH"},{"data":"Streamline","floor":15,"key":"SMITH"}],"neow_cost":"PERCENT_DAMAGE","seed_source_timestamp":377761876974683,"circlet_count":0,"master_deck":["Strike_B","Strike_B","Strike_B","Defend_B","Defend_B","Defend_B","Defend_B","Zap","Dualcast+1","Coolheaded","Hyperbeam+1","Zap","Cold Snap","Blizzard","Self Repair","Streamline+1","BootSequence","Coolheaded","Gash","FTL","All For One"],"relics":["Cracked Core","Strawberry","Juzu Bracelet","Anchor","Odd Mushroom","Sozu"],"potions_floor_usage":[6,16,16],"damage_taken":[{"damage":10,"enemies":"Small Slimes","floor":1,"turns":3},{"damage":0,"enemies":"Cultist","floor":3,"turns":2},{"damage":0,"enemies":"2 Louse","floor":5,"turns":3},{"damage":24,"enemies":"Gremlin Nob","floor":6,"turns":4},{"damage":15,"enemies":"Exordium Thugs","floor":8,"turns":3},{"damage":9,"enemies":"3 Sentries","floor":11,"turns":3},{"damage":7,"enemies":"The Mushroom Lair","floor":14,"turns":4},{"damage":36,"enemies":"The Guardian","floor":16,"turns":9},{"damage":0,"enemies":"2 Thieves","floor":18,"turns":1}],"seed_played":"-3648207208373242626","potions_obtained":[{"floor":1,"key":"PowerPotion"},{"floor":5,"key":"Regen Potion"},{"floor":8,"key":"Weak Potion"},{"floor":11,"key":"SkillPotion"}],"is_trial":false,"path_per_floor":["M","?","M","$","M","E","R","M","T","R","E","$","?","?","R","B",null,"M"],"character_chosen":"DEFECT","items_purchased":["Blizzard","Self Repair","FTL"],"campfire_rested":0,"item_purchase_floors":[4,4,12],"current_hp_per_floor":[58,58,58,58,65,67,67,59,59,59,57,57,50,43,43,14,96,96],"gold":181,"neow_bonus":"TWENTY_PERCENT_HP_BONUS","is_prod":false,"is_daily":false,"chose_seed":false,"campfire_upgraded":3,"win_rate":0,"timestamp":1566888879,"path_taken":["M","?","M","?","M","E","R","M","T","R","E","$","?","?","R","BOSS","M"],"build_version":"2019-07-17","purchased_purges":0,"victory":false,"max_hp_per_floor":[89,89,89,89,89,96,96,96,96,96,96,96,96,96,96,96,96,96],"card_choices":[{"not_picked":["White Noise","Undo"],"picked":"Coolheaded","floor":1},{"not_picked":["Go for the Eyes","Barrage"],"picked":"Cold Snap","floor":3},{"not_picked":["Hologram","Loop"],"picked":"Streamline","floor":5},{"not_picked":["Compile Driver","Redo"],"picked":"BootSequence","floor":6},{"not_picked":["Conserve Battery","Beam Cell"],"picked":"Coolheaded","floor":8},{"not_picked":["Steam","Blizzard"],"picked":"Gash","floor":11},{"not_picked":["Seek","Thunder Strike"],"picked":"All For One","floor":16}],"player_experience":190710,"relics_obtained":[{"floor":6,"key":"Strawberry"},{"floor":9,"key":"Juzu Bracelet"},{"floor":11,"key":"Anchor"},{"floor":14,"key":"Odd Mushroom"}],"event_choices":[{"damage_healed":0,"gold_gain":0,"player_choice":"2 cards matched","damage_taken":0,"max_hp_gain":0,"max_hp_loss":0,"event_name":"Match and Keep!","floor":2,"gold_loss":0,"cards_obtained":["Hyperbeam","Zap"]},{"cards_removed":["Strike_B"],"damage_healed":0,"gold_gain":0,"player_choice":"Card Removal","damage_taken":7,"max_hp_gain":0,"max_hp_loss":0,"event_name":"Golden Wing","floor":13,"gold_loss":0},{"damage_healed":0,"gold_gain":0,"player_choice":"Fought Mushrooms","damage_taken":0,"max_hp_gain":0,"max_hp_loss":0,"event_name":"Mushrooms","floor":14,"gold_loss":0}],"is_beta":false,"boss_relics":[{"not_picked":["Snecko Eye","Astrolabe"],"picked":"Sozu"}],"items_purged_floors":[],"is_endless":false,"potions_floor_spawned":[1,5,8,11],"killed_by":"2 Thieves","ascension_level":0}