{"gold_per_floor":[114,133,43,43,43,43,98,144,144,176,176,195,195,207,207,207],"floor_reached":16,"playtime":407,"items_purged":[],"score":266,"play_id":"e2a7b80c-8b65-4ac9-8177-f3e21c44415d","local_time":"20190818200200","is_ascension_mode":true,"campfire_choices":[{"data":"Choke","floor":6.0,"key":"SMITH"},{"data":"Neutralize","floor":11.0,"key":"SMITH"},{"data":"Quick Slash","floor":15.0,"key":"SMITH"}],"neow_cost":"NONE","seed_source_timestamp":390666388105075,"circlet_count":0,"master_deck":["AscendersBane","Strike_G","Strike_G","Strike_G","Strike_G","Strike_G","Defend_G","Defend_G","Defend_G","Defend_G","Defend_G","Survivor","Neutralize+1","Quick Slash+1","Escape Plan","Choke+1","Adrenaline","Flechettes+1"],"special_seed":0,"relics":["Ring of the Snake","NeowsBlessing","Molten Egg 2","Tiny Chest","Pen Nib","Darkstone Periapt","Bottled Flame"],"potions_floor_usage":[16,16],"damage_taken":[{"damage":0.0,"enemies":"Small Slimes","floor":1.0,"turns":1.0},{"damage":0.0,"enemies":"Jaw Worm","floor":2.0,"turns":1.0},{"damage":0.0,"enemies":"Gremlin Nob","floor":7.0,"turns":1.0},{"damage":22.0,"enemies":"3 Sentries","floor":10.0,"turns":7.0},{"damage":0.0,"enemies":"2 Louse","floor":12.0,"turns":2.0},{"damage":4.0,"enemies":"Blue Slaver","floor":14.0,"turns":5.0},{"damage":34,"enemies":"Hexaghost","floor":16,"turns":10}],"seed_played":"-2518100894911861389","potions_obtained":[{"floor":2.0,"key":"AttackPotion"},{"floor":7.0,"key":"PowerPotion"},{"floor":10.0,"key":"SpeedPotion"}],"is_trial":false,"path_per_floor":["M","M","$","?","?","R","E","T","T","E","R","M","?","M","R","B"],"character_chosen":"THE_SILENT","items_purchased":["Choke"],"campfire_rested":0,"item_purchase_floors":[3],"current_hp_per_floor":[59,59,59,54,59,59,59,59,59,37,37,37,37,33,33,0],"gold":207,"neow_bonus":"THREE_ENEMY_KILL","is_prod":false,"is_daily":false,"chose_seed":false,"campfire_upgraded":3,"win_rate":0,"timestamp":1566172920,"path_taken":["M","M","$","?","?","R","E","?","T","E","R","M","?","M","R","BOSS"],"build_version":"2019-08-15","purchased_purges":0,"victory":false,"max_hp_per_floor":[66,66,66,66,71,71,71,71,71,71,71,71,71,71,71,71],"card_choices":[{"not_picked":["Expertise","Catalyst"],"picked":"Quick Slash","floor":1.0},{"not_picked":["Distraction","Dash"],"picked":"Escape Plan","floor":2.0},{"not_picked":["Accuracy","Flying Knee+1"],"picked":"Adrenaline","floor":7.0},{"not_picked":["PiercingWail","Cloak And Dagger","Quick Slash+1"],"picked":"SKIP","floor":10.0},{"not_picked":["Flying Knee+1","Slice+1","Dagger Spray+1"],"picked":"SKIP","floor":12.0},{"not_picked":["Backflip","Deflect"],"picked":"Flechettes+1","floor":14.0}],"player_experience":1020646,"relics_obtained":[{"floor":7.0,"key":"Tiny Chest"},{"floor":8.0,"key":"Pen Nib"},{"floor":9.0,"key":"Darkstone Periapt"},{"floor":10.0,"key":"Bottled Flame"}],"event_choices":[{"damage_healed":0.0,"max_hp_gain":0.0,"max_hp_loss":0.0,"gold_gain":0.0,"event_name":"Scrap Ooze","player_choice":"Success","floor":4.0,"gold_loss":0.0,"damage_taken":5.0,"relics_obtained":["Molten Egg 2"]},{"damage_healed":0.0,"max_hp_gain":5.0,"max_hp_loss":0.0,"gold_gain":0.0,"event_name":"Big Fish","player_choice":"Donut","floor":5.0,"gold_loss":0.0,"damage_taken":0.0},{"damage_healed":0.0,"max_hp_gain":0.0,"max_hp_loss":0.0,"gold_gain":0.0,"event_name":"Liars Game","player_choice":"Ignored","floor":13.0,"gold_loss":0.0,"damage_taken":0.0}],"is_beta":true,"boss_relics":[],"items_purged_floors":[],"is_endless":false,"potions_floor_spawned":[2,7,10],"killed_by":"Hexaghost","ascension_level":20}