{"gold_per_floor":[118,118,130,80,5,5,5,5,85,147,222,89,89,100,100,204,254,266,276,30,30,30,30,61,61,87,112,127,153,153,163,163,260,260,279,27,27,46,62,62,162,0,0,0,0],"floor_reached":45,"playtime":1464,"items_purged":["Strike_B","Strike_B"],"score":515,"play_id":"6652e32a-a899-495b-a412-3ec68f28a40f","local_time":"20190902191630","is_ascension_mode":true,"campfire_choices":[{"data":"Conserve Battery","floor":6,"key":"SMITH"},{"data":"Dualcast","floor":13,"key":"SMITH"},{"data":"Buffer","floor":15,"key":"SMITH"},{"data":"Zap","floor":23,"key":"SMITH"},{"floor":30,"key":"REST"},{"floor":32,"key":"REST"},{"floor":40,"key":"REST"}],"neow_cost":"NONE","seed_source_timestamp":929092212400579,"circlet_count":0,"master_deck":["Defend_B+1","Defend_B","Defend_B","Defend_B","Zap+1","Dualcast+1","Conserve Battery+1","Double Energy","Buffer+1","Rebound+1","Lockon+1","FTL+1","Core Surge+1","Go for the Eyes+1","Static Discharge+1","RitualDagger+1","BootSequence","Consume","Echo Form","Defragment","Self Repair","Amplify","Beam Cell+1","White Noise","White Noise","Lockon+1","Dark Shackles"],"relics":["Cracked Core","NeowsBlessing","Shuriken","Molten Egg 2","Tiny Chest","Tiny House","Ancient Tea Set","Singing Bowl","Whetstone","Juzu Bracelet","Oddly Smooth Stone","Inserter","Cables","Pocketwatch","Red Mask","Frozen Egg 2"],"potions_floor_usage":[33,39,39,41,41],"damage_taken":[{"damage":0,"enemies":"Jaw Worm","floor":1,"turns":1},{"damage":0,"enemies":"Small Slimes","floor":3,"turns":1},{"damage":0,"enemies":"3 Sentries","floor":10,"turns":1},{"damage":0,"enemies":"2 Louse","floor":14,"turns":2},{"damage":34,"enemies":"Hexaghost","floor":16,"turns":10},{"damage":0,"enemies":"Chosen","floor":18,"turns":4},{"damage":9,"enemies":"3 Byrds","floor":19,"turns":4},{"damage":11,"enemies":"Book of Stabbing","floor":24,"turns":5},{"damage":18,"enemies":"Gremlin Leader","floor":27,"turns":6},{"damage":16,"enemies":"Centurion and Healer","floor":28,"turns":10},{"damage":20,"enemies":"Book of Stabbing","floor":29,"turns":3},{"damage":13,"enemies":"Snake Plant","floor":31,"turns":3},{"damage":14,"enemies":"Champ","floor":33,"turns":9},{"damage":24,"enemies":"Orb Walker","floor":35,"turns":5},{"damage":37,"enemies":"3 Darklings","floor":38,"turns":5},{"damage":38,"enemies":"Jaw Worm Horde","floor":39,"turns":6},{"damage":22,"enemies":"Mind Bloom Boss Battle","floor":41,"turns":8},{"damage":0,"enemies":"Sphere and 2 Shapes","floor":45,"turns":1}],"seed_played":"8817916019388946768","potions_obtained":[{"floor":3,"key":"Strength Potion"},{"floor":10,"key":"Fire Potion"},{"floor":16,"key":"Weak Potion"},{"floor":27,"key":"LiquidBronze"},{"floor":35,"key":"Block Potion"},{"floor":39,"key":"PowerPotion"}],"is_trial":false,"path_per_floor":["M","?","M","?","$","R","T","$","T","E","?","$","R","M","R","B",null,"M","M","$","?","$","R","E","?","T","E","M","E","R","M","R","B",null,"M","$","?","M","M","R","?","?","T","?","M"],"character_chosen":"DEFECT","items_purchased":["Rebound+1","Lockon+1","Ancient Tea Set","Cables"],"campfire_rested":3,"item_purchase_floors":[12,12,20,36],"current_hp_per_floor":[75,68,68,68,68,68,68,68,68,68,57,57,57,57,57,23,80,80,71,71,65,65,65,54,54,54,36,22,2,26,13,37,23,82,72,72,72,42,4,28,20,20,20,20,20],"gold":0,"neow_bonus":"THREE_ENEMY_KILL","is_prod":false,"is_daily":false,"chose_seed":false,"campfire_upgraded":4,"win_rate":0,"timestamp":1567440990,"path_taken":["M","?","M","?","?","R","?","$","T","E","?","$","R","M","R","BOSS","M","M","$","?","$","R","E","?","T","E","M","E","R","M","R","BOSS","M","$","?","M","M","R","?","?","T","?","M"],"build_version":"2019-07-17","purchased_purges":2,"victory":false,"max_hp_per_floor":[75,75,75,75,75,75,75,75,75,75,75,75,75,75,75,75,80,80,80,80,80,80,80,80,80,80,80,82,82,82,82,82,82,82,82,82,82,82,82,82,82,82,82,82,82],"card_choices":[{"not_picked":["Reinforced Body","Stack"],"picked":"Conserve Battery","floor":1},{"not_picked":["Turbo","Redo"],"picked":"Double Energy","floor":3},{"not_picked":["Force Field","Reinforced Body"],"picked":"Buffer","floor":10},{"not_picked":["Sweeping Beam+1","Doom and Gloom+1"],"picked":"FTL+1","floor":14},{"not_picked":["Fission","All For One+1"],"picked":"Core Surge+1","floor":16},{"not_picked":["Rebound+1","Ball Lightning+1"],"picked":"Go for the Eyes+1","floor":17},{"not_picked":["Compile Driver+1","Streamline+1"],"picked":"Static Discharge+1","floor":18},{"not_picked":["Steam","Double Energy"],"picked":"Go for the Eyes+1","floor":19},{"not_picked":["Barrage+1","Compile Driver+1"],"picked":"BootSequence","floor":24},{"not_picked":["Sunder+1","Rebound+1"],"picked":"Echo Form","floor":27},{"not_picked":["Force Field","Stack","Heatsinks"],"picked":"Singing Bowl","floor":28},{"not_picked":["Darkness","Rebound+1"],"picked":"Defragment","floor":29},{"not_picked":["Beam Cell+1","Sweeping Beam+1"],"picked":"Self Repair","floor":31},{"not_picked":["Buffer","Machine Learning"],"picked":"Amplify","floor":33},{"not_picked":["Cold Snap+1","Coolheaded"],"picked":"Beam Cell+1","floor":35},{"not_picked":["Double Energy+1","Barrage+1"],"picked":"White Noise","floor":38},{"not_picked":["Sweeping Beam+1","Go for the Eyes+1"],"picked":"White Noise","floor":39},{"not_picked":["Redo","Tempest+1"],"picked":"Lockon+1","floor":41},{"not_picked":["Chrysalis","Secret Technique"],"picked":"Dark Shackles","floor":44}],"player_experience":245891,"relics_obtained":[{"floor":7,"key":"Shuriken"},{"floor":9,"key":"Molten Egg 2"},{"floor":10,"key":"Tiny Chest"},{"floor":24,"key":"Singing Bowl"},{"floor":26,"key":"Whetstone"},{"floor":27,"key":"Juzu Bracelet"},{"floor":29,"key":"Oddly Smooth Stone"},{"floor":41,"key":"Pocketwatch"},{"floor":43,"key":"Frozen Egg 2"}],"event_choices":[{"cards_removed":["Strike_B"],"damage_healed":0,"gold_gain":0,"player_choice":"Card Removal","damage_taken":7,"max_hp_gain":0,"max_hp_loss":0,"event_name":"Golden Wing","floor":2,"gold_loss":0},{"cards_removed":["Strike_B"],"damage_healed":0,"gold_gain":0,"player_choice":"Card Removal","damage_taken":0,"max_hp_gain":0,"max_hp_loss":0,"event_name":"The Cleric","floor":4,"gold_loss":50},{"damage_healed":0,"gold_gain":75,"player_choice":"Gather Gold","damage_taken":11,"max_hp_gain":0,"max_hp_loss":0,"event_name":"World of Goop","floor":11,"gold_loss":0},{"damage_healed":0,"gold_gain":0,"player_choice":"Joined the Cult","damage_taken":6,"max_hp_gain":0,"max_hp_loss":0,"event_name":"Nest","floor":21,"gold_loss":0,"cards_obtained":["RitualDagger"]},{"damage_healed":0,"gold_gain":0,"player_choice":"Read","damage_taken":0,"max_hp_gain":0,"max_hp_loss":0,"event_name":"The Library","floor":25,"gold_loss":0,"cards_obtained":["Consume"]},{"cards_removed":["Go for the Eyes"],"damage_healed":0,"gold_gain":0,"player_choice":"Removed Attack","damage_taken":0,"max_hp_gain":0,"max_hp_loss":0,"event_name":"Falling","floor":37,"gold_loss":0},{"damage_healed":0,"gold_gain":0,"player_choice":"Fight","damage_taken":0,"max_hp_gain":0,"max_hp_loss":0,"event_name":"MindBloom","floor":41,"gold_loss":0},{"damage_healed":0,"gold_gain":0,"player_choice":"Paid","damage_taken":0,"relics_obtained":["Red Mask"],"max_hp_gain":0,"max_hp_loss":0,"event_name":"Tomb of Lord Red Mask","floor":42,"gold_loss":162},{"damage_healed":0,"gold_gain":0,"player_choice":"Memory 1","damage_taken":0,"max_hp_gain":0,"max_hp_loss":0,"event_name":"SensoryStone","floor":44,"gold_loss":0}],"is_beta":false,"boss_relics":[{"not_picked":["Runic Pyramid","Orrery"],"picked":"Tiny House"},{"not_picked":["Empty Cage","Coffee Dripper"],"picked":"Inserter"}],"items_purged_floors":[5,20],"is_endless":false,"potions_floor_spawned":[3,10,16,19,27,35,39],"killed_by":"Sphere and 2 Shapes","ascension_level":1}