{"gold_per_floor":[110,122,272,272,272,272,82,107,107,122,133,24,44,79,79,156,156,156,156,0,0,0,0,0,0,0,0,0,0,0],"floor_reached":30,"playtime":720,"items_purged":["Doubt","Decay"],"score":558,"play_id":"8b33a04e-4c61-4247-88c6-09dc68082088","local_time":"20190127103954","is_ascension_mode":true,"campfire_choices":[{"data":"Neutralize","floor":6,"key":"SMITH"},{"floor":15,"key":"REST"},{"floor":23,"key":"REST"},{"floor":25,"key":"REST"},{"floor":29,"key":"REST"}],"neow_cost":"NONE","seed_source_timestamp":1534155283088241,"circlet_count":0,"master_deck":["AscendersBane","Defend_G+1","Defend_G+1","Defend_G+1","Defend_G+1","Defend_G+1","Strike_G+1","Strike_G+1","Strike_G+1","Strike_G+1","Strike_G+1","Survivor","Neutralize+1","Backflip","Acrobatics","Poisoned Stab","Bouncing Flask","Poisoned Stab","Infinite Blades+1","Noxious Fumes+1","Dagger Spray","Envenom+1","Corpse Explosion","Deadly Poison","Footwork+1"],"relics":["Ring of the Snake","NeowsBlessing","Juzu Bracelet","Frozen Egg 2","Blood Vial","Ectoplasm","Happy Flower","Sundial"],"potions_floor_usage":[14,16,16,18,21],"damage_taken":[{"damage":0,"enemies":"Small Slimes","floor":1,"turns":1},{"damage":0,"enemies":"Jaw Worm","floor":2,"turns":1},{"damage":0,"enemies":"Gremlin Nob","floor":8,"turns":1},{"damage":0,"enemies":"Cultist","floor":10,"turns":4},{"damage":2,"enemies":"3 Louse","floor":11,"turns":4},{"damage":0,"enemies":"2 Fungi Beasts","floor":13,"turns":4},{"damage":34,"enemies":"3 Sentries","floor":14,"turns":7},{"damage":13,"enemies":"Slime Boss","floor":16,"turns":7},{"damage":24,"enemies":"Shell Parasite","floor":18,"turns":6},{"damage":19,"enemies":"Chosen","floor":21,"turns":4},{"damage":38,"enemies":"Slavers","floor":24,"turns":3},{"damage":50,"enemies":"Gremlin Leader","floor":30,"turns":4}],"seed_played":"8167061669133113213","potions_obtained":[{"floor":1,"key":"Block Potion"},{"floor":13,"key":"PowerPotion"},{"floor":14,"key":"PowerPotion"},{"floor":16,"key":"Swift Potion"}],"is_trial":false,"path_per_floor":["M","M","?","?","?","R","$","E","T","M","M","$","M","E","R","B",null,"M","?","$","M","?","R","E","R","T","$","?","R","E"],"character_chosen":"THE_SILENT","items_purchased":["Poisoned Stab","SteroidPotion","Noxious Fumes+1","Dagger Spray","PowerPotion"],"campfire_rested":4,"item_purchase_floors":[7,7,12,12,20],"current_hp_per_floor":[59,59,59,39,44,44,44,44,44,44,42,42,42,8,29,18,58,36,36,36,19,19,40,4,25,25,25,25,46,0],"gold":0,"neow_bonus":"THREE_ENEMY_KILL","is_prod":false,"is_daily":false,"chose_seed":false,"campfire_upgraded":1,"win_rate":0,"timestamp":1548603594,"path_taken":["M","M","?","?","?","R","$","E","T","M","M","$","M","E","R","BOSS","M","?","$","M","?","R","E","R","T","$","?","R","E"],"build_version":"2019-01-23","purchased_purges":2,"victory":false,"max_hp_per_floor":[66,66,66,66,71,71,71,71,71,71,71,71,71,71,71,71,71,71,71,71,71,71,71,71,71,71,71,71,71,71],"card_choices":[{"not_picked":["Catalyst","Flying Knee"],"picked":"Backflip","floor":1},{"not_picked":["Blade Dance","Flying Knee","Acrobatics"],"picked":"SKIP","floor":2},{"not_picked":["Blade Dance","Flying Knee"],"picked":"Acrobatics","floor":2},{"not_picked":["Accuracy","Flying Knee"],"picked":"Bouncing Flask","floor":8},{"not_picked":["Backflip","Deflect"],"picked":"Poisoned Stab","floor":10},{"not_picked":["Infinite Blades+1","Choke","Backflip"],"picked":"SKIP","floor":11},{"not_picked":["Choke","Backflip"],"picked":"Infinite Blades+1","floor":11},{"not_picked":["PiercingWail","Acrobatics"],"picked":"Envenom+1","floor":13},{"not_picked":["Tactician","Poisoned Stab","Dagger Spray"],"picked":"SKIP","floor":14},{"not_picked":["Tools of the Trade+1","Wraith Form v2+1"],"picked":"Corpse Explosion","floor":16},{"not_picked":["Backflip","Blade Dance"],"picked":"Deadly Poison","floor":18},{"not_picked":["Dagger Spray","Cloak And Dagger","Sucker Punch"],"picked":"SKIP","floor":21},{"not_picked":["Concentrate","Blur","All Out Attack"],"picked":"SKIP","floor":24}],"player_experience":925266,"relics_obtained":[{"floor":8,"key":"Juzu Bracelet"},{"floor":9,"key":"Frozen Egg 2"},{"floor":14,"key":"Blood Vial"},{"floor":24,"key":"Happy Flower"},{"floor":26,"key":"Sundial"}],"event_choices":[{"damage_healed":0,"gold_gain":150,"player_choice":"AGREE","damage_taken":0,"max_hp_gain":0,"max_hp_loss":0,"event_name":"Liars Game","floor":3,"gold_loss":0,"cards_obtained":["Doubt"]},{"damage_healed":0,"gold_gain":0,"player_choice":"Entered Light","damage_taken":20,"max_hp_gain":0,"max_hp_loss":0,"event_name":"Shining Light","floor":4,"gold_loss":0,"cards_upgraded":["Strike_G","Defend_G"]},{"damage_healed":0,"gold_gain":0,"player_choice":"Donut","damage_taken":0,"max_hp_gain":5,"max_hp_loss":0,"event_name":"Big Fish","floor":5,"gold_loss":0},{"damage_healed":0,"gold_gain":0,"player_choice":"Cursed","damage_taken":0,"max_hp_gain":0,"max_hp_loss":0,"event_name":"Wheel of Change","floor":19,"gold_loss":0,"cards_obtained":["Decay"]},{"damage_healed":0,"gold_gain":0,"player_choice":"Read","damage_taken":0,"max_hp_gain":0,"max_hp_loss":0,"event_name":"The Library","floor":22,"gold_loss":0,"cards_obtained":["Footwork"]},{"damage_healed":0,"gold_gain":0,"player_choice":"Simplicity","damage_taken":0,"max_hp_gain":0,"max_hp_loss":0,"event_name":"Back to Basics","floor":28,"gold_loss":0,"cards_upgraded":["Defend_G","Defend_G","Defend_G","Defend_G","Strike_G","Strike_G","Strike_G","Strike_G"]}],"is_beta":true,"boss_relics":[{"not_picked":["Astrolabe","Coffee Dripper"],"picked":"Ectoplasm"}],"items_purged_floors":[7,20],"is_endless":false,"potions_floor_spawned":[1,13,14,16],"killed_by":"Gremlin Leader","ascension_level":20}