{"gold_per_floor":[146,96,106,106,117,148,163,163,187,204,224,259,259,276,276,378,378,391,391,406,417,60,60,78,88,88,98,98,98,98],"floor_reached":30,"playtime":1696,"items_purged":["Strike_B"],"score":246,"play_id":"a8909007-1846-4abe-b430-021b82a78c7d","local_time":"20190817210729","is_ascension_mode":false,"campfire_choices":[{"data":"Self Repair","floor":8,"key":"SMITH"},{"data":"Sunder","floor":13,"key":"SMITH"},{"data":"Lockon","floor":15,"key":"SMITH"},{"data":"Fission","floor":23,"key":"SMITH"},{"data":"Chill","floor":28,"key":"SMITH"}],"neow_cost":"NONE","seed_source_timestamp":167350376826735,"circlet_count":0,"master_deck":["Strike_B","Strike_B","Defend_B","Defend_B","Defend_B","Defend_B","Zap","Dualcast","Genetic Algorithm","Cold Snap","Ball Lightning","Self Repair+1","Sunder+1","Lockon+1","Sunder","Fission+1","Chill+1","Blizzard+1","Loop","Glacier","Turbo+1"],"relics":["Cracked Core","Tiny Chest","Mummified Hand","Gambling Chip","Blood Vial","Dodecahedron","Philosopher\u0027s Stone","Meat on the Bone","Pantograph","Kunai"],"potions_floor_usage":[6,16,16,21,27],"damage_taken":[{"damage":6,"enemies":"2 Louse","floor":1,"turns":2},{"damage":5,"enemies":"Jaw Worm","floor":3,"turns":4},{"damage":0,"enemies":"Cultist","floor":5,"turns":3},{"damage":13,"enemies":"Lagavulin","floor":6,"turns":6},{"damage":2,"enemies":"Blue Slaver","floor":7,"turns":4},{"damage":3,"enemies":"Looter","floor":10,"turns":3},{"damage":6,"enemies":"Lots of Slimes","floor":11,"turns":5},{"damage":11,"enemies":"3 Sentries","floor":12,"turns":7},{"damage":11,"enemies":"Large Slime","floor":14,"turns":4},{"damage":43,"enemies":"The Guardian","floor":16,"turns":8},{"damage":0,"enemies":"Spheric Guardian","floor":18,"turns":3},{"damage":24,"enemies":"2 Thieves","floor":20,"turns":4},{"damage":37,"enemies":"Centurion and Healer","floor":21,"turns":5},{"damage":19,"enemies":"Sentry and Sphere","floor":24,"turns":5},{"damage":17,"enemies":"Cultist and Chosen","floor":25,"turns":6},{"damage":20,"enemies":"Shelled Parasite and Fungi","floor":27,"turns":4},{"damage":42,"enemies":"Gremlin Leader","floor":30,"turns":2}],"seed_played":"4841287384967986113","potions_obtained":[{"floor":1,"key":"FearPotion"},{"floor":5,"key":"EssenceOfSteel"},{"floor":7,"key":"Strength Potion"},{"floor":11,"key":"Fire Potion"},{"floor":20,"key":"PowerPotion"},{"floor":24,"key":"Fire Potion"},{"floor":25,"key":"SpeedPotion"}],"is_trial":false,"path_per_floor":["M","?","M","T","M","E","M","R","T","M","M","E","R","M","R","B",null,"M","T","M","M","$","R","M","M","T","M","R","?","E"],"character_chosen":"DEFECT","items_purchased":["Loop","Pantograph"],"campfire_rested":0,"item_purchase_floors":[22,22],"current_hp_per_floor":[69,69,64,64,64,51,56,56,56,65,71,72,72,73,73,42,75,75,75,61,48,48,48,53,48,48,52,52,38,0],"gold":98,"neow_bonus":"RANDOM_COMMON_RELIC","is_prod":false,"is_daily":false,"chose_seed":false,"campfire_upgraded":5,"win_rate":0,"timestamp":1566065249,"path_taken":["M","?","M","?","M","E","M","R","T","M","M","E","R","M","R","BOSS","M","?","M","M","$","R","M","M","T","M","R","?","E"],"build_version":"2019-07-17","purchased_purges":1,"victory":false,"max_hp_per_floor":[75,75,75,75,75,75,75,75,75,75,75,75,75,75,75,75,75,75,75,75,75,75,75,75,75,75,75,75,80,80],"card_choices":[{"not_picked":["Go for the Eyes","Aggregate"],"picked":"Genetic Algorithm","floor":1},{"not_picked":["Gash","Conserve Battery"],"picked":"Cold Snap","floor":3},{"not_picked":["Beam Cell","Genetic Algorithm"],"picked":"Ball Lightning","floor":5},{"not_picked":["Glacier","Double Energy"],"picked":"Self Repair","floor":6},{"not_picked":["Scrape","Streamline","Steam Power"],"picked":"SKIP","floor":7},{"not_picked":["Aggregate","Ball Lightning","Stack"],"picked":"SKIP","floor":10},{"not_picked":["Undo","Skim"],"picked":"Sunder","floor":11},{"not_picked":["Cold Snap","Steam"],"picked":"Lockon","floor":12},{"not_picked":["All For One","Conserve Battery"],"picked":"Sunder","floor":14},{"not_picked":["Machine Learning","Thunder Strike"],"picked":"Fission","floor":16},{"not_picked":["Hologram+1","Barrage"],"picked":"Chill","floor":18},{"not_picked":["Leap","Coolheaded"],"picked":"Blizzard+1","floor":20},{"not_picked":["Rip and Tear+1","Conserve Battery+1","Compile Driver"],"picked":"SKIP","floor":21},{"not_picked":["Conserve Battery","Barrage+1"],"picked":"Glacier","floor":24},{"not_picked":["Undo","Gash","Compile Driver"],"picked":"SKIP","floor":25},{"not_picked":["Heatsinks","Compile Driver"],"picked":"Turbo+1","floor":27}],"player_experience":61263,"relics_obtained":[{"floor":4,"key":"Mummified Hand"},{"floor":6,"key":"Gambling Chip"},{"floor":9,"key":"Blood Vial"},{"floor":12,"key":"Dodecahedron"},{"floor":19,"key":"Meat on the Bone"},{"floor":26,"key":"Kunai"}],"event_choices":[{"cards_removed":["Strike_B"],"damage_healed":0,"gold_gain":0,"player_choice":"Card Removal","damage_taken":0,"max_hp_gain":0,"max_hp_loss":0,"event_name":"The Cleric","floor":2,"gold_loss":50},{"damage_healed":0,"gold_gain":0,"player_choice":"Shed Blood","damage_taken":19,"max_hp_gain":5,"max_hp_loss":0,"event_name":"Forgotten Altar","floor":29,"gold_loss":0}],"is_beta":false,"boss_relics":[{"not_picked":["Snecko Eye","FrozenCore"],"picked":"Philosopher\u0027s Stone"}],"items_purged_floors":[22],"is_endless":false,"potions_floor_spawned":[1,5,7,11,12,20,24,25],"killed_by":"Gremlin Leader","ascension_level":0}