{"gold_per_floor":[111,127,142,160,160,195,195,229,252,1,32,50,50,80,80,181,181,195,212,212,232,244,244,279,279,279,279,308,308,334,57,57,153,153,169,269,269,269,279,279,304,304,304,304,330,348,364,376,376,376,376,376,9,36,36],"floor_reached":55,"playtime":3585,"items_purged":["Strike_B"],"score":879,"play_id":"b4ae4df7-ad75-4350-a2ba-9e6bbbd7cdd2","local_time":"20190903084304","is_ascension_mode":true,"campfire_choices":[{"data":"Zap","floor":7,"key":"SMITH"},{"data":"White Noise","floor":13,"key":"SMITH"},{"floor":15,"key":"REST"},{"data":"White Noise","floor":23,"key":"SMITH"},{"floor":25,"key":"REST"},{"data":"Buffer","floor":27,"key":"SMITH"},{"floor":32,"key":"REST"},{"data":"Seek","floor":40,"key":"SMITH"},{"floor":42,"key":"RECALL"},{"data":"Amplify","floor":44,"key":"SMITH"},{"data":"Defragment","floor":49,"key":"SMITH"},{"data":"Beam Cell","floor":52,"key":"SMITH"}],"neow_cost":"NONE","seed_source_timestamp":975367722290994,"circlet_count":0,"master_deck":["Strike_B","Strike_B","Defend_B","Defend_B","Defend_B","Defend_B","Zap+1","Dualcast","Sweeping Beam","Rebound","Gash","Beam Cell+1","Sweeping Beam","Gash","Gash","Buffer+1","White Noise+1","Defragment+1","Seek+1","Leap+1","White Noise+1","Rebound+1","Gash+1","Hologram+1","Amplify+1","Loop","Panache","Conserve Battery","Self Repair+1","White Noise","Double Energy"],"relics":["Cracked Core","NeowsBlessing","Bird Faced Urn","Bag of Marbles","Pen Nib","OrangePellets","Potion Belt","Question Card","Busted Crown","PreservedInsect","Pantograph","Oddly Smooth Stone","Lantern","Strange Spoon","Sozu","Du-Vu Doll","Unceasing Top","Bronze Scales","Dead Branch","Torii"],"potions_floor_usage":[8,18,28,55,55,55],"damage_taken":[{"damage":0,"enemies":"Cultist","floor":1,"turns":1},{"damage":0,"enemies":"Jaw Worm","floor":2,"turns":1},{"damage":0,"enemies":"Small Slimes","floor":3,"turns":1},{"damage":6,"enemies":"3 Louse","floor":4,"turns":3},{"damage":27,"enemies":"Gremlin Nob","floor":6,"turns":4},{"damage":21,"enemies":"Lagavulin","floor":8,"turns":5},{"damage":10,"enemies":"Gremlin Nob","floor":11,"turns":3},{"damage":0,"enemies":"Looter","floor":12,"turns":1},{"damage":13,"enemies":"Lagavulin","floor":14,"turns":5},{"damage":0,"enemies":"Slime Boss","floor":16,"turns":5},{"damage":0,"enemies":"Chosen","floor":18,"turns":4},{"damage":16,"enemies":"Shell Parasite","floor":19,"turns":4},{"damage":23,"enemies":"Snake Plant","floor":21,"turns":4},{"damage":14,"enemies":"Cultist and Chosen","floor":22,"turns":5},{"damage":37,"enemies":"Book of Stabbing","floor":24,"turns":5},{"damage":13,"enemies":"Slavers","floor":28,"turns":3},{"damage":23,"enemies":"Book of Stabbing","floor":30,"turns":5},{"damage":22,"enemies":"Automaton","floor":33,"turns":8},{"damage":7,"enemies":"3 Darklings","floor":35,"turns":6},{"damage":0,"enemies":"Mind Bloom Boss Battle","floor":36,"turns":6},{"damage":0,"enemies":"3 Shapes","floor":39,"turns":6},{"damage":43,"enemies":"Nemesis","floor":41,"turns":5},{"damage":30,"enemies":"Reptomancer","floor":45,"turns":5},{"damage":0,"enemies":"Transient","floor":46,"turns":5},{"damage":0,"enemies":"Writhing Mass","floor":47,"turns":5},{"damage":0,"enemies":"3 Darklings","floor":48,"turns":3},{"damage":42,"enemies":"Time Eater","floor":50,"turns":7},{"damage":42,"enemies":"Shield and Spear","floor":54,"turns":4},{"damage":98,"enemies":"The Heart","floor":55,"turns":8}],"seed_played":"-3403050653886743149","potions_obtained":[{"floor":1,"key":"SteroidPotion"},{"floor":3,"key":"Dexterity Potion"},{"floor":4,"key":"Energy Potion"},{"floor":6,"key":"Regen Potion"},{"floor":19,"key":"EssenceOfSteel"},{"floor":24,"key":"Dexterity Potion"},{"floor":33,"key":"Strength Potion"}],"is_trial":false,"path_per_floor":["M","M","M","M","?","E","R","E","T","$","E","M","R","E","R","B",null,"M","M","?","M","M","R","E","R","T","R","E","?","E","$","R","B",null,"M","?","?","?","M","R","E","R","T","R","E","M","M","M","R","B",null,"R","$","E","B"],"character_chosen":"DEFECT","items_purchased":["Gash","OrangePellets","Strange Spoon","Dead Branch","White Noise"],"campfire_rested":3,"item_purchase_floors":[10,10,31,53,53],"current_hp_per_floor":[75,75,75,69,69,42,42,35,35,35,25,25,25,16,38,44,75,75,59,59,44,38,38,13,35,35,35,28,28,13,13,35,58,75,75,75,65,65,75,75,46,46,46,46,28,68,75,75,75,56,75,75,75,53,0],"gold":36,"neow_bonus":"THREE_ENEMY_KILL","is_prod":false,"is_daily":false,"chose_seed":false,"campfire_upgraded":8,"win_rate":0,"timestamp":1567489384,"path_taken":["M","?","M","M","?","E","R","E","T","$","E","?","R","E","R","BOSS","M","M","?","M","M","R","E","R","T","R","E","?","E","$","R","BOSS","M","?","?","?","M","R","E","R","T","R","E","M","?","M","R","BOSS","R","$","E","BOSS"],"build_version":"2019-07-17","purchased_purges":1,"victory":false,"max_hp_per_floor":[75,75,75,75,75,75,75,75,75,75,75,75,75,75,75,75,75,75,75,75,75,75,75,75,75,75,75,75,75,75,75,75,75,75,75,75,75,75,75,75,75,75,75,75,75,75,75,75,75,75,75,75,75,75,75],"card_choices":[{"not_picked":["Double Energy","Storm"],"picked":"Sweeping Beam","floor":1},{"not_picked":["Darkness","Chill"],"picked":"Rebound","floor":2},{"not_picked":["Conserve Battery","Redo"],"picked":"Gash","floor":3},{"not_picked":["Compile Driver","Scrape"],"picked":"Beam Cell","floor":4},{"not_picked":["Darkness","Storm"],"picked":"Sweeping Beam","floor":6},{"not_picked":["Scrape","Auto Shields"],"picked":"Gash","floor":8},{"not_picked":["Cold Snap","Conserve Battery"],"picked":"Buffer","floor":11},{"not_picked":["Go for the Eyes","Conserve Battery"],"picked":"White Noise","floor":12},{"not_picked":["Double Energy","Compile Driver"],"picked":"Defragment","floor":14},{"not_picked":["Hyperbeam","Buffer","Meteor Strike"],"picked":"Seek","floor":16},{"not_picked":["Ball Lightning"],"picked":"Leap+1","floor":18},{"not_picked":["Ball Lightning"],"picked":"White Noise","floor":19},{"not_picked":["Leap","Force Field+1"],"picked":"SKIP","floor":21},{"not_picked":["Doom and Gloom"],"picked":"Rebound+1","floor":22},{"not_picked":["Beam Cell+1","Reprogram+1"],"picked":"SKIP","floor":24},{"not_picked":["Reprogram"],"picked":"Gash+1","floor":28},{"not_picked":["Electrodynamics"],"picked":"Hologram+1","floor":30},{"not_picked":["Buffer"],"picked":"Amplify","floor":33},{"not_picked":["Beam Cell"],"picked":"Loop","floor":35},{"not_picked":["Madness"],"picked":"Panache","floor":37},{"not_picked":["Glacier"],"picked":"Conserve Battery","floor":39},{"not_picked":["Cold Snap+1","Redo"],"picked":"SKIP","floor":41},{"not_picked":["Machine Learning"],"picked":"Self Repair+1","floor":45},{"not_picked":["Cold Snap","Coolheaded"],"picked":"SKIP","floor":46},{"not_picked":["Go for the Eyes","Sunder"],"picked":"SKIP","floor":47},{"not_picked":["Storm","Sweeping Beam+1"],"picked":"SKIP","floor":48},{"not_picked":["Leap"],"picked":"Double Energy","floor":54}],"player_experience":247355,"relics_obtained":[{"floor":6,"key":"Bird Faced Urn"},{"floor":8,"key":"Bag of Marbles"},{"floor":9,"key":"Pen Nib"},{"floor":11,"key":"Potion Belt"},{"floor":14,"key":"Question Card"},{"floor":24,"key":"PreservedInsect"},{"floor":26,"key":"Pantograph"},{"floor":28,"key":"Oddly Smooth Stone"},{"floor":30,"key":"Lantern"},{"floor":36,"key":"Du-Vu Doll"},{"floor":41,"key":"Unceasing Top"},{"floor":45,"key":"Bronze Scales"},{"floor":54,"key":"Torii"}],"event_choices":[{"cards_removed":["Strike_B"],"damage_healed":0,"gold_gain":0,"player_choice":"Offered Basic","damage_taken":0,"max_hp_gain":0,"max_hp_loss":0,"event_name":"Bonfire Elementals","floor":5,"gold_loss":0},{"damage_healed":0,"gold_gain":0,"player_choice":"Ignored","damage_taken":0,"max_hp_gain":0,"max_hp_loss":0,"event_name":"Vampires","floor":20,"gold_loss":0},{"damage_healed":0,"gold_gain":0,"player_choice":"Ignored","damage_taken":0,"max_hp_gain":0,"max_hp_loss":0,"event_name":"Ghosts","floor":29,"gold_loss":0},{"damage_healed":0,"gold_gain":0,"player_choice":"Fight","damage_taken":0,"max_hp_gain":0,"max_hp_loss":0,"event_name":"MindBloom","floor":36,"gold_loss":0},{"damage_healed":0,"gold_gain":0,"player_choice":"Memory 3","damage_taken":10,"max_hp_gain":0,"max_hp_loss":0,"event_name":"SensoryStone","floor":37,"gold_loss":0},{"damage_healed":0,"gold_gain":0,"player_choice":"Bought 0 Potions","damage_taken":0,"max_hp_gain":0,"max_hp_loss":0,"event_name":"The Woman in Blue","floor":38,"gold_loss":0}],"is_beta":false,"boss_relics":[{"not_picked":["White Beast Statue","Philosopher\u0027s Stone"],"picked":"Busted Crown"},{"not_picked":["Cursed Key","Empty Cage"],"picked":"Sozu"}],"items_purged_floors":[31],"is_endless":false,"potions_floor_spawned":[1,3,4,6,19,24,33,39,47],"killed_by":"The Heart","ascension_level":1}