{"gold_per_floor":[114,114,3,20,95,95,124,124,124,154,154,179,179,179],"floor_reached":14,"playtime":246,"items_purged":[],"score":258,"play_id":"a627f8c6-a32f-4786-b2f9-8e2f3bf5d45a","local_time":"20190608171805","is_ascension_mode":true,"campfire_choices":[{"data":"Cleave","floor":6,"key":"SMITH"},{"data":"Thunderclap","floor":8,"key":"SMITH"},{"data":"Bash","floor":13,"key":"SMITH"}],"neow_cost":"NONE","seed_source_timestamp":352315021782347,"circlet_count":0,"master_deck":["AscendersBane","Strike_R","Strike_R","Strike_R","Strike_R","Strike_R","Defend_R+1","Defend_R+1","Defend_R","Defend_R","Bash+1","Cleave+1","Twin Strike","Shrug It Off","Thunderclap+1","Impervious","Iron Wave"],"relics":["Burning Blood","NeowsBlessing","Ornamental Fan","Kunai","Turnip","Bag of Preparation"],"potions_floor_usage":[12,12],"damage_taken":[{"damage":0,"enemies":"Small Slimes","floor":1,"turns":1},{"damage":0,"enemies":"Jaw Worm","floor":4,"turns":1},{"damage":0,"enemies":"Gremlin Nob","floor":7,"turns":1},{"damage":47,"enemies":"Lagavulin","floor":10,"turns":9},{"damage":5,"enemies":"Gremlin Nob","floor":12,"turns":5}],"seed_played":"8019105588537731486","potions_obtained":[{"floor":1,"key":"EssenceOfSteel"},{"floor":7,"key":"EssenceOfSteel"}],"is_trial":false,"path_per_floor":["M","?","$","M","?","R","E","R","T","E","?","E","R","?"],"character_chosen":"IRONCLAD","items_purchased":["Twin Strike","Shrug It Off"],"campfire_rested":0,"item_purchase_floors":[3,3],"current_hp_per_floor":[74,79,79,80,69,69,75,75,75,34,10,11,11,0],"gold":179,"neow_bonus":"THREE_ENEMY_KILL","is_prod":false,"is_daily":false,"chose_seed":false,"campfire_upgraded":3,"win_rate":0,"timestamp":1560028685,"path_taken":["M","?","$","M","?","R","E","R","T","E","?","E","R","?"],"build_version":"2019-06-07","purchased_purges":0,"victory":false,"max_hp_per_floor":[75,80,80,80,80,80,80,80,80,80,80,80,80,80],"card_choices":[{"not_picked":["Power Through","Metallicize"],"picked":"Cleave","floor":1},{"not_picked":["Cleave","Warcry"],"picked":"Thunderclap","floor":4},{"not_picked":["Clash","Iron Wave"],"picked":"Impervious","floor":7},{"not_picked":["Perfected Strike","Hemokinesis"],"picked":"Iron Wave","floor":10},{"not_picked":["Cleave","Perfected Strike","Combust"],"picked":"SKIP","floor":12}],"player_experience":988046,"relics_obtained":[{"floor":7,"key":"Ornamental Fan"},{"floor":9,"key":"Kunai"},{"floor":10,"key":"Turnip"},{"floor":12,"key":"Bag of Preparation"}],"event_choices":[{"damage_healed":0,"gold_gain":0,"player_choice":"Donut","damage_taken":0,"max_hp_gain":5,"max_hp_loss":0,"event_name":"Big Fish","floor":2,"gold_loss":0},{"damage_healed":0,"gold_gain":75,"player_choice":"Gather Gold","damage_taken":11,"max_hp_gain":0,"max_hp_loss":0,"event_name":"World of Goop","floor":5,"gold_loss":0},{"damage_healed":0,"gold_gain":0,"player_choice":"Entered Light","damage_taken":24,"max_hp_gain":0,"max_hp_loss":0,"event_name":"Shining Light","floor":11,"gold_loss":0,"cards_upgraded":["Defend_R","Defend_R"]}],"is_beta":true,"boss_relics":[],"items_purged_floors":[],"is_endless":false,"potions_floor_spawned":[1,7],"ascension_level":20}