{"gold_per_floor":[112,122,136,152,167,167,167,267,294,314,57,73,73,107,119,226,238,270,207,230,260,289,301,330,342],"floor_reached":25,"playtime":1499,"items_purged":["Strike_G"],"score":257,"play_id":"ebeef4f1-f3bc-4b5f-a834-e747f1bf5efe","local_time":"20190820102121","is_ascension_mode":true,"campfire_choices":[{"data":"Noxious Fumes","floor":6,"key":"SMITH"},{"data":"Catalyst","floor":13,"key":"SMITH"},{"data":"Catalyst","floor":15,"key":"SMITH"},{"floor":23,"key":"REST"}],"neow_cost":"NONE","seed_source_timestamp":387988632579546,"circlet_count":0,"master_deck":["Strike_G","Strike_G","Defend_G","Defend_G","Defend_G","Defend_G","Defend_G","Survivor","Neutralize+1","Skewer","Backstab","Deadly Poison","Catalyst+1","Noxious Fumes+1","Bouncing Flask","Footwork","Corpse Explosion","Catalyst+1","Night Terror","Footwork","Deadly Poison","Well Laid Plans","Leg Sweep"],"relics":["Ring of the Snake","Bronze Scales","MawBank","Eternal Feather"],"potions_floor_usage":[16,21],"damage_taken":[{"damage":1,"enemies":"2 Louse","floor":1,"turns":3},{"damage":0,"enemies":"Cultist","floor":2,"turns":3},{"damage":0,"enemies":"Jaw Worm","floor":3,"turns":3},{"damage":4,"enemies":"Blue Slaver","floor":4,"turns":4},{"damage":5,"enemies":"2 Fungi Beasts","floor":5,"turns":4},{"damage":1,"enemies":"Large Slime","floor":10,"turns":5},{"damage":4,"enemies":"Blue Slaver","floor":12,"turns":3},{"damage":7,"enemies":"Gremlin Nob","floor":14,"turns":3},{"damage":6,"enemies":"Hexaghost","floor":16,"turns":6},{"damage":2,"enemies":"Chosen","floor":18,"turns":3},{"damage":23,"enemies":"2 Thieves","floor":20,"turns":3},{"damage":15,"enemies":"Shelled Parasite and Fungi","floor":21,"turns":6},{"damage":22,"enemies":"Centurion and Healer","floor":22,"turns":6},{"damage":28,"enemies":"Cultist and Chosen","floor":24,"turns":5},{"damage":17,"enemies":"Chosen and Byrds","floor":25,"turns":4}],"seed_played":"586426164304234165","potions_obtained":[{"floor":1,"key":"Ancient Potion"},{"floor":2,"key":"Block Potion"},{"floor":10,"key":"SmokeBomb"},{"floor":12,"key":"GhostInAJar"},{"floor":21,"key":"SteroidPotion"},{"floor":22,"key":"SteroidPotion"}],"is_trial":false,"path_per_floor":["M","M","M","M","M","R","?","?","T","M","$","M","R","E","R","B",null,"M","?","M","M","M","R","M","M"],"character_chosen":"THE_SILENT","items_purchased":["Footwork","Corpse Explosion"],"campfire_rested":1,"item_purchase_floors":[11,11],"current_hp_per_floor":[69,69,69,65,60,60,53,53,53,52,52,48,48,41,41,35,70,68,68,45,30,8,41,13,0],"gold":342,"neow_bonus":"UPGRADE_CARD","is_prod":false,"is_daily":false,"chose_seed":false,"campfire_upgraded":3,"win_rate":0,"timestamp":1566285681,"path_taken":["M","M","M","M","M","R","?","?","T","?","$","M","R","E","R","BOSS","M","?","M","M","M","R","M","M"],"build_version":"2019-07-17","purchased_purges":1,"victory":false,"max_hp_per_floor":[70,70,70,70,70,70,70,70,70,70,70,70,70,70,70,70,70,70,70,70,70,70,70,70,70],"card_choices":[{"not_picked":["Deflect","Masterful Stab"],"picked":"Skewer","floor":1},{"not_picked":["Outmaneuver","Quick Slash"],"picked":"Backstab","floor":2},{"not_picked":["Underhanded Strike","Caltrops"],"picked":"Deadly Poison","floor":3},{"not_picked":["Quick Slash","Tactician"],"picked":"Catalyst","floor":4},{"not_picked":["Dash","Outmaneuver"],"picked":"Noxious Fumes","floor":5},{"not_picked":["Caltrops","Outmaneuver"],"picked":"Bouncing Flask","floor":10},{"not_picked":["Dagger Throw","Reflex","Underhanded Strike"],"picked":"SKIP","floor":12},{"not_picked":["Dagger Spray","Quick Slash"],"picked":"Catalyst","floor":14},{"not_picked":["Phantasmal Killer","A Thousand Cuts"],"picked":"Night Terror","floor":16},{"not_picked":["Eviscerate","Underhanded Strike","Skewer+1"],"picked":"SKIP","floor":18},{"not_picked":["Underhanded Strike","Poisoned Stab"],"picked":"Footwork","floor":20},{"not_picked":["Acrobatics","Dagger Throw"],"picked":"Deadly Poison","floor":21},{"not_picked":["Underhanded Strike+1","Corpse Explosion"],"picked":"Well Laid Plans","floor":22},{"not_picked":["Well Laid Plans","Prepared"],"picked":"Leg Sweep","floor":24}],"player_experience":103140,"relics_obtained":[{"floor":9,"key":"Bronze Scales"},{"floor":14,"key":"MawBank"}],"event_choices":[{"cards_removed":["Strike_G"],"damage_healed":0,"gold_gain":0,"player_choice":"Card Removal","damage_taken":7,"max_hp_gain":0,"max_hp_loss":0,"event_name":"Golden Wing","floor":7,"gold_loss":0},{"damage_healed":0,"gold_gain":100,"player_choice":"Pray","damage_taken":0,"max_hp_gain":0,"max_hp_loss":0,"event_name":"Golden Shrine","floor":8,"gold_loss":0},{"cards_removed":["Strike_G"],"damage_healed":0,"gold_gain":0,"player_choice":"Gave Gold","damage_taken":0,"max_hp_gain":0,"max_hp_loss":0,"event_name":"Beggar","floor":19,"gold_loss":75}],"is_beta":false,"boss_relics":[{"not_picked":["Lizard Tail","Ectoplasm"],"picked":"Eternal Feather"}],"items_purged_floors":[11],"is_endless":false,"potions_floor_spawned":[1,2,10,12,21,22],"killed_by":"Chosen and Byrds","ascension_level":2}