{"gold_per_floor":[119,136,136,147,147,173,173,173],"floor_reached":8,"playtime":356,"items_purged":[],"score":106,"play_id":"b47a23c8-aeeb-4a51-bd7d-ce5c1f52d9e8","local_time":"20190903220311","is_ascension_mode":true,"campfire_choices":[{"floor":7,"key":"REST"}],"neow_cost":"TEN_PERCENT_HP_LOSS","seed_source_timestamp":0,"circlet_count":0,"master_deck":["AscendersBane","Strike_R","Strike_R+1","Strike_R","Strike_R","Strike_R","Defend_R","Defend_R","Defend_R","Defend_R","Bash","Demon Form+1","Headbutt","Shockwave","Twin Strike","Pommel Strike"],"special_seed":0,"relics":["Burning Blood","PreservedInsect"],"potions_floor_usage":[8],"damage_taken":[{"damage":27,"enemies":"Small Slimes","floor":1,"turns":7},{"damage":10,"enemies":"2 Louse","floor":2,"turns":3},{"damage":0,"enemies":"Cultist","floor":4,"turns":4},{"damage":48,"enemies":"Gremlin Nob","floor":6,"turns":5},{"damage":35,"enemies":"3 Sentries","floor":8,"turns":6}],"seed_played":"-7073461681540824596","potions_obtained":[{"floor":1,"key":"Ancient Potion"},{"floor":6,"key":"Swift Potion"}],"is_trial":false,"path_per_floor":["M","M","?","M","?","E","R","E"],"character_chosen":"IRONCLAD","items_purchased":[],"campfire_rested":1,"item_purchase_floors":[],"current_hp_per_floor":[47,43,23,29,51,9,29,0],"gold":173,"neow_bonus":"THREE_RARE_CARDS","is_prod":false,"is_daily":false,"chose_seed":false,"campfire_upgraded":0,"win_rate":0,"timestamp":1567566191,"path_taken":["M","M","?","M","?","E","R","E"],"build_version":"2019-07-17","purchased_purges":0,"victory":false,"max_hp_per_floor":[68,68,68,68,68,68,68,68],"card_choices":[{"not_picked":["Barricade","Juggernaut"],"picked":"Demon Form","floor":0},{"not_picked":["Searing Blow","Clothesline"],"picked":"Headbutt","floor":1},{"not_picked":["Rupture","Infernal Blade"],"picked":"Shockwave","floor":2},{"not_picked":["Cleave","Shockwave"],"picked":"Twin Strike","floor":4},{"not_picked":["True Grit","Combust"],"picked":"Pommel Strike","floor":6}],"player_experience":816268,"relics_obtained":[{"floor":6,"key":"PreservedInsect"}],"event_choices":[{"damage_healed":0,"gold_gain":0,"player_choice":"Entered Light","damage_taken":20,"max_hp_gain":0,"max_hp_loss":0,"event_name":"Shining Light","floor":3,"gold_loss":0,"cards_upgraded":["Demon Form","Strike_R"]},{"damage_healed":22,"gold_gain":0,"player_choice":"Banana","damage_taken":0,"max_hp_gain":0,"max_hp_loss":0,"event_name":"Big Fish","floor":5,"gold_loss":0}],"is_beta":false,"boss_relics":[],"items_purged_floors":[],"is_endless":false,"potions_floor_spawned":[1,6],"killed_by":"3 Sentries","ascension_level":18}