{"gold_per_floor":[143,158,62,75,75,405,405,405,483,483,503,522,141,174,186,198],"floor_reached":16,"playtime":1128,"items_purged":["Regret"],"score":209,"play_id":"0c20144b-d792-4b08-8e22-086c927b5d63","local_time":"20190904232607","is_ascension_mode":true,"campfire_choices":[{"data":"True Grit","floor":7,"key":"SMITH"},{"floor":15,"key":"REST"}],"neow_cost":"NONE","seed_source_timestamp":18393259211700,"circlet_count":0,"master_deck":["AscendersBane","Strike_R","Strike_R","Strike_R","Strike_R","Strike_R","Defend_R","Defend_R","Defend_R","Defend_R","Bash+1","Headbutt","Headbutt","Second Wind+1","True Grit+1","Clothesline+1","Inflame","Intimidate","Evolve","Shrug It Off"],"relics":["Burning Blood","Tiny Chest","Orichalcum","Old Coin","Blue Candle","Oddly Smooth Stone","MawBank"],"potions_floor_usage":[14,14],"damage_taken":[{"damage":4,"enemies":"Small Slimes","floor":1,"turns":5},{"damage":3,"enemies":"2 Louse","floor":2,"turns":4},{"damage":6,"enemies":"Cultist","floor":4,"turns":3},{"damage":38,"enemies":"Gremlin Nob","floor":6,"turns":5},{"damage":0,"enemies":"Exordium Wildlife","floor":11,"turns":4},{"damage":14,"enemies":"Exordium Thugs","floor":12,"turns":3},{"damage":5,"enemies":"3 Sentries","floor":14,"turns":8},{"damage":42,"enemies":"Hexaghost","floor":16,"turns":13}],"seed_played":"-6286507467092194707","potions_obtained":[{"floor":1,"key":"Swift Potion"},{"floor":4,"key":"SpeedPotion"},{"floor":14,"key":"SpeedPotion"}],"is_trial":false,"path_per_floor":["M","M","$","M","?","E","R","?","T","?","M","M","$","E","R","B"],"character_chosen":"IRONCLAD","items_purchased":["Headbutt","Second Wind","Oddly Smooth Stone","Evolve","Shrug It Off"],"campfire_rested":1,"item_purchase_floors":[3,3,13,13,13],"current_hp_per_floor":[70,73,73,73,73,41,41,18,18,18,24,16,16,17,39,0],"gold":198,"neow_bonus":"RANDOM_COMMON_RELIC","is_prod":false,"is_daily":false,"chose_seed":false,"campfire_upgraded":1,"win_rate":0,"timestamp":1567657567,"path_taken":["M","M","$","M","?","E","R","?","T","?","?","M","$","E","R","BOSS"],"build_version":"2019-07-17","purchased_purges":1,"victory":false,"max_hp_per_floor":[75,75,75,75,75,75,75,75,75,75,75,75,75,75,75,75],"card_choices":[{"not_picked":["Infernal Blade","Sword Boomerang"],"picked":"Headbutt","floor":1},{"not_picked":["Searing Blow","Clash","Infernal Blade"],"picked":"SKIP","floor":2},{"not_picked":["Flex","Clothesline"],"picked":"True Grit","floor":4},{"not_picked":["Anger","Headbutt"],"picked":"Clothesline","floor":6},{"not_picked":["Clash","Pommel Strike"],"picked":"Inflame","floor":11},{"not_picked":["Berserk","Thunderclap"],"picked":"Intimidate","floor":12},{"not_picked":["Shrug It Off","Offering","Metallicize"],"picked":"SKIP","floor":14}],"player_experience":828546,"relics_obtained":[{"floor":6,"key":"Old Coin"},{"floor":9,"key":"Blue Candle"},{"floor":14,"key":"MawBank"}],"event_choices":[{"damage_healed":0,"gold_gain":0,"player_choice":"Box","damage_taken":0,"relics_obtained":["Orichalcum"],"max_hp_gain":0,"max_hp_loss":0,"event_name":"Big Fish","floor":5,"gold_loss":0,"cards_obtained":["Regret"]},{"damage_healed":0,"gold_gain":0,"player_choice":"Entered Light","damage_taken":23,"max_hp_gain":0,"max_hp_loss":0,"event_name":"Shining Light","floor":8,"gold_loss":0,"cards_upgraded":["Second Wind","Clothesline"]},{"damage_healed":0,"gold_gain":0,"player_choice":"Upgraded","damage_taken":0,"max_hp_gain":0,"max_hp_loss":0,"event_name":"Upgrade Shrine","floor":10,"gold_loss":0,"cards_upgraded":["Bash"]}],"is_beta":false,"boss_relics":[],"items_purged_floors":[13],"is_endless":false,"potions_floor_spawned":[1,4,11,14],"killed_by":"Hexaghost","ascension_level":18}