{"gold_per_floor":[109,109,128,146,164,164,177,193,193,208,242,242,257,270,270,369,369,385,385,395,408,507,507,536,549,549,12,12,12,25,36,36,139,139,158,158,58,75,87,87,50,50,50,67,84,97,97,97],"floor_reached":48,"playtime":2923,"items_purged":["Pain","Writhe"],"score":512,"play_id":"041cad57-c397-4907-94bb-3b3ca2cb5398","local_time":"20190805163835","is_ascension_mode":false,"campfire_choices":[{"data":"Sweeping Beam","floor":6,"key":"SMITH"},{"floor":15,"key":"REST"},{"floor":23,"key":"REST"},{"floor":28,"key":"REST"},{"floor":32,"key":"REST"},{"data":"Multi-Cast","floor":40,"key":"SMITH"},{"data":"Storm","floor":42,"key":"SMITH"}],"neow_cost":"NONE","seed_source_timestamp":333009231044258,"circlet_count":0,"master_deck":["Strike_B","Strike_B","Strike_B","Strike_B","Defend_B","Defend_B","Defend_B","Defend_B","Zap","Dualcast","Electrodynamics+1","Leap","Sweeping Beam+1","Coolheaded","Ball Lightning","Defragment+1","Steam","Auto Shields","Sweeping Beam","Gash","BootSequence","Electrodynamics+1","Decay","Ball Lightning","Leap","Turbo","Ball Lightning","Electrodynamics","Barrage+1","Hello World+1","Multi-Cast+1","Ball Lightning+1","Madness","Madness","Storm","Defragment+1","Storm+1","Tempest+1"],"relics":["Cracked Core","Gremlin Horn","Letter Opener","Calling Bell","Omamori","Pantograph","Bird Faced Urn","Ancient Tea Set","Mercury Hourglass","Bag of Preparation","Molten Egg 2","Dodecahedron","Runic Pyramid","Centennial Puzzle","FossilizedHelix"],"potions_floor_usage":[16,33,33,48,48],"damage_taken":[{"damage":1,"enemies":"Cultist","floor":1,"turns":3},{"damage":1,"enemies":"Small Slimes","floor":3,"turns":2},{"damage":6,"enemies":"Jaw Worm","floor":4,"turns":2},{"damage":13,"enemies":"Lots of Slimes","floor":5,"turns":2},{"damage":2,"enemies":"Blue Slaver","floor":7,"turns":3},{"damage":12,"enemies":"Exordium Wildlife","floor":8,"turns":3},{"damage":2,"enemies":"Large Slime","floor":10,"turns":4},{"damage":3,"enemies":"3 Sentries","floor":11,"turns":2},{"damage":0,"enemies":"Exordium Thugs","floor":13,"turns":2},{"damage":14,"enemies":"Gremlin Gang","floor":14,"turns":2},{"damage":25,"enemies":"The Guardian","floor":16,"turns":10},{"damage":11,"enemies":"2 Thieves","floor":18,"turns":4},{"damage":24,"enemies":"3 Byrds","floor":20,"turns":3},{"damage":16,"enemies":"Snecko","floor":21,"turns":4},{"damage":15,"enemies":"Slavers","floor":24,"turns":4},{"damage":18,"enemies":"3 Cultists","floor":25,"turns":3},{"damage":12,"enemies":"Centurion and Healer","floor":30,"turns":3},{"damage":17,"enemies":"Snake Plant","floor":31,"turns":3},{"damage":47,"enemies":"Collector","floor":33,"turns":6},{"damage":30,"enemies":"3 Darklings","floor":35,"turns":5},{"damage":4,"enemies":"3 Shapes","floor":38,"turns":2},{"damage":0,"enemies":"Sphere and 2 Shapes","floor":39,"turns":3},{"damage":24,"enemies":"Spire Growth","floor":44,"turns":4},{"damage":10,"enemies":"3 Darklings","floor":45,"turns":4},{"damage":7,"enemies":"Jaw Worm Horde","floor":46,"turns":2},{"damage":32,"enemies":"Reptomancer","floor":48,"turns":4}],"seed_played":"1091194408427621139","potions_obtained":[{"floor":3,"key":"Weak Potion"},{"floor":7,"key":"EssenceOfSteel"},{"floor":8,"key":"Swift Potion"},{"floor":24,"key":"GamblersBrew"},{"floor":25,"key":"Fire Potion"},{"floor":33,"key":"GamblersBrew"},{"floor":39,"key":"FocusPotion"}],"is_trial":false,"path_per_floor":["M","?","M","M","M","R","M","M","T","M","E","?","M","M","R","B",null,"M","?","M","M","?","R","E","M","T","$","R","T","M","M","R","B",null,"M","?","$","M","M","R","$","R","T","M","M","M","?","E"],"character_chosen":"DEFECT","items_purchased":["Bag of Preparation","Molten Egg 2","Electrodynamics","Storm"],"campfire_rested":4,"item_purchase_floors":[27,27,27,41],"current_hp_per_floor":[74,74,73,67,54,54,52,40,40,38,35,35,35,21,43,18,75,70,70,48,38,38,60,49,35,35,35,57,57,49,36,58,32,75,47,38,38,42,48,48,48,48,48,32,28,25,25,0],"gold":97,"neow_bonus":"ONE_RANDOM_RARE_CARD","is_prod":false,"is_daily":false,"chose_seed":false,"campfire_upgraded":3,"win_rate":0.0,"timestamp":1565037515,"path_taken":["M","?","?","M","M","R","M","M","T","M","E","?","?","M","R","BOSS","M","?","M","?","?","R","E","M","T","$","R","?","M","M","R","BOSS","M","?","$","M","M","R","$","R","T","M","M","M","?","E"],"build_version":"2019-07-17","purchased_purges":2,"victory":false,"max_hp_per_floor":[75,75,75,75,75,75,75,75,75,75,75,75,75,75,75,75,75,75,75,75,75,75,75,75,75,75,75,75,75,75,75,75,75,75,75,75,75,75,75,75,75,75,75,75,75,75,75,75],"card_choices":[{"not_picked":["Coolheaded","Barrage"],"picked":"Leap","floor":1},{"not_picked":["Doom and Gloom","Barrage"],"picked":"Sweeping Beam","floor":3},{"not_picked":["Stack","Hello World"],"picked":"Coolheaded","floor":4},{"not_picked":["Compile Driver","Hologram"],"picked":"Ball Lightning","floor":5},{"not_picked":["Beam Cell","Rebound"],"picked":"Defragment","floor":7},{"not_picked":["Rebound","Leap"],"picked":"Steam","floor":8},{"not_picked":["Core Surge","Gash"],"picked":"Auto Shields","floor":10},{"not_picked":["Redo","Hologram"],"picked":"Sweeping Beam","floor":11},{"not_picked":["Aggregate","Blizzard"],"picked":"Gash","floor":13},{"not_picked":["FTL","Coolheaded"],"picked":"BootSequence","floor":14},{"not_picked":["Echo Form","Rainbow"],"picked":"Electrodynamics","floor":16},{"not_picked":["Coolheaded","Stack","Barrage"],"picked":"SKIP","floor":18},{"not_picked":["Streamline","Loop"],"picked":"Ball Lightning","floor":20},{"not_picked":["Double Energy","Hologram"],"picked":"Leap","floor":21},{"not_picked":["Streamline+1","Recycle"],"picked":"Turbo","floor":24},{"not_picked":["Coolheaded","Beam Cell"],"picked":"Ball Lightning","floor":25},{"not_picked":["Fusion","Beam Cell+1"],"picked":"Barrage+1","floor":30},{"not_picked":["Chill","Doom and Gloom+1"],"picked":"Hello World+1","floor":31},{"not_picked":["Machine Learning","Meteor Strike+1"],"picked":"Multi-Cast","floor":33},{"not_picked":["Stack+1","Chill+1"],"picked":"Ball Lightning+1","floor":35},{"not_picked":["BootSequence+1","Reinforced Body+1"],"picked":"Storm","floor":38},{"not_picked":["Hologram+1","Aggregate"],"picked":"Defragment+1","floor":39},{"not_picked":["Steam","Darkness+1"],"picked":"Tempest+1","floor":44},{"not_picked":["Streamline+1","Barrage+1","Gash+1"],"picked":"SKIP","floor":45},{"not_picked":["Hello World+1","Coolheaded+1","Sweeping Beam+1"],"picked":"SKIP","floor":46}],"player_experience":74508,"relics_obtained":[{"floor":9,"key":"Gremlin Horn"},{"floor":11,"key":"Letter Opener"},{"floor":17,"key":"Omamori"},{"floor":17,"key":"Pantograph"},{"floor":17,"key":"Bird Faced Urn"},{"floor":24,"key":"Ancient Tea Set"},{"floor":26,"key":"Mercury Hourglass"},{"floor":29,"key":"Dodecahedron"},{"floor":43,"key":"Centennial Puzzle"},{"floor":47,"key":"FossilizedHelix"}],"event_choices":[{"damage_healed":0,"gold_gain":0,"player_choice":"Forge","damage_taken":0,"max_hp_gain":0,"max_hp_loss":0,"event_name":"Accursed Blacksmith","floor":2,"gold_loss":0,"cards_upgraded":["Electrodynamics"]},{"damage_healed":0,"gold_gain":0,"player_choice":"Upgraded","damage_taken":0,"max_hp_gain":0,"max_hp_loss":0,"event_name":"Upgrade Shrine","floor":12,"gold_loss":0,"cards_upgraded":["Defragment"]},{"damage_healed":0,"gold_gain":0,"player_choice":"Upgraded","damage_taken":0,"max_hp_gain":0,"max_hp_loss":0,"event_name":"Upgrade Shrine","floor":19,"gold_loss":0,"cards_upgraded":["Electrodynamics"]},{"damage_healed":0,"gold_gain":99,"player_choice":"Stole From Cult","damage_taken":0,"max_hp_gain":0,"max_hp_loss":0,"event_name":"Nest","floor":22,"gold_loss":0},{"damage_healed":0,"gold_gain":0,"player_choice":"Embrace Madness","damage_taken":9,"max_hp_gain":0,"max_hp_loss":0,"event_name":"Winding Halls","floor":36,"gold_loss":0,"cards_obtained":["Madness","Madness"]},{"damage_healed":0,"gold_gain":0,"player_choice":"Relic","damage_taken":0,"max_hp_gain":0,"max_hp_loss":0,"event_name":"Wheel of Change","floor":47,"gold_loss":0}],"is_beta":false,"boss_relics":[{"not_picked":["Nuclear Battery","Velvet Choker"],"picked":"Calling Bell"},{"not_picked":["Eternal Feather","Cursed Key"],"picked":"Runic Pyramid"}],"items_purged_floors":[27,37],"is_endless":false,"potions_floor_spawned":[3,7,8,14,24,25,31,33,39,44,45],"killed_by":"Reptomancer","ascension_level":0}