{"gold_per_floor":[364,380,380,49,49,80,93,93,93,93,36,51,51,62,62,137,137,147,197,197,26,44,44,44],"floor_reached":24,"playtime":1167,"items_purged":[],"score":369,"play_id":"bc54b552-c4e3-439b-8f33-89315124721c","local_time":"20190904161230","is_ascension_mode":true,"campfire_choices":[{"data":"1","floor":8,"key":"LIFT"},{"data":"2","floor":10,"key":"LIFT"},{"data":"3","floor":13,"key":"LIFT"},{"data":"Shrug It Off","floor":15,"key":"SMITH"},{"data":"Inflame","floor":23,"key":"SMITH"}],"neow_cost":"PERCENT_DAMAGE","seed_source_timestamp":334207083451400,"circlet_count":0,"master_deck":["AscendersBane","Strike_R","Strike_R","Strike_R","Strike_R","Defend_R","Defend_R","Defend_R","Defend_R","Bash","Iron Wave","Anger","True Grit","Flex","Reaper","Armaments","Shrug It Off+1","Whirlwind","Spot Weakness","Immolate","Ghostly Armor","Inflame+1"],"relics":["Burning Blood","Frozen Eye","Girya","Peace Pipe","Blue Candle","Velvet Choker","Oddly Smooth Stone"],"potions_floor_usage":[12,14,14,24,24],"damage_taken":[{"damage":10,"enemies":"2 Louse","floor":1,"turns":4},{"damage":6,"enemies":"Small Slimes","floor":2,"turns":6},{"damage":51,"enemies":"Gremlin Nob","floor":6,"turns":5},{"damage":2,"enemies":"Cultist","floor":7,"turns":5},{"damage":8,"enemies":"Blue Slaver","floor":12,"turns":2},{"damage":4,"enemies":"Exordium Wildlife","floor":14,"turns":3},{"damage":43,"enemies":"The Guardian","floor":16,"turns":15},{"damage":10,"enemies":"Shell Parasite","floor":18,"turns":4},{"damage":4,"enemies":"Chosen","floor":22,"turns":4},{"damage":105,"enemies":"Book of Stabbing","floor":24,"turns":6}],"seed_played":"-6092331744768648056","potions_obtained":[{"floor":6,"key":"Fire Potion"},{"floor":7,"key":"Fire Potion"},{"floor":12,"key":"Strength Potion"},{"floor":16,"key":"EntropicBrew"}],"is_trial":false,"path_per_floor":["M","M","?","$","?","E","M","R","T","R","$","M","R","M","R","B",null,"M","?","?","$","M","R","E"],"character_chosen":"IRONCLAD","items_purchased":["True Grit","Frozen Eye","Flex","Shrug It Off","Oddly Smooth Stone"],"campfire_rested":0,"item_purchase_floors":[4,4,4,11,21],"current_hp_per_floor":[46,46,71,71,53,8,16,16,16,16,16,20,20,44,44,16,60,56,56,56,56,67,67,0],"gold":44,"neow_bonus":"TWO_FIFTY_GOLD","is_prod":false,"is_daily":false,"chose_seed":false,"campfire_upgraded":2,"win_rate":0,"timestamp":1567631550,"path_taken":["M","M","?","$","?","E","M","R","T","R","$","M","R","M","R","BOSS","M","?","?","$","M","R","E"],"build_version":"2019-07-17","purchased_purges":0,"victory":false,"max_hp_per_floor":[75,75,75,75,75,75,75,75,75,75,75,75,75,75,75,75,75,75,75,75,75,75,75,75],"card_choices":[{"not_picked":["Power Through","Perfected Strike"],"picked":"Iron Wave","floor":1},{"not_picked":["Rage","Body Slam"],"picked":"Anger","floor":2},{"not_picked":["Heavy Blade","Fire Breathing"],"picked":"Reaper","floor":6},{"not_picked":["Heavy Blade","Wild Strike"],"picked":"Armaments","floor":7},{"not_picked":["Pommel Strike","Body Slam"],"picked":"Whirlwind","floor":12},{"not_picked":["Iron Wave","Seeing Red"],"picked":"Spot Weakness","floor":14},{"not_picked":["Offering","Barricade"],"picked":"Immolate","floor":16},{"not_picked":["Clothesline","Wild Strike+1"],"picked":"Ghostly Armor","floor":18},{"not_picked":["Shockwave","Twin Strike"],"picked":"Inflame","floor":22}],"player_experience":825078,"relics_obtained":[{"floor":6,"key":"Peace Pipe"},{"floor":9,"key":"Blue Candle"}],"event_choices":[{"damage_healed":25,"gold_gain":0,"player_choice":"Banana","damage_taken":0,"max_hp_gain":0,"max_hp_loss":0,"event_name":"Big Fish","floor":3,"gold_loss":0},{"damage_healed":0,"gold_gain":0,"player_choice":"Success","damage_taken":18,"relics_obtained":["Girya"],"max_hp_gain":0,"max_hp_loss":0,"event_name":"Scrap Ooze","floor":5,"gold_loss":0},{"damage_healed":0,"gold_gain":50,"player_choice":"Stole From Cult","damage_taken":0,"max_hp_gain":0,"max_hp_loss":0,"event_name":"Nest","floor":19,"gold_loss":0},{"cards_removed":["Strike_R"],"damage_healed":0,"gold_gain":0,"player_choice":"Card Removal","damage_taken":0,"max_hp_gain":0,"max_hp_loss":0,"event_name":"Wheel of Change","floor":20,"gold_loss":0}],"is_beta":false,"boss_relics":[{"not_picked":["Empty Cage","Fusion Hammer"],"picked":"Velvet Choker"}],"items_purged_floors":[],"is_endless":false,"potions_floor_spawned":[6,7,12,16],"killed_by":"Book of Stabbing","ascension_level":18}