{"gold_per_floor":[117,117,132,150,170,201,212,86,86,86,86,86,99,119,119,215,215,230,246,265,265,180,209,209],"floor_reached":24,"playtime":2611,"items_purged":[],"score":245,"play_id":"d246ece9-18ed-4dba-bd3d-511b92deed0d","local_time":"20190812150412","is_ascension_mode":false,"campfire_choices":[{"data":"Redo","floor":10,"key":"SMITH"},{"floor":15,"key":"REST"}],"neow_cost":"NONE","seed_source_timestamp":137160740490672,"circlet_count":0,"master_deck":["Strike_B","Strike_B","Strike_B","Strike_B","Defend_B","Defend_B","Defend_B","Defend_B","Zap","Dualcast","Redo","Auto Shields","BootSequence","Lockon","Thunder Strike","Gash","Ball Lightning","Gash","Redo+1","Ball Lightning","Storm","Multi-Cast","Beam Cell+1","Self Repair","Genetic Algorithm","Leap+1"],"relics":["Cracked Core","Juzu Bracelet","Pear","Question Card","Velvet Choker","Gremlin Horn","Frozen Egg 2"],"potions_floor_usage":[16,16,16,20,23],"damage_taken":[{"damage":5,"enemies":"2 Louse","floor":1,"turns":3},{"damage":0,"enemies":"Small Slimes","floor":3,"turns":2},{"damage":0,"enemies":"Jaw Worm","floor":4,"turns":3},{"damage":0,"enemies":"Blue Slaver","floor":5,"turns":3},{"damage":21,"enemies":"3 Sentries","floor":6,"turns":8},{"damage":0,"enemies":"Looter","floor":7,"turns":3},{"damage":8,"enemies":"Exordium Thugs","floor":13,"turns":4},{"damage":0,"enemies":"Large Slime","floor":14,"turns":4},{"damage":53,"enemies":"Hexaghost","floor":16,"turns":8},{"damage":14,"enemies":"Chosen","floor":18,"turns":6},{"damage":17,"enemies":"Shell Parasite","floor":19,"turns":5},{"damage":14,"enemies":"Shelled Parasite and Fungi","floor":20,"turns":5},{"damage":41,"enemies":"Book of Stabbing","floor":23,"turns":5},{"damage":22,"enemies":"Snake Plant","floor":24,"turns":2}],"seed_played":"5543439909939792858","potions_obtained":[{"floor":1,"key":"Energy Potion"},{"floor":5,"key":"Regen Potion"},{"floor":14,"key":"Explosive Potion"},{"floor":19,"key":"Weak Potion"},{"floor":20,"key":"Fire Potion"}],"is_trial":false,"path_per_floor":["M","?","M","M","M","E","M","$","T","R","?","?","M","M","R","B",null,"M","M","M","?","?","E","M"],"character_chosen":"DEFECT","items_purchased":["Ball Lightning","Gash","Redo"],"campfire_rested":1,"item_purchase_floors":[8,8,8],"current_hp_per_floor":[77,77,77,77,77,56,56,56,66,66,66,63,55,55,82,44,92,78,61,54,54,54,20,0],"gold":209,"neow_bonus":"TEN_PERCENT_HP_BONUS","is_prod":false,"is_daily":false,"chose_seed":false,"campfire_upgraded":1,"win_rate":0.0,"timestamp":1565611452,"path_taken":["M","?","M","M","M","E","M","$","T","R","?","?","M","M","R","BOSS","M","M","M","?","?","E","M"],"build_version":"2019-07-17","purchased_purges":0,"victory":false,"max_hp_per_floor":[82,82,82,82,82,82,82,82,92,92,92,92,92,92,92,92,92,92,92,92,92,92,92,92],"card_choices":[{"not_picked":["Scrape","Hologram"],"picked":"Redo","floor":1},{"not_picked":["Hologram","Redo"],"picked":"Auto Shields","floor":3},{"not_picked":["Sweeping Beam","Coolheaded"],"picked":"BootSequence","floor":4},{"not_picked":["Reinforced Body","Gash"],"picked":"Lockon","floor":5},{"not_picked":["Lockon","Go for the Eyes"],"picked":"Thunder Strike","floor":6},{"not_picked":["Rip and Tear","FTL"],"picked":"Gash","floor":7},{"not_picked":["Defragment","Streamline","Blizzard"],"picked":"Ball Lightning","floor":13},{"not_picked":["Stack","Coolheaded","All For One"],"picked":"Storm","floor":14},{"not_picked":["Fission","Creative AI","Amplify"],"picked":"Multi-Cast","floor":16},{"not_picked":["Sweeping Beam","Compile Driver+1","Steam"],"picked":"Beam Cell+1","floor":18},{"not_picked":["Barrage","Force Field","Creative AI"],"picked":"Self Repair","floor":19},{"not_picked":["Conserve Battery","Beam Cell","Stack"],"picked":"Genetic Algorithm","floor":20},{"not_picked":["Conserve Battery","Machine Learning","Coolheaded"],"picked":"Leap+1","floor":23}],"player_experience":7302,"relics_obtained":[{"floor":6,"key":"Juzu Bracelet"},{"floor":9,"key":"Pear"},{"floor":23,"key":"Frozen Egg 2"}],"event_choices":[{"damage_healed":0,"gold_gain":0,"player_choice":"Leave","damage_taken":0,"max_hp_gain":0,"max_hp_loss":0,"event_name":"The Cleric","floor":2,"gold_loss":0},{"damage_healed":0,"gold_gain":0,"player_choice":"Ignored","damage_taken":0,"max_hp_gain":0,"max_hp_loss":0,"event_name":"Golden Wing","floor":11,"gold_loss":0},{"damage_healed":0,"gold_gain":0,"player_choice":"Success","damage_taken":3,"relics_obtained":["Question Card"],"max_hp_gain":0,"max_hp_loss":0,"event_name":"Scrap Ooze","floor":12,"gold_loss":0},{"damage_healed":0,"gold_gain":0,"player_choice":"Ignored","damage_taken":0,"max_hp_gain":0,"max_hp_loss":0,"event_name":"Vampires","floor":21,"gold_loss":0},{"damage_healed":0,"gold_gain":0,"player_choice":"Obtained Relic","damage_taken":0,"relics_obtained":["Gremlin Horn"],"max_hp_gain":0,"max_hp_loss":0,"event_name":"Addict","floor":22,"gold_loss":85}],"is_beta":false,"boss_relics":[{"not_picked":["Sozu","White Beast Statue"],"picked":"Velvet Choker"}],"items_purged_floors":[],"is_endless":false,"potions_floor_spawned":[1,5,14,19,20],"killed_by":"Snake Plant","ascension_level":0}