{"gold_per_floor":[115,128,147,165,177,208,208,222,246,279,279],"floor_reached":11,"playtime":1755,"items_purged":[],"score":87,"play_id":"cc47d69a-e762-408c-a33f-3ec2a901cf1f","local_time":"20190812142008","is_ascension_mode":false,"campfire_choices":[],"neow_cost":"NONE","seed_source_timestamp":135370669595494,"circlet_count":0,"master_deck":["Strike_G","Strike_G","Strike_G","Strike_G","Strike_G","Defend_G","Defend_G","Defend_G","Defend_G","Defend_G","Survivor","Neutralize","Dagger Throw","Infinite Blades","Dagger Spray","A Thousand Cuts","Dagger Throw","Flying Knee","Finisher","Quick Slash"],"relics":["Ring of the Snake","Toxic Egg 2","Vajra","Happy Flower","Potion Belt"],"potions_floor_usage":[6,10],"damage_taken":[{"damage":0,"enemies":"Jaw Worm","floor":1,"turns":6},{"damage":0,"enemies":"2 Louse","floor":2,"turns":2},{"damage":4,"enemies":"Small Slimes","floor":3,"turns":4},{"damage":1,"enemies":"Red Slaver","floor":4,"turns":5},{"damage":5,"enemies":"3 Louse","floor":5,"turns":3},{"damage":46,"enemies":"Gremlin Nob","floor":6,"turns":6},{"damage":0,"enemies":"Exordium Wildlife","floor":8,"turns":3},{"damage":1,"enemies":"Lagavulin","floor":10,"turns":4},{"damage":19,"enemies":"Exordium Thugs","floor":11,"turns":3}],"seed_played":"8159028122294653962","potions_obtained":[{"floor":2,"key":"PowerPotion"},{"floor":4,"key":"SpeedPotion"},{"floor":5,"key":"Explosive Potion"},{"floor":8,"key":"Dexterity Potion"}],"is_trial":false,"path_per_floor":["M","M","M","M","M","E","?","M","T","E","M"],"character_chosen":"THE_SILENT","items_purchased":[],"campfire_rested":0,"item_purchase_floors":[],"current_hp_per_floor":[77,77,73,72,67,21,18,18,18,17,0],"gold":279,"neow_bonus":"TEN_PERCENT_HP_BONUS","is_prod":false,"is_daily":false,"chose_seed":false,"campfire_upgraded":0,"win_rate":0.0,"timestamp":1565608808,"path_taken":["M","M","M","M","M","E","?","M","T","E","M"],"build_version":"2019-07-17","purchased_purges":0,"victory":false,"max_hp_per_floor":[77,77,77,77,77,77,77,77,77,77,77],"card_choices":[{"not_picked":["Dodge and Roll","Deflect"],"picked":"Dagger Throw","floor":1},{"not_picked":["Poisoned Stab","Noxious Fumes"],"picked":"Infinite Blades","floor":2},{"not_picked":["Underhanded Strike","Acrobatics"],"picked":"Dagger Spray","floor":3},{"not_picked":["Underhanded Strike","Deflect"],"picked":"A Thousand Cuts","floor":4},{"not_picked":["Deadly Poison","Calculated Gamble"],"picked":"Dagger Throw","floor":5},{"not_picked":["Sucker Punch","Choke"],"picked":"Flying Knee","floor":6},{"not_picked":["Sucker Punch","Predator"],"picked":"Finisher","floor":8},{"not_picked":["Flying Knee","Heel Hook"],"picked":"Quick Slash","floor":10}],"player_experience":5547,"relics_obtained":[{"floor":6,"key":"Toxic Egg 2"},{"floor":9,"key":"Happy Flower"},{"floor":10,"key":"Potion Belt"}],"event_choices":[{"damage_healed":0,"gold_gain":0,"player_choice":"Success","damage_taken":3,"relics_obtained":["Vajra"],"max_hp_gain":0,"max_hp_loss":0,"event_name":"Scrap Ooze","floor":7,"gold_loss":0}],"is_beta":false,"boss_relics":[],"items_purged_floors":[],"is_endless":false,"potions_floor_spawned":[2,4,5,8],"killed_by":"Exordium Thugs","ascension_level":0}