{"gold_per_floor":[109,120,130,12,12,12,24,24,24,52,65,65,83,103,103,175,175,193,193,210,210,210,210,222,80,80,110,110,127,52,66,66,143,143,156,168,221,236,236,261,261,273,273,286,286,297,317,331,331,331],"floor_reached":51,"playtime":5258,"items_purged":["Strike_R"],"score":1274,"play_id":"ccf5b0f9-682f-475e-a5e5-8302e55eb50c","local_time":"20190831170411","is_ascension_mode":true,"campfire_choices":[{"data":"Feel No Pain","floor":6,"key":"SMITH"},{"data":"Armaments","floor":8,"key":"SMITH"},{"data":"Havoc","floor":12,"key":"SMITH"},{"data":"True Grit","floor":15,"key":"SMITH"},{"floor":23,"key":"REST"},{"data":"Burning Pact","floor":28,"key":"SMITH"},{"data":"Burning Pact","floor":32,"key":"SMITH"},{"data":"Demon Form","floor":41,"key":"SMITH"},{"floor":49,"key":"REST"}],"neow_cost":"PERCENT_DAMAGE","seed_source_timestamp":66633720855000,"circlet_count":0,"master_deck":["AscendersBane","Strike_R","Strike_R","Defend_R","Defend_R","Defend_R","Defend_R","Bash","Reaper","Anger","Armaments+1","Feed","Feel No Pain+1","Havoc+1","Burning Pact+1","Spot Weakness","True Grit+1","Impervious","Immolate","Sever Soul","Shrug It Off","Blood for Blood","Battle Trance","Body Slam","Disarm","Flame Barrier","Burning Pact+1","Juggernaut","Havoc","Uppercut+1","Demon Form+1","Rage","Feel No Pain","Parasite","Pain","Havoc+1"],"relics":["Burning Blood","Dead Branch","Singing Bowl","Bronze Scales","Snecko Eye","Nilry\u0027s Codex","Blue Candle","Pantograph","Cursed Key","Du-Vu Doll","Happy Flower","Mercury Hourglass","Magic Flower"],"potions_floor_usage":[40,46,50],"damage_taken":[{"damage":1,"enemies":"Cultist","floor":1,"turns":4},{"damage":0,"enemies":"Small Slimes","floor":2,"turns":3},{"damage":8,"enemies":"Jaw Worm","floor":3,"turns":4},{"damage":37,"enemies":"Gremlin Gang","floor":7,"turns":6},{"damage":11,"enemies":"3 Sentries","floor":10,"turns":9},{"damage":22,"enemies":"3 Louse","floor":11,"turns":3},{"damage":13,"enemies":"2 Fungi Beasts","floor":13,"turns":3},{"damage":9,"enemies":"Large Slime","floor":14,"turns":6},{"damage":20,"enemies":"The Guardian","floor":16,"turns":11},{"damage":16,"enemies":"Shell Parasite","floor":18,"turns":5},{"damage":30,"enemies":"2 Thieves","floor":20,"turns":5},{"damage":8,"enemies":"Centurion and Healer","floor":24,"turns":6},{"damage":12,"enemies":"Book of Stabbing","floor":27,"turns":4},{"damage":10,"enemies":"Chosen and Byrds","floor":29,"turns":5},{"damage":9,"enemies":"Cultist and Chosen","floor":31,"turns":5},{"damage":19,"enemies":"Champ","floor":33,"turns":6},{"damage":3,"enemies":"3 Shapes","floor":35,"turns":4},{"damage":12,"enemies":"Orb Walker","floor":36,"turns":3},{"damage":31,"enemies":"2 Orb Walkers","floor":37,"turns":6},{"damage":1,"enemies":"Jaw Worm Horde","floor":38,"turns":4},{"damage":22,"enemies":"Giant Head","floor":40,"turns":9},{"damage":13,"enemies":"4 Shapes","floor":42,"turns":3},{"damage":14,"enemies":"Maw","floor":44,"turns":6},{"damage":35,"enemies":"Writhing Mass","floor":46,"turns":3},{"damage":25,"enemies":"Sphere and 2 Shapes","floor":47,"turns":6},{"damage":23,"enemies":"Transient","floor":48,"turns":5},{"damage":49,"enemies":"Time Eater","floor":50,"turns":5}],"seed_played":"723709330791057810","potions_obtained":[{"floor":2,"key":"Regen Potion"},{"floor":3,"key":"LiquidBronze"},{"floor":31,"key":"Energy Potion"},{"floor":35,"key":"Weak Potion"},{"floor":36,"key":"Swift Potion"},{"floor":40,"key":"PowerPotion"}],"is_trial":false,"path_per_floor":["M","M","M","$","?","R","M","R","T","E","M","R","M","M","R","B",null,"M","?","M","?","?","R","M","$","T","E","R","M","?","M","R","B",null,"M","M","?","M","?","E","R","M","T","M","T","M","M","M","R","B",null],"character_chosen":"IRONCLAD","items_purchased":["Feel No Pain","Battle Trance","Body Slam"],"campfire_rested":2,"item_purchase_floors":[4,25,25],"current_hp_per_floor":[55,69,74,74,69,69,51,51,51,58,58,58,71,68,68,74,80,80,80,56,35,35,59,57,57,57,61,61,60,60,57,57,75,85,88,82,68,73,73,57,57,65,65,89,89,65,51,48,78,62],"gold":331,"neow_bonus":"THREE_RARE_CARDS","is_prod":false,"is_daily":false,"chose_seed":false,"campfire_upgraded":7,"win_rate":0,"timestamp":1567289051,"path_taken":["M","M","M","?","?","R","?","R","T","E","M","R","M","?","R","BOSS","M","?","M","?","?","R","M","$","T","E","R","M","?","?","R","BOSS","M","M","?","M","?","E","R","M","T","M","?","?","M","M","R","BOSS"],"build_version":"2019-07-17","purchased_purges":1,"victory":true,"max_hp_per_floor":[75,75,75,75,75,75,78,78,78,78,82,82,82,82,82,82,82,82,82,82,82,82,82,82,82,82,85,85,88,88,88,88,88,88,88,88,91,91,91,91,91,96,96,98,98,100,102,102,102,102],"card_choices":[{"not_picked":["Exhume","Impervious"],"picked":"Reaper","floor":0},{"not_picked":["Perfected Strike","Clothesline"],"picked":"Anger","floor":1},{"not_picked":["Sword Boomerang","Fire Breathing"],"picked":"Armaments","floor":2},{"not_picked":["Combust","Perfected Strike"],"picked":"Feed","floor":3},{"not_picked":["Warcry","Body Slam"],"picked":"Havoc","floor":7},{"not_picked":["Armaments","Uppercut"],"picked":"Burning Pact","floor":10},{"not_picked":["Infernal Blade","Thunderclap"],"picked":"Spot Weakness","floor":11},{"not_picked":["Cleave","Reckless Charge"],"picked":"True Grit","floor":13},{"not_picked":["Wild Strike","Warcry"],"picked":"Impervious","floor":14},{"not_picked":["Brutality","Berserk"],"picked":"Immolate","floor":16},{"not_picked":["Flex","Iron Wave"],"picked":"Sever Soul","floor":18},{"not_picked":["Clash","Flex+1"],"picked":"Shrug It Off","floor":20},{"not_picked":["Sword Boomerang","Iron Wave"],"picked":"Blood for Blood","floor":24},{"not_picked":["Pommel Strike","Evolve"],"picked":"Disarm","floor":27},{"not_picked":["Body Slam","Warcry"],"picked":"Flame Barrier","floor":29},{"not_picked":["Shrug It Off","Body Slam"],"picked":"Burning Pact","floor":31},{"not_picked":["Offering","Limit Break"],"picked":"Juggernaut","floor":33},{"not_picked":["Shrug It Off","Headbutt+1"],"picked":"Havoc","floor":35},{"not_picked":["Inflame","Havoc"],"picked":"Uppercut+1","floor":36},{"not_picked":["Clothesline+1","Body Slam"],"picked":"Demon Form","floor":37},{"not_picked":["Spot Weakness+1","Ghostly Armor"],"picked":"Rage","floor":38},{"not_picked":["Clothesline+1","Warcry+1"],"picked":"Feel No Pain","floor":40},{"not_picked":["Bloodletting","Dual Wield","Flex"],"picked":"Singing Bowl","floor":42},{"not_picked":["Searing Blow","Combust","Sever Soul"],"picked":"Singing Bowl","floor":44},{"not_picked":["Rupture","Power Through+1","Headbutt+1"],"picked":"Singing Bowl","floor":46},{"not_picked":["True Grit","Shrug It Off","Clothesline"],"picked":"Singing Bowl","floor":47},{"not_picked":["Dual Wield","Body Slam"],"picked":"Havoc+1","floor":48}],"player_experience":713748,"relics_obtained":[{"floor":9,"key":"Singing Bowl"},{"floor":10,"key":"Bronze Scales"},{"floor":21,"key":"Nilry\u0027s Codex"},{"floor":26,"key":"Blue Candle"},{"floor":27,"key":"Pantograph"},{"floor":37,"key":"Du-Vu Doll"},{"floor":40,"key":"Happy Flower"},{"floor":43,"key":"Mercury Hourglass"},{"floor":45,"key":"Magic Flower"}],"event_choices":[{"damage_healed":0,"gold_gain":0,"player_choice":"Success","damage_taken":5,"relics_obtained":["Dead Branch"],"max_hp_gain":0,"max_hp_loss":0,"event_name":"Scrap Ooze","floor":5,"gold_loss":0},{"damage_healed":0,"gold_gain":0,"player_choice":"Ignored","damage_taken":0,"max_hp_gain":0,"max_hp_loss":0,"event_name":"Ghosts","floor":19,"gold_loss":0},{"damage_healed":0,"gold_gain":0,"player_choice":"Obtained Book","damage_taken":21,"max_hp_gain":0,"max_hp_loss":0,"event_name":"Cursed Tome","floor":21,"gold_loss":0},{"cards_removed":["Strike_R"],"damage_healed":0,"gold_gain":0,"player_choice":"Elegance","damage_taken":0,"max_hp_gain":0,"max_hp_loss":0,"event_name":"Back to Basics","floor":22,"gold_loss":0},{"cards_removed":["Strike_R"],"damage_healed":0,"gold_gain":0,"player_choice":"Gave Gold","damage_taken":0,"max_hp_gain":0,"max_hp_loss":0,"event_name":"Beggar","floor":30,"gold_loss":75},{"damage_healed":0,"gold_gain":0,"player_choice":"Fight","damage_taken":0,"max_hp_gain":0,"max_hp_loss":0,"event_name":"Mysterious Sphere","floor":37,"gold_loss":0},{"damage_healed":0,"gold_gain":0,"player_choice":"Ignored","damage_taken":0,"max_hp_gain":0,"max_hp_loss":0,"event_name":"Tomb of Lord Red Mask","floor":39,"gold_loss":0}],"is_beta":false,"boss_relics":[{"not_picked":["Black Blood","Tiny House"],"picked":"Snecko Eye"},{"not_picked":["Sozu","Runic Cube"],"picked":"Cursed Key"}],"items_purged_floors":[4],"is_endless":false,"potions_floor_spawned":[2,3,7,14,16,20,29,31,35,36,40,44],"ascension_level":16}