{"gold_per_floor":[111,121,121,196,206,206,231,231,258,258,288,352,42,61,61,61],"floor_reached":16,"playtime":389,"items_purged":[],"score":113,"play_id":"a97569e3-7a75-4284-9671-f1db49f49b6a","local_time":"20190902100649","is_ascension_mode":true,"campfire_choices":[{"data":"Hologram","floor":6,"key":"SMITH"},{"data":"Dualcast","floor":8,"key":"SMITH"},{"data":"Loop","floor":15,"key":"SMITH"}],"neow_cost":"NONE","seed_source_timestamp":897187741455433,"circlet_count":0,"master_deck":["Strike_B","Strike_B","Strike_B","Strike_B","Defend_B","Defend_B","Defend_B","Defend_B","Zap+1","Dualcast+1","Hologram+1","Leap","Rebound","Loop+1","Self Repair","Loop","All For One"],"relics":["Cracked Core","NeowsBlessing","Sundial","Ancient Tea Set","Dream Catcher","Boot","Smiling Mask","Bronze Scales","PreservedInsect"],"potions_floor_usage":[16],"damage_taken":[{"damage":0,"enemies":"Small Slimes","floor":1,"turns":1},{"damage":0,"enemies":"Jaw Worm","floor":2,"turns":1},{"damage":0,"enemies":"Cultist","floor":5,"turns":1},{"damage":26,"enemies":"Lagavulin","floor":7,"turns":5},{"damage":8,"enemies":"3 Sentries","floor":11,"turns":5},{"damage":30,"enemies":"3 Sentries","floor":12,"turns":6},{"damage":0,"enemies":"Large Slime","floor":14,"turns":4},{"damage":30,"enemies":"The Guardian","floor":16,"turns":5}],"seed_played":"-1233565825344790092","potions_obtained":[{"floor":7,"key":"Ancient Potion"},{"floor":11,"key":"Fire Potion"},{"floor":12,"key":"Strength Potion"}],"is_trial":false,"path_per_floor":["M","M","?","T","M","R","E","R","T","?","E","?","$","M","R","B"],"character_chosen":"DEFECT","items_purchased":["Bronze Scales","PreservedInsect"],"campfire_rested":0,"item_purchase_floors":[13,13],"current_hp_per_floor":[75,75,75,75,75,75,49,49,49,54,46,23,23,30,30,0],"gold":61,"neow_bonus":"THREE_ENEMY_KILL","is_prod":false,"is_daily":false,"chose_seed":false,"campfire_upgraded":3,"win_rate":0,"timestamp":1567408009,"path_taken":["M","M","?","?","?","R","E","R","T","?","E","?","?","M","R","BOSS"],"build_version":"2019-07-17","purchased_purges":0,"victory":false,"max_hp_per_floor":[75,75,75,75,75,75,75,75,75,80,80,80,80,80,80,80],"card_choices":[{"not_picked":["Beam Cell","Stack"],"picked":"Hologram","floor":1},{"not_picked":["Hologram","Static Discharge"],"picked":"Leap","floor":2},{"not_picked":["Redo","Leap"],"picked":"Rebound","floor":5},{"not_picked":["Compile Driver","Redo"],"picked":"Loop","floor":7},{"not_picked":["Conserve Battery","Gash"],"picked":"Self Repair","floor":11},{"not_picked":["Cold Snap","Sweeping Beam"],"picked":"Loop","floor":12},{"not_picked":["Stack","Redo"],"picked":"All For One","floor":14}],"player_experience":241150,"relics_obtained":[{"floor":4,"key":"Sundial"},{"floor":7,"key":"Ancient Tea Set"},{"floor":9,"key":"Dream Catcher"},{"floor":11,"key":"Boot"}],"event_choices":[{"damage_healed":0,"gold_gain":0,"player_choice":"Grow","damage_taken":0,"max_hp_gain":0,"max_hp_loss":0,"event_name":"Living Wall","floor":3,"gold_loss":0,"cards_upgraded":["Zap"]},{"damage_healed":0,"gold_gain":0,"player_choice":"Donut","damage_taken":0,"max_hp_gain":5,"max_hp_loss":0,"event_name":"Big Fish","floor":10,"gold_loss":0},{"damage_healed":0,"gold_gain":0,"player_choice":"Searched \u00272\u0027 times","damage_taken":0,"relics_obtained":["Smiling Mask"],"max_hp_gain":0,"max_hp_loss":0,"event_name":"Dead Adventurer","floor":12,"gold_loss":0}],"is_beta":false,"boss_relics":[],"items_purged_floors":[],"is_endless":false,"potions_floor_spawned":[7,11,12,14],"killed_by":"The Guardian","ascension_level":1}