{"gold_per_floor":[112,82,102,122,122,122,122,157,157,170,170,187,218,233,233,233],"floor_reached":16,"playtime":948,"items_purged":[],"score":213,"play_id":"9a6991ad-e7f2-41e1-a891-e9c7d6a189b7","local_time":"20190903194147","is_ascension_mode":true,"campfire_choices":[{"data":"Bludgeon","floor":7,"key":"SMITH"},{"data":"Armaments","floor":11,"key":"SMITH"},{"data":"True Grit","floor":15,"key":"SMITH"}],"neow_cost":"PERCENT_DAMAGE","seed_source_timestamp":260584972237100,"circlet_count":0,"master_deck":["AscendersBane","Strike_R","Strike_R","Strike_R+1","Strike_R+1","Strike_R","Defend_R","Defend_R","Defend_R","Defend_R","Bash","Bludgeon+1","Iron Wave","Sword Boomerang","True Grit+1","Seeing Red","Armaments+1","Immolate","Ghostly Armor"],"relics":["Burning Blood","Shovel","Incense Burner","Blood Vial"],"potions_floor_usage":[12,16],"damage_taken":[{"damage":2,"enemies":"2 Louse","floor":1,"turns":3},{"damage":0,"enemies":"Cultist","floor":3,"turns":2},{"damage":0,"enemies":"Small Slimes","floor":4,"turns":2},{"damage":25,"enemies":"Lagavulin","floor":8,"turns":6},{"damage":22,"enemies":"Exordium Wildlife","floor":10,"turns":5},{"damage":1,"enemies":"Large Slime","floor":12,"turns":4},{"damage":22,"enemies":"3 Sentries","floor":13,"turns":10},{"damage":6,"enemies":"Looter","floor":14,"turns":2},{"damage":35,"enemies":"The Guardian","floor":16,"turns":7}],"seed_played":"-8168214122511892468","potions_obtained":[{"floor":2,"key":"Energy Potion"},{"floor":2,"key":"Block Potion"},{"floor":3,"key":"Ancient Potion"},{"floor":13,"key":"Explosive Potion"}],"is_trial":false,"path_per_floor":["M","?","M","M","?","?","R","E","T","M","R","M","E","M","R","B"],"character_chosen":"IRONCLAD","items_purchased":[],"campfire_rested":0,"item_purchase_floors":[],"current_hp_per_floor":[54,54,60,66,43,68,68,49,49,33,33,38,22,24,24,0],"gold":233,"neow_bonus":"THREE_RARE_CARDS","is_prod":false,"is_daily":false,"chose_seed":false,"campfire_upgraded":3,"win_rate":0,"timestamp":1567557707,"path_taken":["M","?","M","?","?","?","R","E","T","M","R","M","E","M","R","BOSS"],"build_version":"2019-07-17","purchased_purges":0,"victory":false,"max_hp_per_floor":[75,75,75,75,75,75,75,75,75,75,75,75,75,75,75,75],"card_choices":[{"not_picked":["Dark Embrace","Reaper"],"picked":"Bludgeon","floor":0},{"not_picked":["Thunderclap","Clash"],"picked":"Iron Wave","floor":1},{"not_picked":["Flex","Iron Wave"],"picked":"Sword Boomerang","floor":3},{"not_picked":["Pommel Strike","Clothesline"],"picked":"True Grit","floor":4},{"not_picked":["Warcry","Iron Wave"],"picked":"Seeing Red","floor":8},{"not_picked":["Cleave","Power Through"],"picked":"Armaments","floor":10},{"not_picked":["Body Slam","Headbutt","Carnage"],"picked":"SKIP","floor":12},{"not_picked":["Exhume","Sword Boomerang"],"picked":"Immolate","floor":13},{"not_picked":["Bloodletting","Clothesline"],"picked":"Ghostly Armor","floor":14}],"player_experience":813775,"relics_obtained":[{"floor":8,"key":"Shovel"},{"floor":9,"key":"Incense Burner"},{"floor":13,"key":"Blood Vial"}],"event_choices":[{"damage_healed":0,"gold_gain":0,"player_choice":"Bought 2 Potions","damage_taken":0,"max_hp_gain":0,"max_hp_loss":0,"event_name":"The Woman in Blue","floor":2,"gold_loss":0},{"damage_healed":0,"gold_gain":0,"player_choice":"Entered Light","damage_taken":23,"max_hp_gain":0,"max_hp_loss":0,"event_name":"Shining Light","floor":5,"gold_loss":0,"cards_upgraded":["Strike_R","Strike_R"]},{"damage_healed":25,"gold_gain":0,"player_choice":"Banana","damage_taken":0,"max_hp_gain":0,"max_hp_loss":0,"event_name":"Big Fish","floor":6,"gold_loss":0}],"is_beta":false,"boss_relics":[],"items_purged_floors":[],"is_endless":false,"potions_floor_spawned":[3,10,13],"killed_by":"The Guardian","ascension_level":18}