{"gold_per_floor":[116,191,211,230,230,255,255,272,272,287,287,302,302,322,322,322],"floor_reached":16,"playtime":1191,"items_purged":[],"score":187,"play_id":"3766b339-a8a5-4864-a9b4-67bbb44d77ba","local_time":"20190831150332","is_ascension_mode":true,"campfire_choices":[{"data":"Immolate","floor":7,"key":"SMITH"},{"data":"Berserk","floor":11,"key":"SMITH"},{"data":"Second Wind","floor":15,"key":"SMITH"}],"neow_cost":"NONE","seed_source_timestamp":63470767483600,"circlet_count":0,"master_deck":["AscendersBane","Strike_R","Strike_R","Strike_R","Strike_R","Strike_R","Defend_R","Defend_R","Defend_R","Defend_R","Bash","Immolate+1","Armaments+1","Headbutt","Thunderclap","Berserk+1","Disarm","Shrug It Off","Anger","Second Wind+1"],"relics":["Burning Blood","Strawberry","Bottled Tornado"],"potions_floor_usage":[6,10,16,16],"damage_taken":[{"damage":8,"enemies":"Small Slimes","floor":1,"turns":2},{"damage":1,"enemies":"Cultist","floor":3,"turns":4},{"damage":11,"enemies":"Jaw Worm","floor":4,"turns":4},{"damage":24,"enemies":"Lagavulin","floor":6,"turns":7},{"damage":1,"enemies":"Looter","floor":8,"turns":2},{"damage":16,"enemies":"Large Slime","floor":10,"turns":4},{"damage":7,"enemies":"2 Fungi Beasts","floor":12,"turns":2},{"damage":6,"enemies":"Blue Slaver","floor":14,"turns":4},{"damage":44,"enemies":"Slime Boss","floor":16,"turns":8}],"seed_played":"3976718402691836729","potions_obtained":[{"floor":4,"key":"Strength Potion"},{"floor":5,"key":"Fire Potion"},{"floor":6,"key":"Swift Potion"},{"floor":12,"key":"Explosive Potion"},{"floor":14,"key":"PowerPotion"}],"is_trial":false,"path_per_floor":["M","?","M","M","?","E","R","M","T","M","R","M","?","M","R","B"],"character_chosen":"IRONCLAD","items_purchased":[],"campfire_rested":0,"item_purchase_floors":[],"current_hp_per_floor":[66,55,60,55,55,44,44,49,49,39,39,38,38,38,38,0],"gold":322,"neow_bonus":"ONE_RANDOM_RARE_CARD","is_prod":false,"is_daily":false,"chose_seed":false,"campfire_upgraded":3,"win_rate":0,"timestamp":1567281812,"path_taken":["M","?","M","M","?","E","R","M","T","M","R","?","?","M","R","BOSS"],"build_version":"2019-07-17","purchased_purges":0,"victory":false,"max_hp_per_floor":[75,75,75,75,75,82,82,82,82,82,82,82,82,82,82,82],"card_choices":[{"not_picked":["Havoc","Spot Weakness"],"picked":"Armaments","floor":1},{"not_picked":["Thunderclap","Clash"],"picked":"Headbutt","floor":3},{"not_picked":["Body Slam","Warcry"],"picked":"Thunderclap","floor":4},{"not_picked":["Armaments","Ghostly Armor"],"picked":"Berserk","floor":6},{"not_picked":["Havoc","Pommel Strike"],"picked":"Disarm","floor":8},{"not_picked":["Wild Strike","Headbutt"],"picked":"Shrug It Off","floor":10},{"not_picked":["Corruption","Fire Breathing"],"picked":"Anger","floor":12},{"not_picked":["Flex","Heavy Blade"],"picked":"Second Wind","floor":14}],"player_experience":710613,"relics_obtained":[{"floor":6,"key":"Strawberry"},{"floor":9,"key":"Bottled Tornado"}],"event_choices":[{"damage_healed":0,"gold_gain":75,"player_choice":"Gather Gold","damage_taken":11,"max_hp_gain":0,"max_hp_loss":0,"event_name":"World of Goop","floor":2,"gold_loss":0},{"damage_healed":0,"gold_gain":0,"player_choice":"Got Potions","damage_taken":0,"max_hp_gain":0,"max_hp_loss":0,"event_name":"Lab","floor":5,"gold_loss":0},{"damage_healed":0,"gold_gain":0,"player_choice":"Grow","damage_taken":0,"max_hp_gain":0,"max_hp_loss":0,"event_name":"Living Wall","floor":13,"gold_loss":0,"cards_upgraded":["Armaments"]}],"is_beta":false,"boss_relics":[],"items_purged_floors":[],"is_endless":false,"potions_floor_spawned":[4,6,12,14],"killed_by":"Slime Boss","ascension_level":16}