{"gold_per_floor":[117,133,146,159,178,178,206,132,185,201,201,201,201,201,201,300,300,310,310,310,42,42,42,42],"floor_reached":24,"playtime":2624,"items_purged":[],"score":194,"play_id":"0e6ffb3b-4c52-408e-8e14-b8f425e30e6d","local_time":"20190812232543","is_ascension_mode":false,"campfire_choices":[{"floor":6,"key":"REST"},{"floor":11,"key":"REST"},{"floor":13,"key":"REST"},{"floor":15,"key":"REST"},{"floor":23,"key":"REST"}],"neow_cost":"NONE","seed_source_timestamp":13733481220014,"circlet_count":0,"master_deck":["Strike_G","Strike_G","Strike_G","Strike_G","Defend_G","Defend_G","Defend_G","Defend_G","Defend_G","Survivor","Neutralize","Underhanded Strike","Dagger Throw","Poisoned Stab","Underhanded Strike","Acrobatics","PiercingWail","Dash","Terror+1","Blade Dance","Endless Agony","Underhanded Strike","A Thousand Cuts","Dodge and Roll","Finisher","After Image","Blind","Shame","Quick Slash+1"],"relics":["Ring of the Snake","Juzu Bracelet","Dream Catcher","White Beast Statue","Enchiridion","Pantograph"],"potions_floor_usage":[7,16,16,16,24],"damage_taken":[{"damage":9,"enemies":"Jaw Worm","floor":1,"turns":5},{"damage":1,"enemies":"Cultist","floor":2,"turns":4},{"damage":0,"enemies":"Small Slimes","floor":3,"turns":3},{"damage":4,"enemies":"Red Slaver","floor":4,"turns":4},{"damage":6,"enemies":"Blue Slaver","floor":5,"turns":3},{"damage":14,"enemies":"Gremlin Nob","floor":7,"turns":3},{"damage":0,"enemies":"3 Louse","floor":10,"turns":4},{"damage":29,"enemies":"Slime Boss","floor":16,"turns":14},{"damage":20,"enemies":"Chosen","floor":18,"turns":5},{"damage":78,"enemies":"Gremlin Leader","floor":24,"turns":8}],"seed_played":"8783452007487403051","potions_obtained":[{"floor":1,"key":"Explosive Potion"},{"floor":4,"key":"Ancient Potion"},{"floor":7,"key":"EssenceOfSteel"},{"floor":10,"key":"Poison Potion"},{"floor":18,"key":"Weak Potion"}],"is_trial":false,"path_per_floor":["M","M","M","M","M","R","E","$","T","M","R","?","R","?","R","B",null,"M","?","?","$","?","R","E"],"character_chosen":"THE_SILENT","items_purchased":["Dash","Finisher","After Image","Blind"],"campfire_rested":5,"item_purchase_floors":[8,21,21,21],"current_hp_per_floor":[68,67,67,63,57,77,63,63,63,63,77,77,77,77,77,48,77,57,77,61,61,61,77,0],"gold":42,"neow_bonus":"TEN_PERCENT_HP_BONUS","is_prod":false,"is_daily":false,"chose_seed":false,"campfire_upgraded":0,"win_rate":0.0,"timestamp":1565641543,"path_taken":["M","M","M","M","M","R","E","$","T","M","R","?","R","?","R","BOSS","M","?","?","$","?","R","E"],"build_version":"2019-07-17","purchased_purges":0,"victory":false,"max_hp_per_floor":[77,77,77,77,77,77,77,77,77,77,77,77,77,77,77,77,77,77,77,77,77,77,77,77],"card_choices":[{"not_picked":["Bouncing Flask","Skewer"],"picked":"Underhanded Strike","floor":1},{"not_picked":["Prepared","Dagger Spray"],"picked":"Dagger Throw","floor":2},{"not_picked":["Blade Dance","Acrobatics"],"picked":"Poisoned Stab","floor":3},{"not_picked":["Dash","Riddle With Holes"],"picked":"Underhanded Strike","floor":4},{"not_picked":["Choke","PiercingWail"],"picked":"Acrobatics","floor":5},{"not_picked":["Expertise","Poisoned Stab"],"picked":"PiercingWail","floor":7},{"not_picked":["PiercingWail","Phantasmal Killer"],"picked":"Terror","floor":10},{"not_picked":["Blur","Calculated Gamble"],"picked":"Blade Dance","floor":11},{"not_picked":["Quick Slash","Expertise"],"picked":"Endless Agony","floor":13},{"not_picked":["Flying Knee","Sucker Punch"],"picked":"Underhanded Strike","floor":15},{"not_picked":["Venomology","Phantasmal Killer"],"picked":"A Thousand Cuts","floor":16},{"not_picked":["Dagger Spray","Skewer"],"picked":"Dodge and Roll","floor":18},{"not_picked":["Dagger Spray","Deflect"],"picked":"Quick Slash+1","floor":23}],"player_experience":19694,"relics_obtained":[{"floor":7,"key":"Juzu Bracelet"},{"floor":9,"key":"Dream Catcher"},{"floor":20,"key":"Enchiridion"}],"event_choices":[{"damage_healed":0,"gold_gain":0,"player_choice":"Upgraded","damage_taken":0,"max_hp_gain":0,"max_hp_loss":0,"event_name":"Upgrade Shrine","floor":12,"gold_loss":0,"cards_upgraded":["Terror"]},{"cards_removed":["Strike_G"],"damage_healed":0,"gold_gain":0,"player_choice":"Purged","damage_taken":0,"max_hp_gain":0,"max_hp_loss":0,"event_name":"Purifier","floor":14,"gold_loss":0},{"damage_healed":25,"gold_gain":0,"player_choice":"Heal","damage_taken":0,"max_hp_gain":0,"max_hp_loss":0,"event_name":"The Library","floor":19,"gold_loss":0},{"damage_healed":0,"gold_gain":0,"player_choice":"Obtained Book","damage_taken":16,"max_hp_gain":0,"max_hp_loss":0,"event_name":"Cursed Tome","floor":20,"gold_loss":0},{"damage_healed":0,"gold_gain":0,"player_choice":"Stole Relic","damage_taken":0,"relics_obtained":["Pantograph"],"max_hp_gain":0,"max_hp_loss":0,"event_name":"Addict","floor":22,"gold_loss":0,"cards_obtained":["Shame"]}],"is_beta":false,"boss_relics":[{"not_picked":["Empty Cage","Busted Crown"],"picked":"White Beast Statue"}],"items_purged_floors":[],"is_endless":false,"potions_floor_spawned":[1,4,7,10,18],"killed_by":"Gremlin Leader","ascension_level":0}