{"gold_per_floor":[364,376,376,130,144,144,144,1,1,19,45,65,84,102,102,205,205,223],"floor_reached":18,"playtime":768,"items_purged":[],"score":174,"play_id":"70183c72-718e-4d1d-b30a-0c389fa42561","local_time":"20190828114211","is_ascension_mode":true,"campfire_choices":[{"data":"Terror","floor":7.0,"key":"SMITH"},{"floor":15,"key":"REST"}],"neow_cost":"TEN_PERCENT_HP_LOSS","seed_source_timestamp":0,"circlet_count":0,"master_deck":["Strike_G","Strike_G","Strike_G","Strike_G","Strike_G","Defend_G","Defend_G","Defend_G","Defend_G","Defend_G","Survivor","Neutralize","Terror+1","Poisoned Stab","Blur+1","Deflect+1","Accuracy","Backstab","Noxious Fumes","Crippling Poison+1","Bane","Catalyst+1","Venomology+1","After Image"],"special_seed":0,"relics":["Ring of the Snake","The Courier","Toxic Egg 2","Ornamental Fan","Blood Vial","Darkstone Periapt","Dream Catcher","Black Star"],"potions_floor_usage":[11,16,16,16],"damage_taken":[{"damage":0.0,"enemies":"Cultist","floor":1.0,"turns":4.0},{"damage":3.0,"enemies":"Small Slimes","floor":2.0,"turns":3.0},{"damage":0.0,"enemies":"Jaw Worm","floor":5.0,"turns":4.0},{"damage":0.0,"enemies":"Red Slaver","floor":10.0,"turns":4.0},{"damage":19,"enemies":"3 Sentries","floor":11,"turns":12},{"damage":0,"enemies":"Blue Slaver","floor":12,"turns":3},{"damage":0,"enemies":"3 Louse","floor":13,"turns":3},{"damage":0,"enemies":"Looter","floor":14,"turns":2},{"damage":6,"enemies":"Slime Boss","floor":16,"turns":10},{"damage":7,"enemies":"Shell Parasite","floor":18,"turns":5}],"seed_played":"-8067117441497158272","potions_obtained":[{"floor":1.0,"key":"Strength Potion"},{"floor":5.0,"key":"Block Potion"},{"floor":11,"key":"LiquidBronze"},{"floor":13,"key":"EssenceOfSteel"},{"floor":14,"key":"Energy Potion"},{"floor":16,"key":"Ancient Potion"}],"is_trial":false,"path_per_floor":["M","M","?","$","M","?","R","$","T","M","E","M","M","M","R","B",null,"M"],"character_chosen":"THE_SILENT","items_purchased":["Toxic Egg 2","Blur+1","Blood Vial","Accuracy"],"campfire_rested":1,"item_purchase_floors":[4,4,8,8],"current_hp_per_floor":[63,60,27,27,27,27,27,27,27,29,12,14,16,18,36,32,63,56],"gold":223,"neow_bonus":"TWO_FIFTY_GOLD","is_prod":false,"is_daily":false,"chose_seed":false,"campfire_upgraded":1,"win_rate":0,"timestamp":1566981731,"path_taken":["M","?","?","$","M","?","R","$","T","M","E","?","M","M","R","BOSS","M"],"build_version":"2019-07-17","purchased_purges":0,"victory":false,"max_hp_per_floor":[63,63,63,63,63,63,63,63,63,63,63,63,63,63,63,63,63,63],"card_choices":[{"not_picked":["Escape Plan","PiercingWail"],"picked":"Terror","floor":1.0},{"not_picked":["Setup","Bane"],"picked":"Poisoned Stab","floor":2.0},{"not_picked":["Quick Slash","Concentrate+1"],"picked":"Deflect+1","floor":5.0},{"not_picked":["Tactician+1","Calculated Gamble+1"],"picked":"Backstab","floor":10.0},{"not_picked":["Dodge and Roll+1","Footwork"],"picked":"Noxious Fumes","floor":11},{"not_picked":["Dash","Underhanded Strike"],"picked":"Crippling Poison+1","floor":12},{"not_picked":["Sucker Punch","Flying Knee"],"picked":"Bane","floor":13},{"not_picked":["Acrobatics+1","Bane"],"picked":"Catalyst+1","floor":14},{"not_picked":["Dodge and Roll+1","Accuracy"],"picked":"Venomology+1","floor":15},{"not_picked":["Wraith Form v2","Envenom"],"picked":"After Image","floor":16},{"not_picked":["Finisher","Underhanded Strike+1","Dagger Spray"],"picked":"SKIP","floor":18}],"player_experience":206361,"relics_obtained":[{"floor":9.0,"key":"Darkstone Periapt"},{"floor":11,"key":"Dream Catcher"}],"event_choices":[{"damage_healed":0.0,"max_hp_gain":0.0,"max_hp_loss":0.0,"gold_gain":0.0,"event_name":"Scrap Ooze","player_choice":"Success","floor":3.0,"gold_loss":0.0,"damage_taken":33.0,"relics_obtained":["The Courier"]},{"damage_healed":0.0,"max_hp_gain":0.0,"max_hp_loss":0.0,"gold_gain":0.0,"event_name":"WeMeetAgain","player_choice":"Gave Potion","floor":6.0,"gold_loss":0.0,"damage_taken":0.0,"relics_obtained":["Ornamental Fan"]}],"is_beta":false,"boss_relics":[{"not_picked":["HoveringKite","Coffee Dripper"],"picked":"Black Star"}],"items_purged_floors":[],"is_endless":false,"potions_floor_spawned":[1,5,11,13,14,16,18],"killed_by":"Shell Parasite","ascension_level":1}