{"gold_per_floor":[12,32,32,42,53,53,385,385,453,453,515,547,563,563,563,665,665,665],"floor_reached":18,"playtime":773,"items_purged":[],"score":242,"play_id":"a2761034-03b8-4899-ad94-3bf97a3f1577","local_time":"20190905182629","is_ascension_mode":true,"campfire_choices":[{"data":"Deadly Poison","floor":6,"key":"SMITH"},{"data":"Poisoned Stab","floor":8,"key":"SMITH"},{"data":"Well Laid Plans","floor":10,"key":"SMITH"},{"floor":15,"key":"REST"}],"neow_cost":"NO_GOLD","seed_source_timestamp":1185982630015536,"circlet_count":0,"master_deck":["Strike_G","Strike_G","Strike_G","Defend_G","Defend_G","Defend_G","Defend_G","Defend_G","Survivor","Neutralize+1","Dash","Eviscerate","Leg Sweep","Poisoned Stab+1","Deadly Poison+1","Dash","Well Laid Plans+1","Cloak And Dagger","Bouncing Flask","Noxious Fumes","Burst"],"relics":["Ring of the Snake","Old Coin","Shuriken","Bronze Scales","Gremlin Horn","FossilizedHelix","WristBlade"],"potions_floor_usage":[7,11,16],"damage_taken":[{"damage":6,"enemies":"Small Slimes","floor":1,"turns":4},{"damage":2,"enemies":"Jaw Worm","floor":2,"turns":6},{"damage":0,"enemies":"Cultist","floor":4,"turns":4},{"damage":4,"enemies":"2 Fungi Beasts","floor":5,"turns":5},{"damage":28,"enemies":"Gremlin Nob","floor":7,"turns":5},{"damage":12,"enemies":"3 Sentries","floor":11,"turns":8},{"damage":16,"enemies":"Lagavulin","floor":12,"turns":5},{"damage":0,"enemies":"Large Slime","floor":13,"turns":4},{"damage":0,"enemies":"The Guardian","floor":16,"turns":8},{"damage":0,"enemies":"Shell Parasite","floor":18,"turns":1}],"seed_played":"9166166249007951441","potions_obtained":[{"floor":2,"key":"Dexterity Potion"},{"floor":5,"key":"Poison Potion"},{"floor":13,"key":"SkillPotion"}],"is_trial":false,"path_per_floor":["M","M","?","M","M","R","E","R","T","R","?","E","M","T","R","B",null,"M"],"character_chosen":"THE_SILENT","items_purchased":[],"campfire_rested":1,"item_purchase_floors":[],"current_hp_per_floor":[64,62,62,62,58,58,30,30,30,30,18,2,2,2,23,23,70,70],"gold":665,"neow_bonus":"TRANSFORM_TWO_CARDS","is_prod":false,"is_daily":false,"chose_seed":false,"campfire_upgraded":3,"win_rate":0,"timestamp":1567697189,"path_taken":["M","M","?","M","M","R","E","R","T","R","?","E","M","?","R","BOSS","M"],"build_version":"2019-07-17","purchased_purges":0,"victory":false,"max_hp_per_floor":[70,70,70,70,70,70,70,70,70,70,70,70,70,70,70,70,70,70],"card_choices":[{"not_picked":["Outmaneuver","Flying Knee"],"picked":"Leg Sweep","floor":1},{"not_picked":["Dagger Spray","Heel Hook"],"picked":"Poisoned Stab","floor":2},{"not_picked":["Bane","Dodge and Roll"],"picked":"Deadly Poison","floor":4},{"not_picked":["Dagger Throw","Flying Knee"],"picked":"Dash","floor":5},{"not_picked":["Dodge and Roll","Setup"],"picked":"Well Laid Plans","floor":7},{"not_picked":["Deadly Poison","Caltrops"],"picked":"Cloak And Dagger","floor":11},{"not_picked":["Acrobatics","Doppelganger"],"picked":"Bouncing Flask","floor":12},{"not_picked":["Flechettes","Dodge and Roll"],"picked":"Noxious Fumes","floor":13},{"not_picked":["Unload","Glass Knife"],"picked":"Burst","floor":16}],"player_experience":275722,"relics_obtained":[{"floor":7,"key":"Old Coin"},{"floor":9,"key":"Shuriken"},{"floor":11,"key":"Bronze Scales"},{"floor":12,"key":"Gremlin Horn"},{"floor":14,"key":"FossilizedHelix"}],"event_choices":[{"damage_healed":0,"gold_gain":0,"player_choice":"Grow","damage_taken":0,"max_hp_gain":0,"max_hp_loss":0,"event_name":"Living Wall","floor":3,"gold_loss":0,"cards_upgraded":["Neutralize"]},{"damage_healed":0,"gold_gain":0,"player_choice":"Searched \u00272\u0027 times","damage_taken":0,"max_hp_gain":0,"max_hp_loss":0,"event_name":"Dead Adventurer","floor":11,"gold_loss":0}],"is_beta":false,"boss_relics":[{"not_picked":["Sozu","Velvet Choker"],"picked":"WristBlade"}],"items_purged_floors":[],"is_endless":false,"potions_floor_spawned":[2,5,13],"killed_by":"Shell Parasite","ascension_level":2}