{"gold_per_floor":[116,131,131,51,62,62,77,77,101,130,130,143,162,196,196,291,291,306,318,8,18,117,146,146,161,243,243,258,38,65,81,81,186,186,197,197,210,225,225,258,258,68,68,68,79,79,97,97,97,97],"floor_reached":51,"playtime":5329,"items_purged":["Writhe"],"score":678,"play_id":"b252c134-13f6-423b-841c-30d2fd600658","local_time":"20190819180116","is_ascension_mode":false,"campfire_choices":[{"data":"Darkness","floor":6,"key":"SMITH"},{"data":"Hologram","floor":11,"key":"SMITH"},{"data":"Darkness","floor":15,"key":"SMITH"},{"data":"Echo Form","floor":24,"key":"SMITH"},{"data":"Multi-Cast","floor":32,"key":"SMITH"},{"data":"Skim","floor":41,"key":"SMITH"},{"data":"Reinforced Body","floor":46,"key":"SMITH"},{"data":"Leap","floor":49,"key":"SMITH"}],"neow_cost":"CURSE","seed_source_timestamp":325332128068121,"circlet_count":0,"master_deck":["Strike_B","Strike_B","Strike_B","Strike_B","Defend_B","Defend_B","Defend_B","Defend_B","Zap","Dualcast+1","Rip and Tear","Coolheaded","Self Repair","Darkness+1","Darkness+1","Hologram+1","Beam Cell","Leap","Melter","Echo Form+1","Skim+1","Sunder+1","Glacier","Multi-Cast+1","Redo+1","Capacitor","Steam","Reinforced Body+1","Sweeping Beam+1","Core Surge","Leap+1","Apotheosis+1","Rebound+1","Parasite"],"relics":["Cracked Core","Spirit Poop","Lantern","Dream Catcher","PreservedInsect","Nuclear Battery","Gambling Chip","Bronze Scales","Pear","Meat on the Bone","Pantograph","Busted Crown","Bag of Preparation","Letter Opener"],"potions_floor_usage":[12,13,13,14,18,23,33,33,33,37,47,50,50,50],"damage_taken":[{"damage":3,"enemies":"Jaw Worm","floor":1,"turns":4},{"damage":1,"enemies":"Cultist","floor":2,"turns":3},{"damage":7,"enemies":"Small Slimes","floor":5,"turns":3},{"damage":4,"enemies":"Blue Slaver","floor":7,"turns":3},{"damage":20,"enemies":"3 Sentries","floor":10,"turns":5},{"damage":5,"enemies":"Exordium Thugs","floor":12,"turns":4},{"damage":3,"enemies":"Gremlin Gang","floor":13,"turns":3},{"damage":6,"enemies":"Lagavulin","floor":14,"turns":5},{"damage":39,"enemies":"Hexaghost","floor":16,"turns":5},{"damage":15,"enemies":"2 Thieves","floor":18,"turns":3},{"damage":0,"enemies":"Chosen","floor":19,"turns":3},{"damage":23,"enemies":"Snecko","floor":21,"turns":5},{"damage":11,"enemies":"Book of Stabbing","floor":23,"turns":3},{"damage":17,"enemies":"Shelled Parasite and Fungi","floor":25,"turns":4},{"damage":9,"enemies":"Centurion and Healer","floor":28,"turns":4},{"damage":17,"enemies":"Slavers","floor":30,"turns":3},{"damage":40,"enemies":"Cultist and Chosen","floor":31,"turns":8},{"damage":31,"enemies":"Automaton","floor":33,"turns":8},{"damage":14,"enemies":"Orb Walker","floor":35,"turns":5},{"damage":27,"enemies":"3 Darklings","floor":37,"turns":6},{"damage":70,"enemies":"Transient","floor":38,"turns":5},{"damage":25,"enemies":"Nemesis","floor":40,"turns":5},{"damage":1,"enemies":"Maw","floor":45,"turns":3},{"damage":0,"enemies":"Writhing Mass","floor":47,"turns":4},{"damage":59,"enemies":"Time Eater","floor":50,"turns":9}],"seed_played":"2237879942420814692","potions_obtained":[{"floor":2,"key":"Explosive Potion"},{"floor":7,"key":"Dexterity Potion"},{"floor":10,"key":"Poison Potion"},{"floor":12,"key":"Swift Potion"},{"floor":16,"key":"Swift Potion"},{"floor":18,"key":"AttackPotion"},{"floor":30,"key":"Ancient Potion"},{"floor":31,"key":"Strength Potion"},{"floor":33,"key":"LiquidBronze"},{"floor":35,"key":"Swift Potion"},{"floor":38,"key":"Ancient Potion"},{"floor":40,"key":"Swift Potion"},{"floor":47,"key":"SpeedPotion"}],"is_trial":false,"path_per_floor":["M","M","?","$","M","R","M","?","T","E","R","M","M","E","R","B",null,"M","M","$","M","?","E","R","M","T","?","M","$","E","M","R","B",null,"M","?","M","M","?","E","R","$","T","?","M","R","M","?","R","B",null],"character_chosen":"DEFECT","items_purchased":["Self Repair","Gambling Chip","Capacitor","Steam","Dexterity Potion","Apotheosis"],"campfire_rested":0,"item_purchase_floors":[4,20,29,29,29,42],"current_hp_per_floor":[86,85,85,85,85,85,88,88,88,75,75,77,81,82,82,43,89,81,88,88,72,72,61,61,44,54,54,64,64,66,52,52,65,99,92,92,72,21,87,69,69,69,69,69,78,78,78,78,78,50],"gold":97,"neow_bonus":"TWENTY_PERCENT_HP_BONUS","is_prod":false,"is_daily":false,"chose_seed":false,"campfire_upgraded":8,"win_rate":0,"timestamp":1566226876,"path_taken":["M","M","?","$","?","R","M","?","T","E","R","M","?","E","R","BOSS","M","M","$","M","?","E","R","M","T","?","M","$","E","M","R","BOSS","M","?","M","?","?","E","R","$","T","?","?","R","M","?","R","BOSS"],"build_version":"2019-07-17","purchased_purges":1,"victory":true,"max_hp_per_floor":[89,89,89,89,89,89,89,89,89,89,89,89,89,89,89,89,89,89,89,89,89,89,89,89,89,99,99,99,99,99,99,99,99,99,99,99,99,99,87,87,87,87,87,87,87,87,87,87,87,87],"card_choices":[{"not_picked":["Loop","Chaos"],"picked":"Rip and Tear","floor":1},{"not_picked":["Blizzard","Static Discharge"],"picked":"Coolheaded","floor":2},{"not_picked":["White Noise","Cold Snap"],"picked":"Darkness","floor":5},{"not_picked":["Heatsinks","Stack"],"picked":"Darkness","floor":7},{"not_picked":["Beam Cell","Genetic Algorithm"],"picked":"Hologram","floor":10},{"not_picked":["Aggregate","Stack"],"picked":"Beam Cell","floor":12},{"not_picked":["Heatsinks","Turbo"],"picked":"Leap","floor":13},{"not_picked":["Stack","White Noise"],"picked":"Melter","floor":14},{"not_picked":["Biased Cognition","Rainbow"],"picked":"Echo Form","floor":16},{"not_picked":["Gash","Redo"],"picked":"Skim","floor":18},{"not_picked":["Self Repair","Gash","Coolheaded"],"picked":"SKIP","floor":19},{"not_picked":["Melter","Leap"],"picked":"Sunder+1","floor":21},{"not_picked":["Coolheaded","Redo"],"picked":"Glacier","floor":23},{"not_picked":["Barrage","Cold Snap"],"picked":"Multi-Cast","floor":25},{"not_picked":["Self Repair+1","Ball Lightning"],"picked":"Redo+1","floor":28},{"not_picked":["Redo+1","Ball Lightning+1"],"picked":"Reinforced Body","floor":30},{"not_picked":["Barrage","Ball Lightning"],"picked":"Sweeping Beam+1","floor":31},{"not_picked":["Thunder Strike","Hyperbeam"],"picked":"Core Surge","floor":33},{"not_picked":["Redo"],"picked":"SKIP","floor":35},{"not_picked":[],"picked":"Leap","floor":37},{"not_picked":["Tempest"],"picked":"SKIP","floor":38},{"not_picked":["Ball Lightning"],"picked":"SKIP","floor":40},{"not_picked":[],"picked":"Rebound+1","floor":45},{"not_picked":["Rip and Tear"],"picked":"SKIP","floor":47}],"player_experience":81330,"relics_obtained":[{"floor":9,"key":"Lantern"},{"floor":10,"key":"Dream Catcher"},{"floor":14,"key":"PreservedInsect"},{"floor":23,"key":"Bronze Scales"},{"floor":26,"key":"Pear"},{"floor":30,"key":"Pantograph"},{"floor":40,"key":"Bag of Preparation"},{"floor":43,"key":"Letter Opener"}],"event_choices":[{"damage_healed":0,"gold_gain":0,"player_choice":"Forge","damage_taken":0,"max_hp_gain":0,"max_hp_loss":0,"event_name":"Accursed Blacksmith","floor":3,"gold_loss":0,"cards_upgraded":["Dualcast"]},{"cards_removed":["Normality"],"damage_healed":0,"gold_gain":0,"player_choice":"Offered Curse","damage_taken":0,"relics_obtained":["Spirit Poop"],"max_hp_gain":0,"max_hp_loss":0,"event_name":"Bonfire Elementals","floor":8,"gold_loss":0},{"damage_healed":0,"gold_gain":99,"player_choice":"Stole From Cult","damage_taken":0,"max_hp_gain":0,"max_hp_loss":0,"event_name":"Nest","floor":22,"gold_loss":0},{"damage_healed":0,"gold_gain":0,"player_choice":"Opened","damage_taken":0,"relics_obtained":["Meat on the Bone"],"max_hp_gain":0,"max_hp_loss":0,"event_name":"The Mausoleum","floor":27,"gold_loss":0,"cards_obtained":["Writhe"]},{"damage_healed":0,"gold_gain":0,"player_choice":"Ignored","damage_taken":0,"max_hp_gain":0,"max_hp_loss":0,"event_name":"NoteForYourself","floor":36,"gold_loss":0},{"damage_healed":87,"gold_gain":0,"player_choice":"Heal","damage_taken":0,"max_hp_gain":0,"max_hp_loss":12,"event_name":"The Moai Head","floor":39,"gold_loss":0},{"damage_healed":0,"gold_gain":0,"player_choice":"Upgraded","damage_taken":0,"max_hp_gain":0,"max_hp_loss":0,"event_name":"Upgrade Shrine","floor":44,"gold_loss":0,"cards_upgraded":["Apotheosis"]},{"damage_healed":0,"gold_gain":0,"player_choice":"Leave","damage_taken":0,"max_hp_gain":0,"max_hp_loss":0,"event_name":"FaceTrader","floor":48,"gold_loss":0}],"is_beta":false,"boss_relics":[{"not_picked":["Orrery","Black Star"],"picked":"Nuclear Battery"},{"not_picked":["Inserter","Sozu"],"picked":"Busted Crown"}],"items_purged_floors":[29],"is_endless":false,"potions_floor_spawned":[2,7,10,12,16,18,30,31,33,35,38,40,47],"ascension_level":0}