{"gold_per_floor":[110,122,141,160,176,231,247,247,299,314,314,87,87,87,87,190,190,201,76,96,113,124,124,154,154,154,154,28,0,10,10,10,10],"floor_reached":33,"playtime":2327,"items_purged":["Strike_B","Strike_B"],"score":269,"play_id":"2b84092b-87a8-43e3-b2dd-7370b32087f2","local_time":"20190819125212","is_ascension_mode":false,"campfire_choices":[{"data":"Zap","floor":8,"key":"SMITH"},{"data":"Self Repair","floor":11,"key":"SMITH"},{"floor":15,"key":"REST"},{"data":"Redo","floor":23,"key":"SMITH"},{"data":"Seek","floor":25,"key":"SMITH"},{"data":"Machine Learning","floor":27,"key":"SMITH"},{"floor":32,"key":"REST"}],"neow_cost":"NONE","seed_source_timestamp":309809993464327,"circlet_count":0,"master_deck":["Strike_B+1","Strike_B","Defend_B","Defend_B","Defend_B+1","Defend_B","Zap+1","Dualcast+1","Ball Lightning","Ball Lightning","Self Repair+1","Conserve Battery","Sweeping Beam","Go for the Eyes","Undo","Machine Learning+1","Seek+1","Ball Lightning","Redo+1","Beam Cell","Hologram","Redo+1","Gash","Lockon+1","Go for the Eyes+1"],"relics":["Cracked Core","Tiny Chest","Orichalcum","Letter Opener","White Beast Statue","Ornamental Fan","Molten Egg 2","Bottled Flame"],"potions_floor_usage":[5,20,22,24,33,33],"damage_taken":[{"damage":0,"enemies":"Small Slimes","floor":1,"turns":2},{"damage":4,"enemies":"2 Louse","floor":2,"turns":2},{"damage":1,"enemies":"Jaw Worm","floor":3,"turns":2},{"damage":9,"enemies":"Blue Slaver","floor":4,"turns":4},{"damage":0,"enemies":"Looter","floor":5,"turns":1},{"damage":19,"enemies":"Lagavulin","floor":6,"turns":6},{"damage":0,"enemies":"Large Slime","floor":7,"turns":4},{"damage":6,"enemies":"Blue Slaver","floor":10,"turns":2},{"damage":14,"enemies":"The Guardian","floor":16,"turns":9},{"damage":4,"enemies":"Shell Parasite","floor":18,"turns":4},{"damage":25,"enemies":"2 Thieves","floor":20,"turns":3},{"damage":8,"enemies":"Centurion and Healer","floor":21,"turns":6},{"damage":0,"enemies":"Cultist and Chosen","floor":22,"turns":5},{"damage":31,"enemies":"Gremlin Leader","floor":24,"turns":5},{"damage":21,"enemies":"Snake Plant","floor":30,"turns":3},{"damage":63,"enemies":"Collector","floor":33,"turns":7}],"seed_played":"1468658737497295548","potions_obtained":[{"floor":2,"key":"FocusPotion"},{"floor":4,"key":"Ancient Potion"},{"floor":10,"key":"SpeedPotion"},{"floor":16,"key":"SmokeBomb"},{"floor":18,"key":"SpeedPotion"},{"floor":20,"key":"Explosive Potion"},{"floor":22,"key":"FocusPotion"},{"floor":24,"key":"Weak Potion"}],"is_trial":false,"path_per_floor":["M","M","M","M","M","E","M","R","T","M","R","$","?","?","R","B",null,"M","$","M","M","M","R","E","R","T","R","$","?","M","T","R","B"],"character_chosen":"DEFECT","items_purchased":["Machine Learning","Redo","Lockon+1","Go for the Eyes+1"],"campfire_rested":2,"item_purchase_floors":[12,19,28,28],"current_hp_per_floor":[75,71,70,68,68,56,63,63,63,64,64,64,46,31,53,49,75,75,75,60,62,62,62,41,41,41,41,41,41,30,30,52,0],"gold":10,"neow_bonus":"UPGRADE_CARD","is_prod":false,"is_daily":false,"chose_seed":false,"campfire_upgraded":5,"win_rate":0,"timestamp":1566208332,"path_taken":["M","M","M","M","M","E","M","R","T","M","R","$","?","?","R","BOSS","M","$","M","M","M","R","E","R","T","R","$","?","M","?","R","BOSS"],"build_version":"2019-07-17","purchased_purges":2,"victory":false,"max_hp_per_floor":[75,75,75,75,75,75,75,75,75,75,75,75,75,75,75,75,75,75,75,75,75,75,75,75,75,75,75,75,75,75,75,75,75],"card_choices":[{"not_picked":["Hologram","Loop"],"picked":"Ball Lightning","floor":1},{"not_picked":["Streamline","Leap"],"picked":"Ball Lightning","floor":2},{"not_picked":["Rebound","Go for the Eyes"],"picked":"Self Repair","floor":3},{"not_picked":["Beam Cell","Aggregate"],"picked":"Conserve Battery","floor":4},{"not_picked":["Stack","Seek"],"picked":"Sweeping Beam","floor":5},{"not_picked":["Skim","Coolheaded"],"picked":"Go for the Eyes","floor":6},{"not_picked":["Chill","Rebound"],"picked":"Undo","floor":7},{"not_picked":["Hello World","Tempest","Undo"],"picked":"SKIP","floor":10},{"not_picked":["Hyperbeam","Core Surge"],"picked":"Seek","floor":16},{"not_picked":["Stack","Go for the Eyes"],"picked":"Ball Lightning","floor":18},{"not_picked":["Turbo","Conserve Battery"],"picked":"Beam Cell","floor":20},{"not_picked":["Leap","Multi-Cast"],"picked":"Hologram","floor":21},{"not_picked":["Steam","Steam Power+1"],"picked":"Redo+1","floor":22},{"not_picked":["Chaos","Beam Cell"],"picked":"Gash","floor":24},{"not_picked":["Chill+1","Tempest+1","Go for the Eyes+1"],"picked":"SKIP","floor":30}],"player_experience":76942,"relics_obtained":[{"floor":6,"key":"Tiny Chest"},{"floor":9,"key":"Orichalcum"},{"floor":24,"key":"Ornamental Fan"},{"floor":26,"key":"Molten Egg 2"},{"floor":31,"key":"Bottled Flame"}],"event_choices":[{"damage_healed":0,"gold_gain":0,"player_choice":"Success","damage_taken":18,"relics_obtained":["Letter Opener"],"max_hp_gain":0,"max_hp_loss":0,"event_name":"Scrap Ooze","floor":13,"gold_loss":0},{"damage_healed":0,"gold_gain":0,"player_choice":"Entered Light","damage_taken":15,"max_hp_gain":0,"max_hp_loss":0,"event_name":"Shining Light","floor":14,"gold_loss":0,"cards_upgraded":["Defend_B","Strike_B"]},{"damage_healed":0,"gold_gain":0,"player_choice":"Paid Fearfully","damage_taken":0,"max_hp_gain":0,"max_hp_loss":0,"event_name":"Masked Bandits","floor":29,"gold_loss":28}],"is_beta":false,"boss_relics":[{"not_picked":["Coffee Dripper","Busted Crown"],"picked":"White Beast Statue"}],"items_purged_floors":[12,19],"is_endless":false,"potions_floor_spawned":[2,4,10,16,18,20,21,22,24,30],"killed_by":"Collector","ascension_level":0}