{"gold_per_floor":[109,109,127,144,144,144,144,169,249,249,268,268,30,105,105,210,210,224,243,49,49,62,62,90,103,103,103,103,202,202,212,212,212],"floor_reached":33,"playtime":2377,"items_purged":[],"score":289,"play_id":"b8065389-59ea-4151-a087-b7d48cf5e9cc","local_time":"20190825170928","is_ascension_mode":true,"campfire_choices":[{"data":"Cloak And Dagger","floor":6,"key":"SMITH"},{"data":"Sucker Punch","floor":12,"key":"SMITH"},{"floor":15,"key":"REST"},{"data":"Blade Dance","floor":23,"key":"SMITH"},{"data":"Concentrate","floor":27,"key":"SMITH"},{"data":"Blade Dance","floor":30,"key":"SMITH"},{"floor":32,"key":"REST"}],"neow_cost":"NONE","seed_source_timestamp":229360575298680,"circlet_count":0,"master_deck":["Strike_G","Strike_G","Strike_G","Strike_G","Defend_G","Defend_G","Defend_G","Defend_G","Defend_G","Survivor","Neutralize+1","Poisoned Stab","Heel Hook","Cloak And Dagger+1","Sucker Punch+1","Prepared","Blade Dance+1","Wraith Form v2+1","Leg Sweep+1","Blade Dance+1","Deflect","Deflect","Concentrate+1","Clumsy"],"relics":["Ring of the Snake","Paper Crane","Vajra","Frozen Egg 2","Ornamental Fan","Cursed Key","ClockworkSouvenir","Unceasing Top","Centennial Puzzle","Bottled Lightning"],"potions_floor_usage":[16],"damage_taken":[{"damage":5,"enemies":"Jaw Worm","floor":1,"turns":6},{"damage":0,"enemies":"Cultist","floor":3,"turns":4},{"damage":3,"enemies":"2 Louse","floor":4,"turns":2},{"damage":19,"enemies":"Gremlin Nob","floor":8,"turns":5},{"damage":1,"enemies":"Lots of Slimes","floor":11,"turns":4},{"damage":10,"enemies":"Hexaghost","floor":16,"turns":9},{"damage":10,"enemies":"2 Thieves","floor":18,"turns":4},{"damage":3,"enemies":"Chosen","floor":19,"turns":6},{"damage":26,"enemies":"Shelled Parasite and Fungi","floor":22,"turns":5},{"damage":1,"enemies":"Book of Stabbing","floor":24,"turns":7},{"damage":2,"enemies":"Snake Plant","floor":25,"turns":7},{"damage":0,"enemies":"Centurion and Healer","floor":31,"turns":6},{"damage":57,"enemies":"Automaton","floor":33,"turns":12}],"seed_played":"-3081806781379447388","potions_obtained":[{"floor":3,"key":"Ancient Potion"},{"floor":8,"key":"GhostInAJar"},{"floor":11,"key":"Poison Potion"},{"floor":16,"key":"FearPotion"}],"is_trial":false,"path_per_floor":["M","?","M","M","T","R","?","E","T","?","M","R","$","?","R","B",null,"M","M","$","?","M","R","E","M","T","R","?","?","R","M","R","B"],"character_chosen":"THE_SILENT","items_purchased":["Ornamental Fan","ClockworkSouvenir"],"campfire_rested":2,"item_purchase_floors":[13,20],"current_hp_per_floor":[65,65,65,62,62,62,67,48,48,48,47,47,47,36,58,48,75,65,62,62,62,36,36,35,33,33,33,33,33,33,33,55,0],"gold":212,"neow_bonus":"UPGRADE_CARD","is_prod":false,"is_daily":false,"chose_seed":false,"campfire_upgraded":5,"win_rate":0,"timestamp":1566742168,"path_taken":["M","?","M","?","?","R","?","E","T","?","?","R","$","?","R","BOSS","M","M","$","?","M","R","E","M","T","R","?","?","R","M","R","BOSS"],"build_version":"2019-07-17","purchased_purges":0,"victory":false,"max_hp_per_floor":[70,70,70,70,70,70,75,75,75,75,75,75,75,75,75,75,75,75,75,75,75,75,75,75,75,75,75,75,75,75,75,75,75],"card_choices":[{"not_picked":["Bane","Outmaneuver"],"picked":"Poisoned Stab","floor":1},{"not_picked":["Finisher","Concentrate"],"picked":"Cloak And Dagger","floor":3},{"not_picked":["Quick Slash","Flying Knee"],"picked":"Sucker Punch","floor":4},{"not_picked":["Slice","Setup"],"picked":"Prepared","floor":8},{"not_picked":["All Out Attack","Predator"],"picked":"Blade Dance","floor":11},{"not_picked":["Unload","Burst"],"picked":"Wraith Form v2+1","floor":16},{"not_picked":["Endless Agony","Deadly Poison"],"picked":"Leg Sweep+1","floor":18},{"not_picked":["Dagger Spray","Bane"],"picked":"Blade Dance","floor":19},{"not_picked":["Finisher","Poisoned Stab"],"picked":"Deflect","floor":22},{"not_picked":["Choke","Backflip"],"picked":"Deflect","floor":24},{"not_picked":["Acrobatics+1","Outmaneuver"],"picked":"Concentrate","floor":25},{"not_picked":["Backflip","Bane","Poisoned Stab"],"picked":"SKIP","floor":31}],"player_experience":167907,"relics_obtained":[{"floor":5,"key":"Paper Crane"},{"floor":8,"key":"Vajra"},{"floor":9,"key":"Frozen Egg 2"},{"floor":24,"key":"Centennial Puzzle"},{"floor":26,"key":"Bottled Lightning"}],"event_choices":[{"damage_healed":0,"gold_gain":0,"cards_transformed":["Strike_G"],"player_choice":"Transformed","damage_taken":0,"max_hp_gain":0,"max_hp_loss":0,"event_name":"Transmorgrifier","floor":2,"gold_loss":0,"cards_obtained":["Heel Hook"]},{"damage_healed":0,"gold_gain":0,"player_choice":"Donut","damage_taken":0,"max_hp_gain":5,"max_hp_loss":0,"event_name":"Big Fish","floor":7,"gold_loss":0},{"damage_healed":0,"gold_gain":0,"player_choice":"Bought 0 Potions","damage_taken":0,"max_hp_gain":0,"max_hp_loss":0,"event_name":"The Woman in Blue","floor":10,"gold_loss":0},{"damage_healed":0,"gold_gain":75,"player_choice":"Gather Gold","damage_taken":11,"max_hp_gain":0,"max_hp_loss":0,"event_name":"World of Goop","floor":14,"gold_loss":0},{"damage_healed":0,"gold_gain":0,"player_choice":"Opened","damage_taken":0,"relics_obtained":["Unceasing Top"],"max_hp_gain":0,"max_hp_loss":0,"event_name":"The Mausoleum","floor":21,"gold_loss":0},{"damage_healed":0,"gold_gain":0,"player_choice":"Ignored","damage_taken":0,"max_hp_gain":0,"max_hp_loss":0,"event_name":"Vampires","floor":28,"gold_loss":0},{"damage_healed":0,"gold_gain":99,"player_choice":"Stole From Cult","damage_taken":0,"max_hp_gain":0,"max_hp_loss":0,"event_name":"Nest","floor":29,"gold_loss":0}],"is_beta":false,"boss_relics":[{"not_picked":["Black Star","Orrery"],"picked":"Cursed Key"}],"items_purged_floors":[],"is_endless":false,"potions_floor_spawned":[3,8,11,16,22,24,25],"killed_by":"Automaton","ascension_level":2}