{"gold_per_floor":[18,18,34,34,109,109,144,48,48,84,84,84,43,56,56,151,151,171,196,196,38,1118,1118,1146,1146,1173,1204,1204,1204,1129,337,337,337],"floor_reached":33,"playtime":734,"items_purged":["Bite"],"score":680,"play_id":"0301cfe8-f585-4ac4-b31e-8916c9f7fcfe","local_time":"20190828205423","is_ascension_mode":true,"campfire_choices":[{"data":"Bludgeon","floor":6.0,"key":"SMITH"},{"data":"Shockwave","floor":11.0,"key":"SMITH"},{"data":"Clothesline","floor":15.0,"key":"SMITH"},{"floor":23.0,"key":"REST"},{"data":"Battle Trance","floor":25.0,"key":"SMITH"},{"floor":29.0,"key":"REST"},{"data":"Discovery","floor":32.0,"key":"SMITH"}],"neow_cost":"NO_GOLD","seed_source_timestamp":0,"circlet_count":0,"master_deck":["AscendersBane","Defend_R","Defend_R","Defend_R","Bash+1","Bludgeon+1","Cleave","Pommel Strike","Sword Boomerang","Shockwave+1","Anger+1","Impervious","Battle Trance+1","Clothesline+1","Immolate+1","Headbutt","Sword Boomerang+1","Intimidate+1","Bite","Bite","Bite","Bite","Impervious","Inflame+1","True Grit","Discovery+1","Violence"],"special_seed":0,"relics":["Burning Blood","Bloody Idol","Frozen Egg 2","Happy Flower","Sundial","Pear","Sozu","Whetstone","Juzu Bracelet","Red Mask","PreservedInsect"],"potions_floor_usage":[],"damage_taken":[{"damage":8.0,"enemies":"2 Louse","floor":1.0,"turns":3.0},{"damage":2.0,"enemies":"Jaw Worm","floor":3.0,"turns":3.0},{"damage":32.0,"enemies":"Gremlin Nob","floor":7.0,"turns":4.0},{"damage":16.0,"enemies":"3 Sentries","floor":10.0,"turns":5.0},{"damage":0.0,"enemies":"Small Slimes","floor":14.0,"turns":2.0},{"damage":0.0,"enemies":"Slime Boss","floor":16.0,"turns":6.0},{"damage":0.0,"enemies":"Shell Parasite","floor":18.0,"turns":2.0},{"damage":6.0,"enemies":"Spheric Guardian","floor":19.0,"turns":3.0},{"damage":33.0,"enemies":"Gremlin Leader","floor":24.0,"turns":5.0},{"damage":36.0,"enemies":"Masked Bandits","floor":27.0,"turns":4.0},{"damage":63,"enemies":"Collector","floor":33,"turns":7}],"seed_played":"-4776356317586919852","potions_obtained":[{"floor":3.0,"key":"EssenceOfSteel"},{"floor":16.0,"key":"FearPotion"}],"is_trial":false,"path_per_floor":["M","?","M","T","?","R","E","$","T","E","R","?","$","M","R","B",null,"M","M","?","$","?","R","E","R","T","?","?","R","?","$","R","B"],"character_chosen":"IRONCLAD","items_purchased":["Shockwave","Anger","Battle Trance","Whetstone","PreservedInsect","Impervious","Inflame+1","True Grit","Discovery","Violence"],"campfire_rested":2,"item_purchase_floors":[8,8,13,21,31,31,31,31,31,31],"current_hp_per_floor":[66,66,68,68,57,57,31,31,31,31,31,31,31,37,37,43,69,75,75,75,75,44,67,45,45,50,27,27,50,50,50,50,0],"gold":337,"neow_bonus":"THREE_RARE_CARDS","is_prod":false,"is_daily":false,"chose_seed":false,"campfire_upgraded":5,"win_rate":0,"timestamp":1567040063,"path_taken":["M","?","M","?","?","R","E","$","T","E","R","?","?","M","R","BOSS","M","M","?","$","?","R","E","R","T","?","?","R","?","?","R","BOSS"],"build_version":"2019-08-26","purchased_purges":1,"victory":false,"max_hp_per_floor":[75,68,68,68,68,68,68,68,68,78,78,78,78,78,78,78,78,78,78,78,78,78,78,78,78,78,78,78,78,78,78,78,78],"card_choices":[{"not_picked":["Dark Embrace","Fiend Fire"],"picked":"Bludgeon","floor":0.0},{"not_picked":["Clash","Clothesline"],"picked":"Cleave","floor":1.0},{"not_picked":["Spot Weakness","Pummel"],"picked":"Pommel Strike","floor":3.0},{"not_picked":["Twin Strike","Thunderclap"],"picked":"Sword Boomerang","floor":7.0},{"not_picked":["Rage","Intimidate"],"picked":"Impervious","floor":10.0},{"not_picked":["Body Slam","Anger"],"picked":"Clothesline","floor":14.0},{"not_picked":["Fiend Fire","Juggernaut+1"],"picked":"Immolate","floor":16.0},{"not_picked":["Body Slam","Perfected Strike"],"picked":"Headbutt","floor":18.0},{"not_picked":["Heavy Blade","Warcry"],"picked":"Sword Boomerang+1","floor":19.0},{"not_picked":["Uppercut","Armaments","Feel No Pain+1"],"picked":"SKIP","floor":24.0},{"not_picked":["Clash","Pommel Strike"],"picked":"Intimidate+1","floor":27.0}],"player_experience":1036324,"relics_obtained":[{"floor":4.0,"key":"Frozen Egg 2"},{"floor":7.0,"key":"Happy Flower"},{"floor":9.0,"key":"Sundial"},{"floor":10.0,"key":"Pear"},{"floor":24.0,"key":"Juzu Bracelet"},{"floor":26.0,"key":"Blood Vial"},{"floor":27.0,"key":"Red Mask"}],"event_choices":[{"damage_healed":0.0,"max_hp_gain":0.0,"max_hp_loss":7.0,"gold_gain":0.0,"event_name":"Golden Idol","player_choice":"Lose Max HP","floor":2.0,"gold_loss":0.0,"damage_taken":0.0,"relics_obtained":["Golden Idol"]},{"damage_healed":0.0,"max_hp_gain":0.0,"max_hp_loss":0.0,"gold_gain":75.0,"event_name":"World of Goop","player_choice":"Gather Gold","floor":5.0,"gold_loss":0.0,"damage_taken":11.0},{"damage_healed":0.0,"max_hp_gain":0.0,"max_hp_loss":0.0,"gold_gain":0.0,"event_name":"Living Wall","player_choice":"Grow","floor":12.0,"gold_loss":0.0,"damage_taken":0.0,"cards_upgraded":["Bash"]},{"damage_healed":0.0,"max_hp_gain":0.0,"max_hp_loss":0.0,"gold_gain":0.0,"event_name":"Forgotten Altar","player_choice":"Gave Idol","floor":20.0,"relics_lost":["Golden Idol"],"gold_loss":0.0,"damage_taken":0.0,"relics_obtained":["Bloody Idol"]},{"damage_healed":0.0,"max_hp_gain":0.0,"max_hp_loss":0.0,"gold_gain":1080.0,"event_name":"Knowing Skull","player_choice":"GOLD GOLD GOLD GOLD GOLD GOLD GOLD GOLD GOLD GOLD GOLD GOLD ","floor":22.0,"potions_obtained":[],"gold_loss":0.0,"damage_taken":91.0,"cards_obtained":[]},{"damage_healed":0.0,"max_hp_gain":0.0,"max_hp_loss":0.0,"gold_gain":0.0,"event_name":"Masked Bandits","player_choice":"Fought Bandits","floor":27.0,"gold_loss":0.0,"damage_taken":0.0},{"damage_healed":0.0,"max_hp_gain":0.0,"max_hp_loss":0.0,"gold_gain":0.0,"event_name":"Vampires","player_choice":"Became a vampire (Vial)","floor":28.0,"relics_lost":["Blood Vial"],"gold_loss":0.0,"damage_taken":0.0,"cards_obtained":["Bite","Bite","Bite","Bite","Bite"]},{"cards_removed":["Defend_R"],"damage_healed":0.0,"max_hp_gain":0.0,"max_hp_loss":0.0,"gold_gain":0.0,"event_name":"Beggar","player_choice":"Gave Gold","floor":30.0,"gold_loss":75.0,"damage_taken":0.0}],"is_beta":true,"boss_relics":[{"not_picked":["Calling Bell","Busted Crown"],"picked":"Sozu"}],"items_purged_floors":[31],"is_endless":false,"potions_floor_spawned":[3,16,18,24,27],"killed_by":"Collector","ascension_level":20}