{"gold_per_floor":[114,114,127,6,21,21,21,21,21,21,36,54,54,70,70,166,166,179,192,192,46,46,65,65,114,114,114,36,36,71,87,87,192,192,204,204,27,27,51,51,63,63,63,76,92,92,107,134,134,134],"floor_reached":50,"playtime":2338,"items_purged":["Defend_B"],"score":530,"play_id":"ad42fe67-110b-4642-9b7b-084f006aa1e9","local_time":"20181227014236","is_ascension_mode":false,"campfire_choices":[{"data":"Zap","floor":7,"key":"SMITH"},{"data":"Redo","floor":10,"key":"SMITH"},{"floor":15,"key":"REST"},{"data":"Creative AI","floor":24,"key":"SMITH"},{"data":"Glacier","floor":27,"key":"SMITH"},{"floor":32,"key":"REST"},{"data":"Blizzard","floor":40,"key":"SMITH"},{"data":"Blizzard","floor":42,"key":"SMITH"},{"floor":46,"key":"REST"},{"floor":49,"key":"REST"}],"neow_cost":"NONE","seed_source_timestamp":2259999685194595,"circlet_count":0,"master_deck":["Defend_B","Defend_B","Zap+1","Dualcast","Blizzard+1","Redo+1","Coolheaded","Melter","Rebound","Cold Snap","Cold Snap","Creative AI+1","Cold Snap","Ball Lightning","Doom and Gloom","Glacier+1","Blizzard+1","Redo","Glacier","Defragment+1","Self Repair+1","Turbo+1","Enlightenment","Hologram","Streamline+1","Leap","Beam Cell+1","Skim+1"],"relics":["Cracked Core","NeowsBlessing","Question Card","Pen Nib","Philosopher\u0027s Stone","Regal Pillow","Sundial","Darkstone Periapt","Runic Pyramid","Orichalcum","Letter Opener","Incense Burner"],"potions_floor_usage":[33,33,33,48,48,50,50],"damage_taken":[{"damage":0,"enemies":"Jaw Worm","floor":1,"turns":1},{"damage":0,"enemies":"Cultist","floor":3,"turns":1},{"damage":0,"enemies":"2 Louse","floor":5,"turns":1},{"damage":31,"enemies":"Gremlin Gang","floor":11,"turns":5},{"damage":0,"enemies":"3 Louse","floor":12,"turns":3},{"damage":14,"enemies":"Lots of Slimes","floor":14,"turns":3},{"damage":24,"enemies":"Hexaghost","floor":16,"turns":10},{"damage":0,"enemies":"Spheric Guardian","floor":18,"turns":2},{"damage":0,"enemies":"Chosen","floor":19,"turns":4},{"damage":15,"enemies":"Snake Plant","floor":23,"turns":4},{"damage":25,"enemies":"Slavers","floor":30,"turns":4},{"damage":12,"enemies":"Cultist and Chosen","floor":31,"turns":6},{"damage":6,"enemies":"Champ","floor":33,"turns":12},{"damage":15,"enemies":"Orb Walker","floor":35,"turns":5},{"damage":44,"enemies":"3 Darklings","floor":41,"turns":5},{"damage":5,"enemies":"Jaw Worm Horde","floor":44,"turns":4},{"damage":28,"enemies":"Sphere and 2 Shapes","floor":45,"turns":5},{"damage":10,"enemies":"Spire Growth","floor":47,"turns":6},{"damage":36,"enemies":"Nemesis","floor":48,"turns":8},{"damage":84,"enemies":"Awakened One","floor":50,"turns":13}],"seed_played":"-7337176750699712363","potions_obtained":[{"floor":1,"key":"EssenceOfSteel"},{"floor":3,"key":"EssenceOfSteel"},{"floor":11,"key":"Block Potion"},{"floor":14,"key":"SpeedPotion"},{"floor":33,"key":"EssenceOfSteel"},{"floor":41,"key":"Poison Potion"},{"floor":48,"key":"Regen Potion"}],"is_trial":false,"path_per_floor":["M","?","M","$","M","$","R","?","T","R","M","M","?","M","R","B",null,"M","M","?","$","?","M","R","T","T","R","$","?","E","M","R","B",null,"M","?","$","?","T","R","M","R","T","M","M","R","M","E","R","B"],"character_chosen":"DEFECT","items_purchased":["Coolheaded","Melter","Glacier","Blizzard","Glacier","PowerPotion","Hologram"],"campfire_rested":4,"item_purchase_floors":[4,4,21,21,28,37,37],"current_hp_per_floor":[75,75,75,75,75,75,75,75,75,75,44,44,44,30,52,28,75,75,75,75,75,75,60,60,60,60,60,60,60,35,23,60,64,75,70,70,70,70,70,70,36,36,36,41,23,59,59,33,69,0],"gold":134,"neow_bonus":"THREE_ENEMY_KILL","is_prod":false,"is_daily":false,"chose_seed":false,"campfire_upgraded":6,"win_rate":0.0,"timestamp":1545896556,"path_taken":["M","?","?","$","M","$","R","?","T","R","M","?","?","M","R","BOSS","M","?","?","$","?","M","R","?","T","R","$","?","E","?","R","BOSS","M","?","$","?","?","R","M","R","T","?","M","R","M","E","R","BOSS"],"build_version":"2018-12-20","purchased_purges":1,"victory":false,"max_hp_per_floor":[75,75,75,75,75,75,75,75,75,75,75,75,75,75,75,75,75,75,75,75,75,75,75,75,75,75,75,75,75,75,75,75,75,75,75,75,75,71,71,71,71,71,71,71,71,71,71,71,71,71],"card_choices":[{"not_picked":["Sweeping Beam","Steam"],"picked":"Blizzard","floor":1},{"not_picked":["Rebound","Sunder"],"picked":"Redo","floor":3},{"not_picked":["Turbo","Steam"],"picked":"Rebound","floor":5},{"not_picked":["Beam Cell","Loop","Echo Form"],"picked":"Cold Snap","floor":11},{"not_picked":["Redo","Turbo","Lockon"],"picked":"Cold Snap","floor":12},{"not_picked":["Compile Driver","Genetic Algorithm","Rainbow","Rebound"],"picked":"SKIP","floor":14},{"not_picked":["Buffer","Electrodynamics","Biased Cognition"],"picked":"Creative AI","floor":16},{"not_picked":["Reinforced Body","Scrape","Compile Driver","Darkness"],"picked":"SKIP","floor":18},{"not_picked":["Steam Power+1","Beam Cell","Go for the Eyes"],"picked":"Cold Snap","floor":19},{"not_picked":["Storm","Skim","Reinforced Body+1"],"picked":"Redo","floor":23},{"not_picked":["Heatsinks","Gash+1","Thunder Strike"],"picked":"Defragment+1","floor":30},{"not_picked":["Conserve Battery","Ball Lightning","Redo"],"picked":"Self Repair+1","floor":31},{"not_picked":["Force Field+1","Barrage+1","Auto Shields+1"],"picked":"Turbo+1","floor":35},{"not_picked":["PanicButton","Dark Shackles","Madness"],"picked":"Enlightenment","floor":36},{"not_picked":["Consume+1","Reinforced Body+1","Conserve Battery"],"picked":"Streamline+1","floor":41},{"not_picked":["Aggregate","Amplify","Gash"],"picked":"Leap","floor":44},{"not_picked":["Lockon+1","Sweeping Beam","Compile Driver","Streamline"],"picked":"SKIP","floor":45},{"not_picked":["Rebound","Barrage","Skim"],"picked":"Beam Cell+1","floor":47},{"not_picked":["Rebound","Rip and Tear+1","Ball Lightning"],"picked":"Skim+1","floor":48}],"player_experience":29371,"relics_obtained":[{"floor":9,"key":"Question Card"},{"floor":25,"key":"Regal Pillow"},{"floor":26,"key":"Sundial"},{"floor":30,"key":"Darkstone Periapt"},{"floor":39,"key":"Orichalcum"},{"floor":43,"key":"Letter Opener"},{"floor":48,"key":"Incense Burner"}],"event_choices":[{"cards_removed":["Strike_B"],"damage_healed":0,"gold_gain":0,"player_choice":"Offered Basic","damage_taken":0,"max_hp_gain":0,"max_hp_loss":0,"event_name":"Bonfire Elementals","floor":2,"gold_loss":0},{"cards_removed":["Strike_B"],"damage_healed":0,"gold_gain":0,"player_choice":"Purged","damage_taken":0,"max_hp_gain":0,"max_hp_loss":0,"event_name":"Purifier","floor":8,"gold_loss":0},{"damage_healed":0,"gold_gain":0,"player_choice":"Gave Potion","damage_taken":0,"relics_obtained":["Pen Nib"],"max_hp_gain":0,"max_hp_loss":0,"event_name":"WeMeetAgain","floor":13,"gold_loss":0},{"damage_healed":0,"gold_gain":0,"cards_transformed":["Strike_B","Strike_B"],"player_choice":"Became Test Subject","damage_taken":0,"max_hp_gain":0,"max_hp_loss":0,"event_name":"Drug Dealer","floor":20,"gold_loss":0,"cards_obtained":["Ball Lightning","Doom and Gloom"]},{"damage_healed":0,"gold_gain":0,"player_choice":"Ignored","damage_taken":0,"max_hp_gain":0,"max_hp_loss":0,"event_name":"Ghosts","floor":22,"gold_loss":0},{"cards_removed":["Defend_B"],"damage_healed":0,"gold_gain":0,"player_choice":"Elegance","damage_taken":0,"max_hp_gain":0,"max_hp_loss":0,"event_name":"Back to Basics","floor":29,"gold_loss":0},{"damage_healed":0,"gold_gain":0,"player_choice":"Memory 1","damage_taken":0,"max_hp_gain":0,"max_hp_loss":0,"event_name":"SensoryStone","floor":36,"gold_loss":0},{"damage_healed":0,"gold_gain":0,"player_choice":"Max HP","damage_taken":0,"max_hp_gain":0,"max_hp_loss":4,"event_name":"Winding Halls","floor":38,"gold_loss":0}],"is_beta":false,"boss_relics":[{"not_picked":["Astrolabe","Coffee Dripper"],"picked":"Philosopher\u0027s Stone"},{"not_picked":["Velvet Choker","Cursed Key"],"picked":"Runic Pyramid"}],"items_purged_floors":[37],"is_endless":false,"potions_floor_spawned":[1,3,11,14,18,30,31,33,41,45,48],"killed_by":"Awakened One","ascension_level":0}