{"gold_per_floor":[115,115,3,3,3,3,3,3,53,53,70,70,83,83,83,184,184,198,138,149,49,59,59,59,59,59,78,95,95,95,108,108,213,213,232,124,144,157,171,171,184,203,203,203,218,233,260,273,273,273],"floor_reached":51,"playtime":4551,"items_purged":["Defend_B","Defend_B"],"score":591,"play_id":"db5249bd-c0da-4d4f-a732-e21eccbb5542","local_time":"20190831201226","is_ascension_mode":false,"campfire_choices":[{"data":"Loop","floor":6,"key":"SMITH"},{"data":"Chill","floor":8,"key":"SMITH"},{"data":"Zap","floor":15,"key":"SMITH"},{"data":"Creative AI","floor":23,"key":"SMITH"},{"data":"Dualcast","floor":25,"key":"SMITH"},{"data":"Defragment","floor":30,"key":"SMITH"},{"floor":32,"key":"REST"},{"data":"Capacitor","floor":40,"key":"SMITH"},{"floor":44,"key":"REST"},{"floor":49,"key":"REST"}],"neow_cost":"NONE","seed_source_timestamp":1303416868623500,"circlet_count":0,"master_deck":["Strike_B","Defend_B+1","Defend_B+1","Zap+1","Dualcast+1","Loop+1","Chill+1","Turbo+1","Darkness+1","Creative AI+1","Coolheaded+1","Double Energy+1","Turbo+1","Redo+1","Defragment+1","BootSequence+1","Iron Wave","All For One","Undo+1","Leap+1","Consume+1","Capacitor+1","Blizzard","Cold Snap+1","Parasite","Aggregate+1","Coolheaded+1","Redo+1","Redo+1","Loop"],"relics":["FrozenCore","NeowsBlessing","Toxic Egg 2","Ancient Tea Set","Mango","Orrery","Bottled Tornado","War Paint"],"potions_floor_usage":[31,50,50,50],"damage_taken":[{"damage":0,"enemies":"Jaw Worm","floor":1,"turns":1},{"damage":0,"enemies":"Small Slimes","floor":11,"turns":1},{"damage":0,"enemies":"Cultist","floor":13,"turns":1},{"damage":35,"enemies":"The Guardian","floor":16,"turns":6},{"damage":17,"enemies":"Shell Parasite","floor":18,"turns":6},{"damage":4,"enemies":"2 Thieves","floor":19,"turns":4},{"damage":6,"enemies":"Chosen and Byrds","floor":20,"turns":9},{"damage":17,"enemies":"Snecko","floor":22,"turns":7},{"damage":19,"enemies":"Snake Plant","floor":27,"turns":7},{"damage":3,"enemies":"Shelled Parasite and Fungi","floor":28,"turns":6},{"damage":0,"enemies":"Snecko","floor":31,"turns":10},{"damage":32,"enemies":"Automaton","floor":33,"turns":11},{"damage":3,"enemies":"3 Darklings","floor":35,"turns":10},{"damage":5,"enemies":"Orb Walker","floor":37,"turns":4},{"damage":8,"enemies":"Writhing Mass","floor":38,"turns":8},{"damage":0,"enemies":"3 Darklings","floor":39,"turns":7},{"damage":0,"enemies":"Maw","floor":41,"turns":10},{"damage":33,"enemies":"Transient","floor":42,"turns":5},{"damage":26,"enemies":"Writhing Mass","floor":45,"turns":10},{"damage":21,"enemies":"Spire Growth","floor":46,"turns":6},{"damage":0,"enemies":"Sphere and 2 Shapes","floor":48,"turns":10},{"damage":23,"enemies":"Donu and Deca","floor":50,"turns":11}],"seed_played":"1508055895263090476","potions_obtained":[{"floor":11,"key":"Strength Potion"},{"floor":20,"key":"Poison Potion"},{"floor":27,"key":"Energy Potion"},{"floor":31,"key":"Dexterity Potion"},{"floor":46,"key":"PowerPotion"}],"is_trial":false,"path_per_floor":["M","?","$","?","$","R","?","R","T","$","M","$","M","?","R","B",null,"M","M","M","$","M","R","$","R","T","M","M","?","R","M","R","B",null,"M","$","M","M","M","R","M","M","T","R","M","M","T","M","R","B",null],"character_chosen":"DEFECT","items_purchased":["Chill","Capacitor","Blizzard"],"campfire_rested":3,"item_purchase_floors":[3,36,36],"current_hp_per_floor":[75,68,68,68,68,68,68,68,68,68,68,68,68,68,68,33,75,58,54,48,48,31,31,31,31,45,26,23,23,23,23,49,17,89,86,86,81,73,73,73,73,40,40,66,40,19,19,19,45,22],"gold":273,"neow_bonus":"THREE_ENEMY_KILL","is_prod":false,"is_daily":false,"chose_seed":false,"campfire_upgraded":7,"win_rate":0.0,"timestamp":1567307546,"path_taken":["M","?","$","?","$","R","?","R","T","?","M","$","M","?","R","BOSS","M","M","M","$","?","R","$","R","T","M","M","?","R","?","R","BOSS","M","$","?","M","M","R","M","M","T","R","M","M","?","M","R","BOSS"],"build_version":"2019-07-17","purchased_purges":2,"victory":true,"max_hp_per_floor":[75,75,75,75,75,75,75,75,75,75,75,75,75,75,75,75,75,75,75,75,75,75,75,75,75,89,89,89,89,89,89,89,89,89,89,89,89,89,89,89,89,89,89,89,89,89,89,89,89,89],"card_choices":[{"not_picked":["Barrage","Lockon"],"picked":"Loop","floor":1},{"not_picked":["Compile Driver","Skim+1"],"picked":"Turbo+1","floor":11},{"not_picked":["Steam+1","Gash","Beam Cell"],"picked":"SKIP","floor":13},{"not_picked":["Machine Learning","Echo Form"],"picked":"Creative AI","floor":16},{"not_picked":["Streamline+1","Reprogram+1"],"picked":"Coolheaded+1","floor":18},{"not_picked":["Streamline","Ball Lightning+1"],"picked":"Double Energy+1","floor":19},{"not_picked":["Rip and Tear+1","Leap+1"],"picked":"Turbo+1","floor":20},{"not_picked":["Ball Lightning","Stack+1"],"picked":"Redo+1","floor":22},{"not_picked":["Go for the Eyes","Compile Driver+1"],"picked":"Defragment","floor":27},{"not_picked":["Ball Lightning","Conserve Battery+1"],"picked":"BootSequence+1","floor":28},{"not_picked":["Ball Lightning+1","Barrage","Sweeping Beam"],"picked":"SKIP","floor":31},{"not_picked":["Creative AI","Reboot+1"],"picked":"All For One","floor":33},{"not_picked":["Heatsinks+1","Compile Driver"],"picked":"Undo+1","floor":34},{"not_picked":["Sweeping Beam","Melter"],"picked":"Leap+1","floor":34},{"not_picked":["Hologram+1","Steam+1"],"picked":"Consume+1","floor":34},{"not_picked":["Steam+1","Stack+1","Go for the Eyes"],"picked":"SKIP","floor":35},{"not_picked":["Beam Cell","Rebound"],"picked":"Cold Snap+1","floor":37},{"not_picked":["Seek+1","Streamline+1","Steam+1"],"picked":"SKIP","floor":38},{"not_picked":["Steam+1","Genetic Algorithm+1"],"picked":"Aggregate+1","floor":39},{"not_picked":["Hologram+1","Sunder+1"],"picked":"Coolheaded+1","floor":41},{"not_picked":["Aggregate+1","Ball Lightning+1"],"picked":"Redo+1","floor":42},{"not_picked":["Streamline+1","Fusion+1"],"picked":"Redo+1","floor":45},{"not_picked":["Barrage+1","Leap+1","Steam Power+1"],"picked":"SKIP","floor":46},{"not_picked":["Steam Power+1","Beam Cell+1"],"picked":"Loop","floor":48}],"player_experience":55988,"relics_obtained":[{"floor":9,"key":"Ancient Tea Set"},{"floor":26,"key":"Mango"},{"floor":43,"key":"Bottled Tornado"},{"floor":47,"key":"War Paint"}],"event_choices":[{"cards_removed":["Strike_B"],"damage_healed":0,"gold_gain":0,"player_choice":"Card Removal","damage_taken":7,"max_hp_gain":0,"max_hp_loss":0,"event_name":"Golden Wing","floor":2,"gold_loss":0},{"damage_healed":0,"gold_gain":0,"player_choice":"Box","damage_taken":0,"relics_obtained":["Toxic Egg 2"],"max_hp_gain":0,"max_hp_loss":0,"event_name":"Big Fish","floor":4,"gold_loss":0,"cards_obtained":["Regret"]},{"cards_removed":["Regret"],"damage_healed":0,"gold_gain":0,"player_choice":"Forget","damage_taken":0,"max_hp_gain":0,"max_hp_loss":0,"event_name":"Living Wall","floor":7,"gold_loss":0},{"damage_healed":0,"gold_gain":0,"cards_transformed":["Strike_B"],"player_choice":"Transformed","damage_taken":0,"max_hp_gain":0,"max_hp_loss":0,"event_name":"Transmorgrifier","floor":14,"gold_loss":0,"cards_obtained":["Darkness"]},{"cards_removed":["Strike_B"],"damage_healed":0,"gold_gain":0,"player_choice":"Took Card","damage_taken":0,"max_hp_gain":0,"max_hp_loss":0,"event_name":"NoteForYourself","floor":29,"gold_loss":0,"cards_obtained":["Iron Wave"]}],"is_beta":false,"boss_relics":[{"not_picked":["Fusion Hammer","Sozu"],"picked":"FrozenCore"},{"not_picked":["Lizard Tail","Velvet Choker"],"picked":"Orrery"}],"items_purged_floors":[3,21],"is_endless":false,"potions_floor_spawned":[11,20,27,31,33,41,42,45,46],"ascension_level":0}