{"gold_per_floor":[109,109,109,129,145,75,87,107,107,107,122,43,58,58,58,161,161,171],"floor_reached":18,"playtime":1064,"items_purged":[],"score":181,"play_id":"72546894-0efa-4352-9a31-1567f38b91af","local_time":"20190903134809","is_ascension_mode":false,"campfire_choices":[{"data":"Distraction","floor":10,"key":"SMITH"},{"data":"Envenom","floor":15,"key":"SMITH"}],"neow_cost":"NONE","seed_source_timestamp":1543065872746600,"circlet_count":0,"master_deck":["Neutralize","Escape Plan","Outmaneuver","Tools of the Trade+1","Escape Plan","All Out Attack","Escape Plan","Deflect","Infinite Blades","All Out Attack","Outmaneuver","Deflect","Infinite Blades","Well Laid Plans","Distraction+1","Envenom+1","Noxious Fumes","Unload","Catalyst+1","Escape Plan+1","Phantasmal Killer+1","Outmaneuver"],"relics":["Pandora\u0027s Box","Snake Skull","Astrolabe"],"potions_floor_usage":[16,18],"damage_taken":[{"damage":3,"enemies":"Small Slimes","floor":1,"turns":3},{"damage":0,"enemies":"2 Louse","floor":4,"turns":2},{"damage":0,"enemies":"Cultist","floor":5,"turns":5},{"damage":0,"enemies":"3 Louse","floor":7,"turns":2},{"damage":0,"enemies":"Exordium Thugs","floor":8,"turns":4},{"damage":2,"enemies":"2 Fungi Beasts","floor":11,"turns":3},{"damage":23,"enemies":"Exordium Wildlife","floor":13,"turns":5},{"damage":8,"enemies":"Slime Boss","floor":16,"turns":6},{"damage":34,"enemies":"3 Byrds","floor":18,"turns":4}],"seed_played":"-1768716721712292838","potions_obtained":[{"floor":11,"key":"Dexterity Potion"},{"floor":13,"key":"Explosive Potion"},{"floor":16,"key":"SkillPotion"},{"floor":18,"key":"Poison Potion"}],"is_trial":false,"path_per_floor":["M","?","?","M","M","$","M","M","T","R","M","$","M","?","R","B",null,"M"],"character_chosen":"THE_SILENT","items_purchased":["Well Laid Plans","Noxious Fumes"],"campfire_rested":0,"item_purchase_floors":[6,12],"current_hp_per_floor":[67,60,60,60,60,60,60,60,60,60,58,58,35,35,35,27,70,36],"gold":171,"neow_bonus":"BOSS_RELIC","is_prod":false,"is_daily":false,"chose_seed":false,"campfire_upgraded":2,"win_rate":0,"timestamp":1567543689,"path_taken":["M","?","?","M","M","$","M","M","T","R","M","$","?","?","R","BOSS","M"],"build_version":"2019-07-17","purchased_purges":0,"victory":false,"max_hp_per_floor":[70,70,70,70,70,70,70,70,70,70,70,70,70,70,70,70,70,70],"card_choices":[{"not_picked":["Dodge and Roll","Blade Dance"],"picked":"Outmaneuver","floor":1},{"not_picked":["Sucker Punch","Blade Dance"],"picked":"Deflect","floor":4},{"not_picked":["Finisher","Blade Dance"],"picked":"Infinite Blades","floor":5},{"not_picked":["Underhanded Strike","Riddle With Holes"],"picked":"Flying Knee","floor":7},{"not_picked":["Reflex","Skewer"],"picked":"Distraction","floor":8},{"not_picked":["Expertise","Crippling Poison"],"picked":"Envenom","floor":11},{"not_picked":["Slice","Tactician"],"picked":"Dagger Throw","floor":13},{"not_picked":["Night Terror","Burst"],"picked":"Unload","floor":16},{"not_picked":["Deflect","Flechettes"],"picked":"Outmaneuver","floor":18}],"player_experience":105686,"relics_obtained":[{"floor":9,"key":"Snake Skull"}],"event_choices":[{"cards_removed":["Phantasmal Killer"],"damage_healed":0,"gold_gain":0,"player_choice":"Card Removal","damage_taken":7,"max_hp_gain":0,"max_hp_loss":0,"event_name":"Golden Wing","floor":2,"gold_loss":0},{"damage_healed":0,"gold_gain":0,"player_choice":"Forge","damage_taken":0,"max_hp_gain":0,"max_hp_loss":0,"event_name":"Accursed Blacksmith","floor":3,"gold_loss":0,"cards_upgraded":["Tools of the Trade"]},{"damage_healed":0,"gold_gain":0,"player_choice":"Ignored","damage_taken":0,"max_hp_gain":0,"max_hp_loss":0,"event_name":"NoteForYourself","floor":14,"gold_loss":0}],"is_beta":false,"boss_relics":[{"not_picked":["Lizard Tail","Eternal Feather"],"picked":"Astrolabe"}],"items_purged_floors":[],"is_endless":false,"potions_floor_spawned":[11,13,16,18],"killed_by":"3 Byrds","ascension_level":0}