{"gold_per_floor":[117,128,128,128,141,141,164,164,164,164,179,198,211,211,211,342,342,366,386,400,400,418,451,451,451],"floor_reached":25,"playtime":738,"items_purged":[],"score":315,"play_id":"0f41645f-964a-42a2-aeda-fad027ca1dd8","local_time":"20190817214535","is_ascension_mode":true,"campfire_choices":[{"data":"Defragment","floor":6,"key":"SMITH"},{"data":"Zap","floor":8,"key":"SMITH"},{"data":"Auto Shields","floor":10,"key":"SMITH"},{"floor":15,"key":"REST"},{"floor":24,"key":"REST"}],"neow_cost":"NONE","seed_source_timestamp":1047639821377704,"circlet_count":0,"master_deck":["Strike_B","Strike_B","Defend_B","Defend_B","Zap+1","Dualcast","Cold Snap","Defragment+1","Auto Shields+1","Tempest","Gash","Rip and Tear","Self Repair","Barrage","Electrodynamics","BootSequence+1","Double Energy+1","White Noise+1","Leap+1","Static Discharge","Conserve Battery","Capacitor+1","Cold Snap"],"relics":["Cracked Core","NeowsBlessing","Golden Idol","Art of War","Bottled Lightning","Astrolabe","Darkstone Periapt"],"potions_floor_usage":[12,12,16,19,23],"damage_taken":[{"damage":0,"enemies":"Cultist","floor":1,"turns":1},{"damage":0,"enemies":"Small Slimes","floor":2,"turns":1},{"damage":0,"enemies":"Jaw Worm","floor":5,"turns":1},{"damage":12,"enemies":"2 Fungi Beasts","floor":7,"turns":3},{"damage":20,"enemies":"Lots of Slimes","floor":11,"turns":3},{"damage":8,"enemies":"Large Slime","floor":12,"turns":3},{"damage":3,"enemies":"Blue Slaver","floor":13,"turns":3},{"damage":21,"enemies":"The Guardian","floor":16,"turns":10},{"damage":23,"enemies":"Spheric Guardian","floor":18,"turns":4},{"damage":0,"enemies":"2 Thieves","floor":19,"turns":3},{"damage":1,"enemies":"Shelled Parasite and Fungi","floor":20,"turns":2},{"damage":10,"enemies":"Snake Plant","floor":22,"turns":4},{"damage":34,"enemies":"Book of Stabbing","floor":23,"turns":5},{"damage":41,"enemies":"Snecko","floor":25,"turns":5}],"seed_played":"-8565951762497076799","potions_obtained":[{"floor":2,"key":"Strength Potion"},{"floor":11,"key":"Energy Potion"},{"floor":13,"key":"AttackPotion"},{"floor":16,"key":"Swift Potion"},{"floor":18,"key":"Strength Potion"},{"floor":23,"key":"Dexterity Potion"}],"is_trial":false,"path_per_floor":["M","M","?","?","M","R","M","R","T","R","M","M","M","T","R","B",null,"M","M","M","?","M","E","R","M"],"character_chosen":"DEFECT","items_purchased":[],"campfire_rested":2,"item_purchase_floors":[],"current_hp_per_floor":[68,68,50,50,50,50,38,38,38,38,18,10,14,14,36,22,62,46,46,45,45,42,15,37,0],"gold":451,"neow_bonus":"THREE_ENEMY_KILL","is_prod":false,"is_daily":false,"chose_seed":false,"campfire_upgraded":3,"win_rate":0,"timestamp":1566096335,"path_taken":["M","M","?","?","?","R","M","R","T","R","M","M","M","?","R","BOSS","M","M","M","?","?","E","R","M"],"build_version":"2019-07-17","purchased_purges":0,"victory":false,"max_hp_per_floor":[75,75,75,75,75,75,75,75,75,75,75,75,75,75,75,75,75,75,75,75,75,75,75,75,75],"card_choices":[{"not_picked":["Coolheaded","Beam Cell"],"picked":"Cold Snap","floor":1},{"not_picked":["Coolheaded","Sweeping Beam"],"picked":"Defragment","floor":2},{"not_picked":["Reprogram","Chill"],"picked":"Tempest","floor":5},{"not_picked":["Stack","Coolheaded"],"picked":"Gash","floor":7},{"not_picked":["Turbo","Coolheaded"],"picked":"Rip and Tear","floor":11},{"not_picked":["Coolheaded","Hello World"],"picked":"Self Repair","floor":12},{"not_picked":["Force Field","Fusion"],"picked":"Barrage","floor":13},{"not_picked":["Thunder Strike","All For One"],"picked":"Electrodynamics","floor":16},{"not_picked":["Barrage+1","Redo"],"picked":"Leap","floor":18},{"not_picked":["Auto Shields","Barrage"],"picked":"Static Discharge","floor":19},{"not_picked":["Stack+1","Turbo"],"picked":"Conserve Battery","floor":20},{"not_picked":["Streamline","Redo+1"],"picked":"Capacitor+1","floor":22},{"not_picked":["Skim","Hello World+1"],"picked":"Cold Snap","floor":23}],"player_experience":325070,"relics_obtained":[{"floor":9,"key":"Art of War"},{"floor":14,"key":"Bottled Lightning"},{"floor":23,"key":"Darkstone Periapt"}],"event_choices":[{"damage_healed":0,"gold_gain":0,"player_choice":"Take Damage","damage_taken":18,"relics_obtained":["Golden Idol"],"max_hp_gain":0,"max_hp_loss":0,"event_name":"Golden Idol","floor":3,"gold_loss":0},{"damage_healed":0,"gold_gain":0,"cards_transformed":["Strike_B"],"player_choice":"Transformed","damage_taken":0,"max_hp_gain":0,"max_hp_loss":0,"event_name":"Transmorgrifier","floor":4,"gold_loss":0,"cards_obtained":["Auto Shields"]},{"damage_healed":0,"gold_gain":0,"player_choice":"Upgraded","damage_taken":0,"max_hp_gain":0,"max_hp_loss":0,"event_name":"Upgrade Shrine","floor":21,"gold_loss":0,"cards_upgraded":["Leap"]}],"is_beta":false,"boss_relics":[{"not_picked":["Runic Dome","Lizard Tail"],"picked":"Astrolabe"}],"items_purged_floors":[],"is_endless":false,"potions_floor_spawned":[2,11,13,16,18,23],"killed_by":"Snecko","ascension_level":9}