{"gold_per_floor":[17,31,31,50,125,159,159,186,186,211,231,231,281,313,313,313],"floor_reached":16,"playtime":462,"items_purged":[],"score":256,"play_id":"2f3a2ef0-3f7e-4d9e-a4b7-b08b2cada50f","local_time":"20190806010325","is_ascension_mode":true,"campfire_choices":[{"data":"Fiend Fire","floor":7.0,"key":"SMITH"},{"data":"Hemokinesis","floor":12.0,"key":"SMITH"},{"data":"Shockwave","floor":15,"key":"SMITH"}],"neow_cost":"NO_GOLD","seed_source_timestamp":205735229104700,"circlet_count":0,"master_deck":["AscendersBane","Strike_R+1","Strike_R","Strike_R","Strike_R","Strike_R","Defend_R","Defend_R","Defend_R","Defend_R","Bash","Fiend Fire+1","Clothesline+1","Hemokinesis+1","Shockwave+1","True Grit"],"special_seed":0,"relics":["Burning Blood","Blue Candle","Juzu Bracelet","Pear","Strawberry","Whetstone"],"potions_floor_usage":[14,14,16],"damage_taken":[{"damage":2.0,"enemies":"2 Louse","floor":1.0,"turns":3.0},{"damage":0.0,"enemies":"Cultist","floor":2.0,"turns":2.0},{"damage":5.0,"enemies":"Jaw Worm","floor":4.0,"turns":3.0},{"damage":33.0,"enemies":"Gremlin Nob","floor":6.0,"turns":4.0},{"damage":18.0,"enemies":"Lagavulin","floor":8.0,"turns":5.0},{"damage":27.0,"enemies":"Gremlin Nob","floor":10.0,"turns":4.0},{"damage":5.0,"enemies":"2 Fungi Beasts","floor":11.0,"turns":4.0},{"damage":29,"enemies":"3 Sentries","floor":14,"turns":8},{"damage":29,"enemies":"The Guardian","floor":16,"turns":12}],"seed_played":"-5787452873192621715","potions_obtained":[{"floor":2.0,"key":"Regen Potion"},{"floor":3.0,"key":"Dexterity Potion"},{"floor":6.0,"key":"Strength Potion"},{"floor":10.0,"key":"BloodPotion"},{"floor":14,"key":"Fire Potion"}],"is_trial":false,"path_per_floor":["M","M","?","M","?","E","R","E","T","E","M","R","?","E","R","B"],"character_chosen":"IRONCLAD","items_purchased":[],"campfire_rested":0,"item_purchase_floors":[],"current_hp_per_floor":[72,75,75,75,64,37,37,25,35,21,22,22,13,28,28,0],"gold":313,"neow_bonus":"THREE_RARE_CARDS","is_prod":false,"is_daily":false,"chose_seed":false,"campfire_upgraded":3,"win_rate":0,"timestamp":1565078605,"path_taken":["M","M","?","?","?","E","R","E","T","E","M","R","?","E","R","BOSS"],"build_version":"2019-07-17","purchased_purges":0,"victory":false,"max_hp_per_floor":[75,75,75,75,75,75,75,75,85,92,92,92,92,92,92,92],"card_choices":[{"not_picked":["Limit Break","Brutality"],"picked":"Fiend Fire","floor":0.0},{"not_picked":["Havoc","Reckless Charge"],"picked":"Clothesline","floor":1.0},{"not_picked":["Fire Breathing","Pummel"],"picked":"Hemokinesis","floor":2.0},{"not_picked":["Sentinel","Reckless Charge","Hemokinesis"],"picked":"SKIP","floor":4.0},{"not_picked":["Armaments","Twin Strike"],"picked":"Shockwave","floor":6.0},{"not_picked":["Reckless Charge","Rampage"],"picked":"True Grit","floor":8.0},{"not_picked":["Sword Boomerang","Searing Blow","Thunderclap"],"picked":"SKIP","floor":10.0},{"not_picked":["Entrench","Thunderclap","Rage"],"picked":"SKIP","floor":11.0},{"not_picked":["Rage","Shockwave","Twin Strike"],"picked":"SKIP","floor":14}],"player_experience":739670,"relics_obtained":[{"floor":6.0,"key":"Blue Candle"},{"floor":8.0,"key":"Juzu Bracelet"},{"floor":9.0,"key":"Pear"},{"floor":10.0,"key":"Strawberry"},{"floor":14,"key":"Whetstone"}],"event_choices":[{"damage_healed":0.0,"max_hp_gain":0.0,"max_hp_loss":0.0,"gold_gain":0.0,"event_name":"Lab","player_choice":"Got Potions","floor":3.0,"gold_loss":0.0,"damage_taken":0.0},{"damage_healed":0.0,"max_hp_gain":0.0,"max_hp_loss":0.0,"gold_gain":75.0,"event_name":"World of Goop","player_choice":"Gather Gold","floor":5.0,"gold_loss":0.0,"damage_taken":11.0},{"damage_healed":0,"gold_gain":50,"player_choice":"Touch","damage_taken":9,"max_hp_gain":0,"max_hp_loss":0,"event_name":"FaceTrader","floor":13,"gold_loss":0}],"is_beta":false,"boss_relics":[],"items_purged_floors":[],"is_endless":false,"potions_floor_spawned":[2,6,10,14],"killed_by":"The Guardian","ascension_level":20}