{"gold_per_floor":[118,136,61,61,71,71,71,88,113,130,148,148,159,173,173,273,273,287,137,137,163,38,65,65,79,79,79],"floor_reached":27,"playtime":1391,"items_purged":["Strike_G","Strike_G","Strike_G"],"score":225,"play_id":"e49eaf2a-d725-473e-86e0-52b4b25e3ae7","local_time":"20190903175140","is_ascension_mode":false,"campfire_choices":[{"data":"Neutralize","floor":6.0,"key":"SMITH"},{"data":"Caltrops","floor":12,"key":"SMITH"},{"data":"Blade Dance","floor":15,"key":"SMITH"},{"floor":24,"key":"REST"}],"neow_cost":"NONE","seed_source_timestamp":1557325392866400,"circlet_count":0,"master_deck":["Defend_G","Defend_G","Defend_G","Defend_G","Defend_G","Survivor","Neutralize+1","Calculated Gamble","Dagger Throw","Cloak And Dagger","Dagger Throw","Terror","Caltrops+1","Backflip","Blade Dance+1","A Thousand Cuts","Deflect","Blade Dance","Terror","Slice","Footwork","Cloak And Dagger"],"special_seed":0,"relics":["Ring of the Snake","Letter Opener","Happy Flower","Runic Pyramid","Red Mask","Bottled Lightning"],"potions_floor_usage":[11,16,21,21],"damage_taken":[{"damage":0.0,"enemies":"Small Slimes","floor":1.0,"turns":4.0},{"damage":0.0,"enemies":"Cultist","floor":2.0,"turns":4.0},{"damage":0.0,"enemies":"Jaw Worm","floor":5.0,"turns":4.0},{"damage":0.0,"enemies":"3 Louse","floor":8.0,"turns":3.0},{"damage":1.0,"enemies":"Exordium Wildlife","floor":10.0,"turns":2.0},{"damage":0,"enemies":"Lots of Slimes","floor":11,"turns":1},{"damage":11,"enemies":"Large Slime","floor":13,"turns":6},{"damage":2,"enemies":"Looter","floor":14,"turns":3},{"damage":15,"enemies":"Hexaghost","floor":16,"turns":8},{"damage":17,"enemies":"2 Thieves","floor":18,"turns":4},{"damage":19,"enemies":"Masked Bandits","floor":21,"turns":5},{"damage":36,"enemies":"Slavers","floor":23,"turns":5},{"damage":16,"enemies":"Spheric Guardian","floor":25,"turns":4},{"damage":9,"enemies":"Snake Plant","floor":27,"turns":4}],"seed_played":"-7951761489749919120","potions_obtained":[{"floor":4.0,"key":"SpeedPotion"},{"floor":4.0,"key":"Explosive Potion"},{"floor":4.0,"key":"Ancient Potion"},{"floor":5.0,"key":"Strength Potion"},{"floor":11,"key":"EssenceOfSteel"},{"floor":16,"key":"Ancient Potion"},{"floor":23,"key":"Ancient Potion"}],"is_trial":false,"path_per_floor":["M","M","$","?","M","R","T","M","T","M","M","R","M","M","R","B",null,"M","$","?","?","$","E","R","M","T","M"],"character_chosen":"THE_SILENT","items_purchased":["Blade Dance"],"campfire_rested":1,"item_purchase_floors":[19],"current_hp_per_floor":[77,77,77,77,77,77,77,77,77,76,76,76,65,63,63,48,77,60,60,60,41,41,5,28,12,12,3],"gold":79,"neow_bonus":"TEN_PERCENT_HP_BONUS","is_prod":false,"is_daily":false,"chose_seed":false,"campfire_upgraded":3,"win_rate":0,"timestamp":1567558300,"path_taken":["M","M","$","?","?","R","?","M","T","M","M","R","M","M","R","BOSS","M","$","?","?","$","E","R","?","T","M"],"build_version":"2019-07-17","purchased_purges":3,"victory":false,"max_hp_per_floor":[77,77,77,77,77,77,77,77,77,77,77,77,77,77,77,77,77,77,77,77,77,77,77,77,77,77,77],"card_choices":[{"not_picked":["Choke","Sucker Punch"],"picked":"Calculated Gamble","floor":1.0},{"not_picked":["Acrobatics","Bane"],"picked":"Dagger Throw","floor":2.0},{"not_picked":["Riddle With Holes","Heel Hook"],"picked":"Cloak And Dagger","floor":5.0},{"not_picked":["Outmaneuver","Slice"],"picked":"Dagger Throw","floor":8.0},{"not_picked":["Caltrops","PiercingWail"],"picked":"Terror","floor":10.0},{"not_picked":["Choke","Deadly Poison"],"picked":"Caltrops","floor":11},{"not_picked":["Dagger Spray","Outmaneuver"],"picked":"Backflip","floor":13},{"not_picked":["Dagger Spray","Flying Knee"],"picked":"Blade Dance","floor":14},{"not_picked":["Malaise","Doppelganger"],"picked":"A Thousand Cuts","floor":16},{"not_picked":["Dagger Spray+1","Expertise+1"],"picked":"Deflect","floor":18},{"not_picked":["Deadly Poison+1","Dagger Throw"],"picked":"Footwork","floor":23},{"not_picked":["Backflip","Tools of the Trade"],"picked":"Cloak And Dagger","floor":25}],"player_experience":110518,"relics_obtained":[{"floor":7.0,"key":"Letter Opener"},{"floor":9.0,"key":"Happy Flower"},{"floor":21,"key":"Red Mask"},{"floor":23,"key":"Bottled Lightning"}],"event_choices":[{"damage_healed":0.0,"max_hp_gain":0.0,"max_hp_loss":0.0,"gold_gain":0.0,"event_name":"Lab","player_choice":"Got Potions","floor":4.0,"gold_loss":0.0,"damage_taken":0.0},{"damage_healed":0,"gold_gain":0,"cards_transformed":["Strike_G","Strike_G"],"player_choice":"Became Test Subject","damage_taken":0,"max_hp_gain":0,"max_hp_loss":0,"event_name":"Drug Dealer","floor":20,"gold_loss":0,"cards_obtained":["Terror","Slice"]},{"damage_healed":0,"gold_gain":0,"player_choice":"Fought Bandits","damage_taken":0,"max_hp_gain":0,"max_hp_loss":0,"event_name":"Masked Bandits","floor":21,"gold_loss":0}],"is_beta":false,"boss_relics":[{"not_picked":["HoveringKite","Ectoplasm"],"picked":"Runic Pyramid"}],"items_purged_floors":[3,19,22],"is_endless":false,"potions_floor_spawned":[1,5,11,16,18,23],"killed_by":"Snake Plant","ascension_level":0}