{"gold_per_floor":[113,133,146,146,158,158,183,183,208,208,221,251,251,265,265,265],"floor_reached":16,"playtime":582,"items_purged":[],"score":218,"play_id":"e2babc38-f4bc-49d2-959b-d815a47d9e72","local_time":"20190207003028","is_ascension_mode":true,"campfire_choices":[{"data":"Sunder","floor":6.0,"key":"SMITH"},{"floor":8.0,"key":"REST"},{"data":"Zap","floor":15.0,"key":"SMITH"}],"neow_cost":"TEN_PERCENT_HP_LOSS","seed_source_timestamp":360400619905531,"circlet_count":0,"master_deck":["AscendersBane","Strike_B","Strike_B","Strike_B","Defend_B","Defend_B","Defend_B","Defend_B","Zap+1","Dualcast","Self Repair","Gash","Gash","Zap","Sunder+1","Doom and Gloom"],"special_seed":0,"relics":["Cracked Core","Du-Vu Doll","Bag of Marbles","Anchor","Smiling Mask"],"potions_floor_usage":[],"damage_taken":[{"damage":9.0,"enemies":"Jaw Worm","floor":1.0,"turns":4.0},{"damage":7.0,"enemies":"Cultist","floor":2.0,"turns":4.0},{"damage":4.0,"enemies":"Small Slimes","floor":3.0,"turns":3.0},{"damage":21.0,"enemies":"Gremlin Gang","floor":5.0,"turns":6.0},{"damage":20.0,"enemies":"3 Sentries","floor":7.0,"turns":6.0},{"damage":1.0,"enemies":"Looter","floor":11.0,"turns":2.0},{"damage":25.0,"enemies":"Lagavulin","floor":12.0,"turns":4.0},{"damage":9.0,"enemies":"Exordium Wildlife","floor":14.0,"turns":3.0},{"damage":36,"enemies":"Slime Boss","floor":16,"turns":6}],"seed_played":"-7743181829195192821","potions_obtained":[{"floor":1.0,"key":"Dexterity Potion"},{"floor":2.0,"key":"Dexterity Potion"},{"floor":12.0,"key":"LiquidBronze"}],"is_trial":false,"path_per_floor":["M","M","M","?","M","R","E","R","T","?","M","E","?","M","R","B"],"character_chosen":"DEFECT","items_purchased":[],"campfire_rested":1,"item_purchase_floors":[],"current_hp_per_floor":[55,55,58,58,44,44,31,50,50,55,61,36,36,34,34,0],"gold":265,"neow_bonus":"ONE_RARE_RELIC","is_prod":false,"is_daily":false,"chose_seed":false,"campfire_upgraded":2,"win_rate":0,"timestamp":1549517428,"path_taken":["M","M","M","?","?","R","E","R","T","?","M","E","?","M","R","BOSS"],"build_version":"2019-01-23","purchased_purges":0,"victory":false,"max_hp_per_floor":[64,64,64,64,64,64,64,64,64,69,69,69,69,69,69,69],"card_choices":[{"not_picked":["Undo","Fusion"],"picked":"Self Repair","floor":1.0},{"not_picked":["BootSequence","Blizzard"],"picked":"Gash","floor":2.0},{"not_picked":["Steam Power","Cold Snap"],"picked":"Gash","floor":3.0},{"not_picked":["Chaos","Ball Lightning"],"picked":"Sunder","floor":5.0},{"not_picked":["Conserve Battery","Streamline"],"picked":"Doom and Gloom","floor":7.0},{"not_picked":["Sweeping Beam","Storm","Force Field"],"picked":"SKIP","floor":11.0},{"not_picked":["Compile Driver","Stack","Coolheaded"],"picked":"SKIP","floor":12.0},{"not_picked":["Compile Driver","Stack","Coolheaded"],"picked":"SKIP","floor":12.0},{"not_picked":["Skim","Force Field","Turbo"],"picked":"SKIP","floor":14.0}],"player_experience":635348,"relics_obtained":[{"floor":7.0,"key":"Bag of Marbles"},{"floor":9.0,"key":"Anchor"},{"floor":12.0,"key":"Smiling Mask"}],"event_choices":[{"damage_healed":0.0,"max_hp_gain":0.0,"max_hp_loss":0.0,"gold_gain":0.0,"event_name":"Match and Keep!","player_choice":"1 cards matched","floor":4.0,"gold_loss":0.0,"damage_taken":0.0,"cards_obtained":["Zap"]},{"damage_healed":0.0,"max_hp_gain":5.0,"max_hp_loss":0.0,"gold_gain":0.0,"event_name":"Big Fish","player_choice":"Donut","floor":10.0,"gold_loss":0.0,"damage_taken":0.0},{"cards_removed":["Strike_B"],"damage_healed":0.0,"max_hp_gain":0.0,"max_hp_loss":0.0,"gold_gain":0.0,"event_name":"Living Wall","player_choice":"Forget","floor":13.0,"gold_loss":0.0,"damage_taken":0.0}],"is_beta":false,"boss_relics":[],"items_purged_floors":[],"is_endless":false,"potions_floor_spawned":[1,2,12],"killed_by":"Slime Boss","ascension_level":19}