{"gold_per_floor":[111,129,145,145,163,163,182,182,212,212,241,258,36,36,36,135,135,122,122,22,42,60,60,73,73,99,99,24,24,48,58,58,156,156,175,189,39,51,63,88,88,117,169,169,44,75,75,90,90,90,90,90,20,48,48],"floor_reached":56,"playtime":3603,"items_purged":["Strike_G","Defend_G","Strike_G"],"score":1364,"play_id":"6d571c1e-9850-4a4f-8abf-a2ffeddcc00a","local_time":"20190619131317","is_ascension_mode":true,"campfire_choices":[{"data":"Tools of the Trade","floor":6.0,"key":"SMITH"},{"data":"Sucker Punch","floor":8.0,"key":"SMITH"},{"data":"Dodge and Roll","floor":15.0,"key":"SMITH"},{"data":"Burst","floor":23.0,"key":"SMITH"},{"data":"Dodge and Roll","floor":25.0,"key":"SMITH"},{"data":"Blur","floor":32.0,"key":"SMITH"},{"floor":41.0,"key":"RECALL"},{"floor":44.0,"key":"REST"},{"floor":49.0,"key":"REST"},{"floor":52,"key":"REST"}],"neow_cost":"NONE","seed_source_timestamp":48536097779456,"circlet_count":0,"master_deck":["Defend_G","Defend_G","Strike_G","Strike_G","Strike_G","Survivor","Neutralize+1","Blur+1","Tools of the Trade+1","Acrobatics","Sucker Punch+1","Backstab","Dodge and Roll+1","Burst+1","Acrobatics+1","Heel Hook+1","Cloak And Dagger+1","Dodge and Roll+1","Predator","Venomology","Noxious Fumes+1","Cloak And Dagger+1","Footwork","After Image","Catalyst+1","Bane+1","Well Laid Plans+1","Envenom","Underhanded Strike+1"],"special_seed":0,"relics":["Philosopher\u0027s Stone","Tiny Chest","Snake Skull","Blue Candle","Oddly Smooth Stone","Eternal Feather","Bronze Scales","Fusion Hammer","PreservedInsect","The Specimen","Unceasing Top","Strawberry","Happy Flower","Pear","Blood Vial"],"potions_floor_usage":[50,50,54,55,55],"damage_taken":[{"damage":2.0,"enemies":"Jaw Worm","floor":1.0,"turns":4.0},{"damage":0.0,"enemies":"2 Louse","floor":2.0,"turns":4.0},{"damage":0.0,"enemies":"Cultist","floor":3.0,"turns":4.0},{"damage":6.0,"enemies":"Lots of Slimes","floor":5.0,"turns":7.0},{"damage":2.0,"enemies":"2 Fungi Beasts","floor":7.0,"turns":4.0},{"damage":8.0,"enemies":"Lagavulin","floor":11.0,"turns":7.0},{"damage":0.0,"enemies":"Blue Slaver","floor":12.0,"turns":3.0},{"damage":0.0,"enemies":"The Guardian","floor":16.0,"turns":14.0},{"damage":13.0,"enemies":"2 Thieves","floor":18.0,"turns":4.0},{"damage":0.0,"enemies":"Shell Parasite","floor":21.0,"turns":10.0},{"damage":30.0,"enemies":"Chosen and Byrds","floor":22.0,"turns":9.0},{"damage":0.0,"enemies":"Shelled Parasite and Fungi","floor":24.0,"turns":8.0},{"damage":0.0,"enemies":"Centurion and Healer","floor":31.0,"turns":8.0},{"damage":44.0,"enemies":"Collector","floor":33.0,"turns":20.0},{"damage":1.0,"enemies":"3 Darklings","floor":35.0,"turns":5.0},{"damage":1.0,"enemies":"Orb Walker","floor":36.0,"turns":4.0},{"damage":2.0,"enemies":"Transient","floor":38.0,"turns":5.0},{"damage":0.0,"enemies":"Maw","floor":39.0,"turns":8.0},{"damage":0.0,"enemies":"Nemesis","floor":40.0,"turns":5.0},{"damage":13.0,"enemies":"Reptomancer","floor":42.0,"turns":9.0},{"damage":0.0,"enemies":"Nemesis","floor":46.0,"turns":5.0},{"damage":0.0,"enemies":"Sphere and 2 Shapes","floor":48.0,"turns":4.0},{"damage":13,"enemies":"Time Eater","floor":50,"turns":12},{"damage":41,"enemies":"Shield and Spear","floor":54,"turns":5},{"damage":23,"enemies":"The Heart","floor":55,"turns":10}],"seed_played":"3340122773317071529","potions_obtained":[{"floor":3.0,"key":"Fire Potion"},{"floor":5.0,"key":"FearPotion"},{"floor":11.0,"key":"Dexterity Potion"},{"floor":12.0,"key":"Strength Potion"},{"floor":18.0,"key":"GamblersBrew"},{"floor":19.0,"key":"SkillPotion"},{"floor":33.0,"key":"GhostInAJar"},{"floor":54,"key":"FearPotion"}],"is_trial":false,"path_per_floor":["M","M","M","?","M","R","M","R","T","?","E","M","$","?","R","B",null,"M","?","$","M","M","R","M","R","T","?","?","$","T","M","R","B",null,"M","M","$","M","M","E","R","E","T","R","$","E","T","M","R","B",null,"R","$","E","B",null],"character_chosen":"THE_SILENT","items_purchased":["Oddly Smooth Stone","PreservedInsect","Envenom"],"campfire_rested":3,"item_purchase_floors":[13,37,53],"current_hp_per_floor":[68,68,68,68,62,62,60,60,60,60,52,52,52,45,45,45,70,57,57,57,57,27,36,36,48,48,35,35,35,35,35,47,3,75,74,73,73,71,71,71,75,75,82,82,82,82,92,92,92,79,92,92,92,51,30],"gold":48,"neow_bonus":"BOSS_RELIC","is_prod":false,"is_daily":false,"chose_seed":false,"campfire_upgraded":6,"win_rate":0,"timestamp":1560975197,"path_taken":["M","M","M","?","M","R","M","R","T","?","E","?","?","?","R","BOSS","M","?","$","M","M","R","?","R","T","?","?","?","?","M","R","BOSS","M","M","?","M","M","E","R","E","T","R","$","E","?","M","R","BOSS","R","$","E","BOSS"],"build_version":"2019-01-23","purchased_purges":3,"victory":true,"max_hp_per_floor":[70,70,70,70,70,70,70,70,70,70,70,70,70,70,70,70,70,70,70,70,70,70,70,70,70,70,75,75,75,75,75,75,75,75,75,75,75,75,75,75,75,75,82,82,82,82,92,92,92,92,92,92,92,92,92],"card_choices":[{"not_picked":["Bane","Prepared"],"picked":"Blur","floor":1.0},{"not_picked":["Predator","Slice"],"picked":"Tools of the Trade","floor":2.0},{"not_picked":["Distraction","All Out Attack","Deflect"],"picked":"SKIP","floor":3.0},{"not_picked":["Blade Dance","Outmaneuver"],"picked":"Acrobatics","floor":5.0},{"not_picked":["Deadly Poison","Distraction"],"picked":"Sucker Punch","floor":7.0},{"not_picked":["Outmaneuver","Caltrops"],"picked":"Backstab","floor":11.0},{"not_picked":["Backstab","Distraction"],"picked":"Dodge and Roll","floor":12.0},{"not_picked":["Bullet Time","Glass Knife"],"picked":"Burst","floor":16.0},{"not_picked":["Outmaneuver+1","Sucker Punch"],"picked":"Acrobatics+1","floor":18.0},{"not_picked":["Underhanded Strike","Cloak And Dagger"],"picked":"Heel Hook+1","floor":21.0},{"not_picked":["Quick Slash+1","PiercingWail"],"picked":"Cloak And Dagger+1","floor":22.0},{"not_picked":["Deadly Poison","Prepared"],"picked":"Dodge and Roll","floor":24.0},{"not_picked":["Flying Knee","Prepared"],"picked":"Predator","floor":31.0},{"not_picked":["Night Terror","Grand Finale"],"picked":"Venomology","floor":33.0},{"not_picked":["Crippling Poison+1","Dagger Throw+1"],"picked":"Noxious Fumes+1","floor":35.0},{"not_picked":["Outmaneuver","Masterful Stab"],"picked":"Cloak And Dagger+1","floor":36.0},{"not_picked":["Slice+1","Expertise"],"picked":"Footwork","floor":38.0},{"not_picked":["Blade Dance+1","Slice"],"picked":"After Image","floor":39.0},{"not_picked":["Dagger Spray+1","Cloak And Dagger","Slice+1"],"picked":"SKIP","floor":40.0},{"not_picked":["Venomology","Flying Knee"],"picked":"Catalyst+1","floor":42.0},{"not_picked":["Outmaneuver","Acrobatics+1"],"picked":"Bane+1","floor":46.0},{"not_picked":["Blade Dance+1","Expertise"],"picked":"Well Laid Plans+1","floor":48.0},{"not_picked":["Tactician+1","Sucker Punch"],"picked":"Underhanded Strike+1","floor":54}],"player_experience":355039,"relics_obtained":[{"floor":9.0,"key":"Tiny Chest"},{"floor":11.0,"key":"Blue Candle"},{"floor":26.0,"key":"Bronze Scales"},{"floor":40.0,"key":"The Specimen"},{"floor":42.0,"key":"Unceasing Top"},{"floor":43.0,"key":"Strawberry"},{"floor":46.0,"key":"Happy Flower"},{"floor":47.0,"key":"Pear"},{"floor":54,"key":"Blood Vial"}],"event_choices":[{"damage_healed":0.0,"max_hp_gain":0.0,"max_hp_loss":0.0,"gold_gain":0.0,"event_name":"Living Wall","player_choice":"Grow","floor":4.0,"gold_loss":0.0,"damage_taken":0.0,"cards_upgraded":["Neutralize"]},{"damage_healed":0.0,"max_hp_gain":0.0,"max_hp_loss":0.0,"gold_gain":0.0,"event_name":"WeMeetAgain","player_choice":"Gave Potion","floor":10.0,"gold_loss":0.0,"damage_taken":0.0,"relics_obtained":["Snake Skull"]},{"cards_removed":["Defend_G"],"damage_healed":0.0,"max_hp_gain":0.0,"max_hp_loss":0.0,"gold_gain":0.0,"event_name":"Golden Wing","player_choice":"Card Removal","floor":14.0,"gold_loss":0.0,"damage_taken":7.0},{"damage_healed":0.0,"max_hp_gain":0.0,"max_hp_loss":0.0,"gold_gain":0.0,"event_name":"Lab","player_choice":"Got Potions","floor":19.0,"gold_loss":0.0,"damage_taken":0.0},{"damage_healed":0.0,"max_hp_gain":5.0,"max_hp_loss":0.0,"gold_gain":0.0,"event_name":"Forgotten Altar","player_choice":"Shed Blood","floor":27.0,"gold_loss":0.0,"damage_taken":18.0},{"cards_removed":["Defend_G"],"damage_healed":0.0,"max_hp_gain":0.0,"max_hp_loss":0.0,"gold_gain":0.0,"event_name":"Beggar","player_choice":"Gave Gold","floor":28.0,"gold_loss":75.0,"damage_taken":0.0}],"is_beta":false,"boss_relics":[{"not_picked":["Velvet Choker","Tiny House"],"picked":"Eternal Feather"},{"not_picked":["Black Star","White Beast Statue"],"picked":"Fusion Hammer"}],"items_purged_floors":[13,20,45],"is_endless":false,"potions_floor_spawned":[3,5,11,12,18,24,33,40,42,48,54],"ascension_level":1}