{"gold_per_floor":[118,136,153,168,182,207,207,242,316,316,316,331,341,359,359,457,457,473,473,488,501,145,145],"floor_reached":23,"playtime":1729,"items_purged":["Strike_G"],"score":207,"play_id":"224c56ab-b8f9-4634-80fe-a8deed210c1b","local_time":"20190907193613","is_ascension_mode":false,"campfire_choices":[{"data":"Blade Dance","floor":7,"key":"SMITH"},{"floor":10,"key":"REST"},{"data":"Cloak And Dagger","floor":15,"key":"SMITH"}],"neow_cost":"NONE","seed_source_timestamp":1908893335309600,"circlet_count":0,"master_deck":["Strike_G","Strike_G","Strike_G","Defend_G","Defend_G","Defend_G","Defend_G","Defend_G","Survivor","Neutralize","Deep Breath","Cloak And Dagger+1","Blade Dance+1","Leg Sweep","Blade Dance","Escape Plan","Terror","Infinite Blades","Heel Hook","Envenom","Calculated Gamble","Blade Dance","Accuracy"],"relics":["Ring of the Snake","Matryoshka","Boot","Sundial","Kunai","Black Star","Lee\u0027s Waffle"],"potions_floor_usage":[6,6,6,16,23],"damage_taken":[{"damage":0,"enemies":"Small Slimes","floor":1,"turns":3},{"damage":0,"enemies":"2 Louse","floor":2,"turns":2},{"damage":0,"enemies":"Jaw Worm","floor":3,"turns":4},{"damage":15,"enemies":"Large Slime","floor":4,"turns":7},{"damage":11,"enemies":"Lots of Slimes","floor":5,"turns":7},{"damage":24,"enemies":"Lagavulin","floor":6,"turns":12},{"damage":16,"enemies":"3 Sentries","floor":8,"turns":14},{"damage":0,"enemies":"3 Louse","floor":12,"turns":5},{"damage":0,"enemies":"Blue Slaver","floor":13,"turns":3},{"damage":2,"enemies":"Gremlin Gang","floor":14,"turns":5},{"damage":10,"enemies":"Slime Boss","floor":16,"turns":10},{"damage":16,"enemies":"Spheric Guardian","floor":18,"turns":6},{"damage":18,"enemies":"Chosen","floor":20,"turns":7},{"damage":16,"enemies":"Snecko","floor":21,"turns":6},{"damage":85,"enemies":"Gremlin Leader","floor":23,"turns":4}],"seed_played":"-2333772804751108932","potions_obtained":[{"floor":1,"key":"SpeedPotion"},{"floor":2,"key":"LiquidBronze"},{"floor":4,"key":"LiquidBronze"},{"floor":13,"key":"Swift Potion"},{"floor":16,"key":"SpeedPotion"},{"floor":21,"key":"Poison Potion"}],"is_trial":false,"path_per_floor":["M","M","M","M","M","E","R","E","T","R","?","M","M","M","R","B",null,"M","?","M","M","$","E"],"character_chosen":"THE_SILENT","items_purchased":["Lee\u0027s Waffle","Accuracy"],"campfire_rested":1,"item_purchase_floors":[22,22],"current_hp_per_floor":[70,70,70,55,44,20,20,4,4,25,25,25,25,23,23,13,70,54,41,23,7,82,0],"gold":145,"neow_bonus":"RANDOM_COLORLESS","is_prod":false,"is_daily":false,"chose_seed":false,"campfire_upgraded":2,"win_rate":0,"timestamp":1567910173,"path_taken":["M","M","M","M","M","E","R","E","T","R","?","M","M","M","R","BOSS","M","?","M","M","$","E"],"build_version":"2019-07-17","purchased_purges":1,"victory":false,"max_hp_per_floor":[70,70,70,70,70,70,70,70,70,70,70,70,70,70,70,70,70,70,75,75,75,82,82],"card_choices":[{"not_picked":["Flying Knee","Prepared"],"picked":"Cloak And Dagger","floor":1},{"not_picked":["Crippling Poison","Caltrops"],"picked":"Blade Dance","floor":2},{"not_picked":["Slice","Deadly Poison"],"picked":"Leg Sweep","floor":3},{"not_picked":["Backflip","Bane"],"picked":"Blade Dance","floor":4},{"not_picked":["Leg Sweep","Malaise"],"picked":"Escape Plan","floor":5},{"not_picked":["All Out Attack","Flying Knee"],"picked":"Terror","floor":6},{"not_picked":["Setup","Dagger Throw","Bane"],"picked":"SKIP","floor":8},{"not_picked":["Cloak And Dagger","Bane"],"picked":"Infinite Blades","floor":12},{"not_picked":["Endless Agony","Deflect"],"picked":"Heel Hook","floor":13},{"not_picked":["Dagger Throw","Underhanded Strike","Wraith Form v2"],"picked":"SKIP","floor":14},{"not_picked":["Malaise","Glass Knife"],"picked":"Envenom","floor":16},{"not_picked":["Outmaneuver","Prepared"],"picked":"Calculated Gamble","floor":18},{"not_picked":["Flechettes","Sucker Punch+1","Flying Knee"],"picked":"SKIP","floor":20},{"not_picked":["Tools of the Trade","Leg Sweep"],"picked":"Blade Dance","floor":21}],"player_experience":159016,"relics_obtained":[{"floor":6,"key":"Matryoshka"},{"floor":8,"key":"Boot"},{"floor":9,"key":"Sundial"},{"floor":9,"key":"Kunai"}],"event_choices":[{"cards_removed":["Strike_G"],"damage_healed":0,"gold_gain":0,"player_choice":"Forget","damage_taken":0,"max_hp_gain":0,"max_hp_loss":0,"event_name":"Living Wall","floor":11,"gold_loss":0},{"damage_healed":0,"gold_gain":0,"player_choice":"Shed Blood","damage_taken":18,"max_hp_gain":5,"max_hp_loss":0,"event_name":"Forgotten Altar","floor":19,"gold_loss":0}],"is_beta":false,"boss_relics":[{"not_picked":["Lizard Tail","Runic Pyramid"],"picked":"Black Star"}],"items_purged_floors":[22],"is_endless":false,"potions_floor_spawned":[1,2,4,13,16,21],"killed_by":"Gremlin Leader","ascension_level":0}