{"gold_per_floor":[114,124,142,67,77,77,102,102,148,148,158,184,202,213,213,213],"floor_reached":16,"playtime":276,"items_purged":["Strike_R"],"score":205,"play_id":"ffdfeb76-74a2-4b7f-88f1-8977229ccb1b","local_time":"20181221233045","is_ascension_mode":true,"campfire_choices":[{"data":"Bash","floor":6.0,"key":"SMITH"},{"floor":10,"key":"REST"},{"floor":15,"key":"REST"}],"neow_cost":"NONE","seed_source_timestamp":29867584448800,"circlet_count":0,"master_deck":["AscendersBane","Strike_R","Strike_R","Strike_R","Strike_R","Defend_R","Defend_R","Defend_R","Defend_R","Bash+1","Bludgeon","Cleave","Cleave","Dropkick","True Grit"],"special_seed":0,"relics":["Burning Blood","Mercury Hourglass","CultistMask","Boot","Art of War"],"potions_floor_usage":[],"damage_taken":[{"damage":3.0,"enemies":"2 Louse","floor":1.0,"turns":2.0},{"damage":6.0,"enemies":"Cultist","floor":2.0,"turns":3.0},{"damage":12.0,"enemies":"Jaw Worm","floor":3.0,"turns":2.0},{"damage":14.0,"enemies":"Lots of Slimes","floor":5.0,"turns":2.0},{"damage":41.0,"enemies":"Lagavulin","floor":7.0,"turns":6.0},{"damage":6,"enemies":"Exordium Wildlife","floor":11,"turns":3},{"damage":8,"enemies":"Gremlin Nob","floor":12,"turns":3},{"damage":12,"enemies":"Looter","floor":13,"turns":3},{"damage":13,"enemies":"3 Louse","floor":14,"turns":2},{"damage":0,"enemies":"The Guardian","floor":16,"turns":2}],"seed_played":"-5517662651875433474","potions_obtained":[{"floor":1.0,"key":"Energy Potion"},{"floor":3.0,"key":"Strength Potion"}],"is_trial":false,"path_per_floor":["M","M","M","$","M","R","E","?","T","R","M","E","M","M","R","B"],"character_chosen":"IRONCLAD","items_purchased":[],"campfire_rested":2,"item_purchase_floors":[],"current_hp_per_floor":[71,71,65,65,57,57,22,22,22,44,44,42,36,29,51,51],"gold":213,"neow_bonus":"ONE_RANDOM_RARE_CARD","is_prod":false,"is_daily":false,"chose_seed":false,"campfire_upgraded":1,"win_rate":0,"timestamp":1545463845,"path_taken":["M","M","M","$","M","R","E","?","T","R","M","E","M","M","R","BOSS"],"build_version":"2018-12-20","purchased_purges":1,"victory":false,"max_hp_per_floor":[75,75,75,75,75,75,75,75,75,75,75,75,75,75,75,75],"card_choices":[{"not_picked":["Burning Pact","Seeing Red"],"picked":"Cleave","floor":1.0},{"not_picked":["Body Slam","Wild Strike"],"picked":"Cleave","floor":2.0},{"not_picked":["Headbutt","Pommel Strike","Body Slam"],"picked":"SKIP","floor":3.0},{"not_picked":["Anger","Whirlwind"],"picked":"Dropkick","floor":5.0},{"not_picked":["Sentinel","Flex","Rampage"],"picked":"SKIP","floor":7.0},{"not_picked":["Rage","Cleave"],"picked":"True Grit","floor":11},{"not_picked":["Rupture","Burning Pact","Armaments"],"picked":"SKIP","floor":12},{"not_picked":["Wild Strike","Barricade","Thunderclap"],"picked":"SKIP","floor":13},{"not_picked":["Evolve","Sword Boomerang","Blood for Blood"],"picked":"SKIP","floor":14}],"player_experience":166513,"relics_obtained":[{"floor":7.0,"key":"Mercury Hourglass"},{"floor":9,"key":"Boot"},{"floor":12,"key":"Art of War"}],"event_choices":[{"damage_healed":0,"gold_gain":0,"player_choice":"Trade","damage_taken":0,"relics_obtained":["CultistMask"],"max_hp_gain":0,"max_hp_loss":0,"event_name":"FaceTrader","floor":8,"gold_loss":0}],"is_beta":false,"boss_relics":[],"items_purged_floors":[4],"is_endless":false,"potions_floor_spawned":[1,3,11,13],"killed_by":"The Guardian","ascension_level":16}