{"gold_per_floor":[367,317,336,411,586,120,120,137,186,186,186,205,205,218,218,313,313,326,326,326,326,416,441,356,356,356,356,455,455,355,389,389,389],"floor_reached":33,"playtime":1101,"items_purged":["Doubt","Defend_R"],"score":292,"play_id":"51739300-4a00-406f-9f38-29028ac7ce56","local_time":"20190802214359","is_ascension_mode":false,"campfire_choices":[{"data":"Perfected Strike","floor":7,"key":"SMITH"},{"data":"Perfected Strike","floor":10,"key":"SMITH"},{"data":"Perfected Strike","floor":15,"key":"SMITH"},{"floor":27,"key":"REST"},{"data":"Twin Strike","floor":32,"key":"SMITH"}],"neow_cost":"CURSE","seed_source_timestamp":271309092276848,"circlet_count":0,"master_deck":["Strike_R","Strike_R","Strike_R","Strike_R","Strike_R","Defend_R","Perfected Strike+1","Perfected Strike+1","Twin Strike","Perfected Strike+1","Twin Strike+1","Armaments","Flame Barrier"],"relics":["Burning Blood","Juzu Bracelet","PreservedInsect","Happy Flower","Matryoshka","Sozu","StoneCalendar","Vajra","Bird Faced Urn","Dream Catcher","Regal Pillow","Pen Nib"],"potions_floor_usage":[],"damage_taken":[{"damage":16,"enemies":"2 Louse","floor":1,"turns":3},{"damage":6,"enemies":"Small Slimes","floor":3,"turns":4},{"damage":0,"enemies":"Cultist","floor":8,"turns":2},{"damage":7,"enemies":"Exordium Wildlife","floor":12,"turns":4},{"damage":10,"enemies":"Lots of Slimes","floor":14,"turns":4},{"damage":19,"enemies":"Slime Boss","floor":16,"turns":10},{"damage":15,"enemies":"2 Thieves","floor":18,"turns":4},{"damage":21,"enemies":"Slavers","floor":23,"turns":3},{"damage":28,"enemies":"Book of Stabbing","floor":31,"turns":3},{"damage":63,"enemies":"Automaton","floor":33,"turns":6}],"seed_played":"4901856321825233884","potions_obtained":[{"floor":3,"key":"SpeedPotion"},{"floor":14,"key":"AttackPotion"},{"floor":16,"key":"Regen Potion"}],"is_trial":false,"path_per_floor":["M","?","M","?","?","$","R","M","T","R","T","M","?","M","R","B",null,"M","?","?","?","?","E","?","?","T","R","?","?","$","E","R","B"],"character_chosen":"IRONCLAD","items_purchased":["Perfected Strike","Twin Strike","Juzu Bracelet","PreservedInsect"],"campfire_rested":1,"item_purchase_floors":[6,6,6,6],"current_hp_per_floor":[70,70,70,59,59,59,59,65,65,65,65,64,64,60,60,47,80,71,80,65,65,49,34,34,34,34,74,74,74,74,52,52,0],"gold":389,"neow_bonus":"TWO_FIFTY_GOLD","is_prod":false,"is_daily":false,"chose_seed":false,"campfire_upgraded":4,"win_rate":0.0,"timestamp":1564800239,"path_taken":["M","?","M","?","?","$","R","M","T","R","?","M","?","M","R","BOSS","M","?","?","?","?","E","?","?","T","R","?","?","?","E","R","BOSS"],"build_version":"2019-07-17","purchased_purges":2,"victory":false,"max_hp_per_floor":[80,80,80,80,80,80,80,80,80,80,80,80,80,80,80,80,80,80,80,85,85,85,85,85,85,85,85,85,85,85,85,85,85],"card_choices":[{"not_picked":["Bloodletting","Clash","Anger"],"picked":"SKIP","floor":1},{"not_picked":["Flame Barrier","Uppercut"],"picked":"Perfected Strike","floor":3},{"not_picked":["Sword Boomerang","Shockwave","Anger"],"picked":"SKIP","floor":8},{"not_picked":["Whirlwind","Entrench"],"picked":"Perfected Strike","floor":12},{"not_picked":["Battle Trance","Clash","Armaments"],"picked":"SKIP","floor":14},{"not_picked":["Flex","Clash"],"picked":"Twin Strike","floor":18},{"not_picked":["Clothesline","Offering","Corruption"],"picked":"SKIP","floor":23},{"not_picked":["Rampage","Rupture+1","True Grit"],"picked":"SKIP","floor":31}],"player_experience":40986,"relics_obtained":[{"floor":9,"key":"Happy Flower"},{"floor":11,"key":"Matryoshka"},{"floor":23,"key":"Vajra"},{"floor":26,"key":"Dream Catcher"},{"floor":26,"key":"Regal Pillow"},{"floor":31,"key":"Pen Nib"}],"event_choices":[{"cards_removed":["Injury"],"damage_healed":0,"gold_gain":0,"player_choice":"Card Removal","damage_taken":0,"max_hp_gain":0,"max_hp_loss":0,"event_name":"The Cleric","floor":2,"gold_loss":50},{"damage_healed":0,"gold_gain":75,"player_choice":"Gather Gold","damage_taken":11,"max_hp_gain":0,"max_hp_loss":0,"event_name":"World of Goop","floor":4,"gold_loss":0},{"damage_healed":0,"gold_gain":175,"player_choice":"AGREE","damage_taken":0,"max_hp_gain":0,"max_hp_loss":0,"event_name":"Liars Game","floor":5,"gold_loss":0,"cards_obtained":["Doubt"]},{"cards_removed":["Bash"],"damage_healed":0,"gold_gain":0,"player_choice":"Forget","damage_taken":0,"max_hp_gain":0,"max_hp_loss":0,"event_name":"Living Wall","floor":13,"gold_loss":0},{"damage_healed":9,"gold_gain":0,"player_choice":"Full Heal","damage_taken":0,"max_hp_gain":0,"max_hp_loss":0,"event_name":"Wheel of Change","floor":19,"gold_loss":0},{"damage_healed":0,"gold_gain":0,"player_choice":"Shed Blood","damage_taken":20,"max_hp_gain":5,"max_hp_loss":0,"event_name":"Forgotten Altar","floor":20,"gold_loss":0},{"damage_healed":0,"gold_gain":0,"player_choice":"Gave Potion","damage_taken":0,"relics_obtained":["StoneCalendar"],"max_hp_gain":0,"max_hp_loss":0,"event_name":"WeMeetAgain","floor":21,"gold_loss":0},{"damage_healed":0,"gold_gain":90,"player_choice":"GOLD ","damage_taken":16,"max_hp_gain":0,"max_hp_loss":0,"event_name":"Knowing Skull","floor":22,"potions_obtained":[],"gold_loss":0,"cards_obtained":[]},{"damage_healed":0,"gold_gain":0,"player_choice":"Obtained Relic","damage_taken":0,"relics_obtained":["Bird Faced Urn"],"max_hp_gain":0,"max_hp_loss":0,"event_name":"Addict","floor":24,"gold_loss":85},{"damage_healed":0,"gold_gain":0,"player_choice":"Got Potions","damage_taken":0,"max_hp_gain":0,"max_hp_loss":0,"event_name":"Lab","floor":25,"gold_loss":0},{"damage_healed":0,"gold_gain":99,"player_choice":"Stole From Cult","damage_taken":0,"max_hp_gain":0,"max_hp_loss":0,"event_name":"Nest","floor":28,"gold_loss":0},{"damage_healed":0,"gold_gain":0,"cards_transformed":["Defend_R","Defend_R"],"player_choice":"Became Test Subject","damage_taken":0,"max_hp_gain":0,"max_hp_loss":0,"event_name":"Drug Dealer","floor":29,"gold_loss":0,"cards_obtained":["Armaments","Flame Barrier"]}],"is_beta":false,"boss_relics":[{"not_picked":["Coffee Dripper","Runic Pyramid"],"picked":"Sozu"}],"items_purged_floors":[6,30],"is_endless":false,"potions_floor_spawned":[3,14,16,23,31],"killed_by":"Automaton","ascension_level":0}