{"gold_per_floor":[117,134,134,90,90,90,9,9,9,19,51,67,94,114,114,188,188,207,207,207,226,226,226,226],"floor_reached":24,"playtime":668,"items_purged":[],"score":408,"play_id":"71843cd9-176d-4aad-bcda-b790c7debe4d","local_time":"20190719013628","is_ascension_mode":true,"campfire_choices":[{"data":"Bash","floor":6.0,"key":"SMITH"},{"data":"Clothesline","floor":8.0,"key":"SMITH"},{"floor":15.0,"key":"REST"},{"floor":23,"key":"REST"}],"neow_cost":"NONE","seed_source_timestamp":152253611643500,"circlet_count":0,"master_deck":["AscendersBane","Strike_R","Strike_R","Strike_R","Defend_R","Defend_R","Defend_R","Defend_R","Bash+1","True Grit","Pommel Strike","Battle Trance","Clothesline+1","Shrug It Off","Spot Weakness","Fiend Fire","Feed","Anger","Shrug It Off","Havoc","Sword Boomerang","Feed+1","Corruption","Dropkick+1"],"special_seed":0,"relics":["Burning Blood","The Courier","Darkstone Periapt","Ice Cream","Orrery","Molten Egg 2"],"potions_floor_usage":[21],"damage_taken":[{"damage":6.0,"enemies":"Cultist","floor":1.0,"turns":4.0},{"damage":9.0,"enemies":"Small Slimes","floor":2.0,"turns":6.0},{"damage":0.0,"enemies":"2 Louse","floor":10.0,"turns":3.0},{"damage":39.0,"enemies":"Lagavulin","floor":11.0,"turns":7.0},{"damage":29.0,"enemies":"Exordium Thugs","floor":12.0,"turns":6.0},{"damage":11.0,"enemies":"Gremlin Nob","floor":13.0,"turns":3.0},{"damage":8.0,"enemies":"Looter","floor":14.0,"turns":4.0},{"damage":38.0,"enemies":"The Guardian","floor":16.0,"turns":8.0},{"damage":22.0,"enemies":"Spheric Guardian","floor":18.0,"turns":5.0},{"damage":40,"enemies":"3 Byrds","floor":21,"turns":3},{"damage":42,"enemies":"Book of Stabbing","floor":24,"turns":4}],"seed_played":"4398310111874612257","potions_obtained":[{"floor":2.0,"key":"LiquidBronze"},{"floor":10.0,"key":"LiquidBronze"},{"floor":14.0,"key":"PowerPotion"},{"floor":18.0,"key":"Fire Potion"}],"is_trial":false,"path_per_floor":["M","M","?","$","?","R","$","R","T","M","E","M","E","M","R","B",null,"M","T","?","M","?","R","E"],"character_chosen":"IRONCLAD","items_purchased":["Battle Trance","Clothesline","Shrug It Off"],"campfire_rested":2,"item_purchase_floors":[4,7,7],"current_hp_per_floor":[75,72,72,72,72,72,72,72,72,78,45,22,17,15,39,7,63,47,47,47,17,17,42,0],"gold":226,"neow_bonus":"TEN_PERCENT_HP_BONUS","is_prod":false,"is_daily":false,"chose_seed":false,"campfire_upgraded":2,"win_rate":0,"timestamp":1563525388,"path_taken":["M","M","?","?","?","R","$","R","T","M","E","M","E","?","R","BOSS","M","?","?","?","?","R","E"],"build_version":"2019-07-17","purchased_purges":0,"victory":false,"max_hp_per_floor":[82,82,82,82,82,82,82,82,82,82,82,82,82,82,82,82,82,82,82,82,86,86,86,86],"card_choices":[{"not_picked":["Havoc","Heavy Blade"],"picked":"True Grit","floor":1.0},{"not_picked":["Armaments","Shrug It Off"],"picked":"Pommel Strike","floor":2.0},{"not_picked":["Thunderclap","Armaments"],"picked":"Spot Weakness","floor":10.0},{"not_picked":["Rage","Flex","Intimidate"],"picked":"SKIP","floor":11.0},{"not_picked":["Perfected Strike","Iron Wave","Entrench"],"picked":"SKIP","floor":12.0},{"not_picked":["Perfected Strike","Iron Wave","Entrench"],"picked":"SKIP","floor":12.0},{"not_picked":["Uppercut","Clothesline","Hemokinesis"],"picked":"SKIP","floor":13.0},{"not_picked":["Anger","Heavy Blade"],"picked":"Fiend Fire","floor":14.0},{"not_picked":["Dark Embrace","Exhume"],"picked":"Feed","floor":16.0},{"not_picked":["Fire Breathing","Thunderclap"],"picked":"Anger","floor":17.0},{"not_picked":["Body Slam","Anger"],"picked":"Shrug It Off","floor":17.0},{"not_picked":["Anger","Blood for Blood"],"picked":"Havoc","floor":17.0},{"not_picked":["Thunderclap","Seeing Red"],"picked":"Sword Boomerang","floor":18.0},{"not_picked":["Heavy Blade+1","Ghostly Armor"],"picked":"Corruption","floor":21}],"player_experience":674146,"relics_obtained":[{"floor":9.0,"key":"The Courier"},{"floor":11.0,"key":"Darkstone Periapt"},{"floor":13.0,"key":"Ice Cream"},{"floor":19.0,"key":"Molten Egg 2"}],"event_choices":[{"cards_removed":["Strike_R"],"damage_healed":0.0,"max_hp_gain":0.0,"max_hp_loss":0.0,"gold_gain":0.0,"event_name":"Wheel of Change","player_choice":"Card Removal","floor":3.0,"gold_loss":0.0,"damage_taken":0.0},{"damage_healed":0.0,"max_hp_gain":0.0,"max_hp_loss":0.0,"gold_gain":0.0,"event_name":"Match and Keep!","player_choice":"0 cards matched","floor":5.0,"gold_loss":0.0,"damage_taken":0.0,"cards_obtained":[]},{"damage_healed":0.0,"max_hp_gain":0.0,"max_hp_loss":0.0,"gold_gain":0.0,"event_name":"Duplicator","player_choice":"Copied","floor":20.0,"gold_loss":0.0,"damage_taken":0.0,"cards_obtained":["Feed"]},{"damage_healed":0,"gold_gain":0,"cards_transformed":["Strike_R"],"player_choice":"Transformed","damage_taken":0,"max_hp_gain":0,"max_hp_loss":0,"event_name":"Transmorgrifier","floor":22,"gold_loss":0,"cards_obtained":["Dropkick"]}],"is_beta":false,"boss_relics":[{"not_picked":["White Beast Statue","Tiny House"],"picked":"Orrery"}],"items_purged_floors":[],"is_endless":false,"potions_floor_spawned":[2,10,14,18],"killed_by":"Book of Stabbing","ascension_level":20}