{"gold_per_floor":[110,110,35,45,45,45,63,63,63,130,163,183,214,286,286,365,365,379,429,444,1,19,48,48,79,109,140,115,143,224,242,242,319,319,339,389,17,30,80,110,120,120,120,136,163,163,192,209,209,209,209,209,209,84,119,119],"floor_reached":57,"playtime":3317,"items_purged":["Regret","Strike_R","Strike_R"],"score":3056,"play_id":"9890c8e1-22a1-47bd-8d88-22f98e44ad76","local_time":"20190725003807","is_ascension_mode":true,"campfire_choices":[{"data":"1","floor":6,"key":"LIFT"},{"data":"2","floor":8,"key":"LIFT"},{"data":"3","floor":15,"key":"LIFT"},{"data":"Spot Weakness","floor":24,"key":"SMITH"},{"data":"Feel No Pain","floor":32,"key":"SMITH"},{"data":"True Grit","floor":42,"key":"SMITH"},{"floor":46,"key":"RECALL"},{"data":"Limit Break","floor":49,"key":"SMITH"},{"data":"Body Slam","floor":53,"key":"SMITH"}],"neow_cost":"NONE","seed_source_timestamp":664545071615400,"circlet_count":0,"master_deck":["AscendersBane","Strike_R","Defend_R+1","Defend_R","Defend_R","Defend_R+1","Bash","Spot Weakness+1","Dropkick","Heavy Blade","True Grit+1","Shrug It Off","Reaper","Headbutt","Disarm","Anger","Offering","Pummel+1","Sword Boomerang","Feel No Pain+1","Dark Shackles","Cleave","Disarm","Disarm+1","Battle Trance","Armaments+1","Disarm+1","Juggernaut","Impervious","Feel No Pain+1","Body Slam+1","Limit Break+1","Wild Strike+1","Juggernaut"],"relics":["Burning Blood","Girya","SsserpentHead","Incense Burner","Pocketwatch","Strawberry","Odd Mushroom","Mark of Pain","War Paint","Bag of Preparation","Orichalcum","Tiny Chest","Mummified Hand","Ancient Tea Set","Red Mask","Runic Pyramid","Medical Kit","Matryoshka","Boot","Blood Vial","Pear","Anchor"],"potions_floor_usage":[14,23,56,56],"damage_taken":[{"damage":12,"enemies":"Cultist","floor":1,"turns":4},{"damage":8,"enemies":"2 Louse","floor":4,"turns":4},{"damage":15,"enemies":"Small Slimes","floor":7,"turns":3},{"damage":1,"enemies":"2 Fungi Beasts","floor":10,"turns":3},{"damage":33,"enemies":"3 Sentries","floor":11,"turns":9},{"damage":28,"enemies":"Blue Slaver","floor":12,"turns":9},{"damage":3,"enemies":"Gremlin Nob","floor":13,"turns":3},{"damage":12,"enemies":"The Mushroom Lair","floor":14,"turns":4},{"damage":18,"enemies":"Hexaghost","floor":16,"turns":6},{"damage":1,"enemies":"Spheric Guardian","floor":18,"turns":3},{"damage":8,"enemies":"Chosen","floor":20,"turns":3},{"damage":6,"enemies":"Snecko","floor":22,"turns":7},{"damage":29,"enemies":"Slavers","floor":23,"turns":5},{"damage":6,"enemies":"Gremlin Leader","floor":25,"turns":6},{"damage":29,"enemies":"Book of Stabbing","floor":27,"turns":6},{"damage":11,"enemies":"Slavers","floor":29,"turns":3},{"damage":24,"enemies":"Masked Bandits","floor":30,"turns":9},{"damage":2,"enemies":"3 Cultists","floor":31,"turns":5},{"damage":26,"enemies":"Collector","floor":33,"turns":12},{"damage":15,"enemies":"3 Shapes","floor":35,"turns":5},{"damage":3,"enemies":"3 Darklings","floor":38,"turns":5},{"damage":5,"enemies":"Giant Head","floor":40,"turns":8},{"damage":44,"enemies":"Writhing Mass","floor":41,"turns":6},{"damage":14,"enemies":"Jaw Worm Horde","floor":44,"turns":4},{"damage":0,"enemies":"Nemesis","floor":45,"turns":7},{"damage":6,"enemies":"Giant Head","floor":47,"turns":7},{"damage":6,"enemies":"Spire Growth","floor":48,"turns":4},{"damage":51,"enemies":"Donu and Deca","floor":50,"turns":12},{"damage":30,"enemies":"Awakened One","floor":51,"turns":10},{"damage":69,"enemies":"Shield and Spear","floor":55,"turns":8},{"damage":55,"enemies":"The Heart","floor":56,"turns":9}],"seed_played":"2797576872601385708","potions_obtained":[{"floor":1,"key":"Poison Potion"},{"floor":4,"key":"Weak Potion"},{"floor":20,"key":"GamblersBrew"},{"floor":23,"key":"PowerPotion"},{"floor":30,"key":"Dexterity Potion"}],"is_trial":false,"path_per_floor":["M","?","$","M","?","R","M","R","T","M","E","M","E","?","R","B",null,"M","?","M","$","M","E","R","E","T","E","?","E","?","M","R","B",null,"M","?","$","M","?","E","M","R","T","M","E","R","E","M","R","B","B",null,"R","$","E","B",null],"character_chosen":"IRONCLAD","items_purchased":["War Paint","Feel No Pain","Dark Shackles","Impervious","Medical Kit"],"campfire_rested":0,"item_purchase_floors":[21,21,21,37,37],"current_hp_per_floor":[62,62,62,60,60,60,51,51,51,56,29,22,32,53,53,60,77,82,58,63,63,63,48,48,69,69,57,57,74,66,87,87,87,87,79,79,79,87,87,87,61,61,61,84,87,87,97,97,97,89,87,95,95,95,71,47],"gold":119,"neow_bonus":"TRANSFORM_CARD","is_prod":false,"is_daily":false,"chose_seed":false,"campfire_upgraded":5,"win_rate":0,"timestamp":1564040287,"path_taken":["M","?","$","M","?","R","M","R","T","?","E","M","E","?","R","BOSS","M","?","M","$","M","E","R","E","T","E","?","E","?","M","R","BOSS","M","?","$","M","?","E","M","R","T","M","E","R","E","M","R","BOSS","BOSS","R","$","E","BOSS"],"build_version":"2019-07-17","purchased_purges":3,"victory":true,"max_hp_per_floor":[75,75,75,75,75,75,75,75,75,75,75,75,82,82,82,82,82,82,87,87,87,87,87,87,87,87,87,87,87,87,87,87,87,87,87,87,87,87,87,87,87,87,87,87,87,87,97,97,97,97,97,97,97,97,97,97],"card_choices":[{"not_picked":["Fire Breathing","Shrug It Off"],"picked":"Dropkick","floor":1},{"not_picked":["Wild Strike","Flex"],"picked":"Heavy Blade","floor":4},{"not_picked":["Shrug It Off","Sentinel"],"picked":"True Grit","floor":7},{"not_picked":["Sentinel","Sever Soul"],"picked":"Shrug It Off","floor":10},{"not_picked":["Headbutt","Feel No Pain"],"picked":"Reaper","floor":11},{"not_picked":["Flex","Havoc"],"picked":"Headbutt","floor":12},{"not_picked":["Clash","Reaper"],"picked":"Disarm","floor":13},{"not_picked":["Iron Wave","Reckless Charge"],"picked":"Anger","floor":14},{"not_picked":["Reaper","Bludgeon"],"picked":"Offering","floor":16},{"not_picked":["Wild Strike","Warcry"],"picked":"Pummel+1","floor":18},{"not_picked":["Iron Wave","Burning Pact+1"],"picked":"Sword Boomerang","floor":20},{"not_picked":["Twin Strike","Rampage"],"picked":"Cleave","floor":22},{"not_picked":["Body Slam+1","Pommel Strike"],"picked":"Disarm","floor":23},{"not_picked":["Warcry","Body Slam"],"picked":"Disarm+1","floor":25},{"not_picked":["True Grit","Seeing Red"],"picked":"Battle Trance","floor":27},{"not_picked":["Shrug It Off","Disarm"],"picked":"Armaments+1","floor":29},{"not_picked":["Evolve","Warcry+1"],"picked":"Disarm+1","floor":31},{"not_picked":["Bludgeon","Dark Embrace"],"picked":"Juggernaut","floor":33},{"not_picked":["Pommel Strike","Wild Strike","Clash"],"picked":"SKIP","floor":35},{"not_picked":["Fire Breathing+1","Anger"],"picked":"Feel No Pain+1","floor":38},{"not_picked":["Brutality","Anger"],"picked":"Body Slam","floor":40},{"not_picked":["Armaments","Cleave","Thunderclap+1"],"picked":"SKIP","floor":41},{"not_picked":["Flex","Clash+1"],"picked":"Limit Break","floor":44},{"not_picked":["Pommel Strike","Armaments+1"],"picked":"Wild Strike+1","floor":45},{"not_picked":["Havoc","Cleave"],"picked":"Juggernaut","floor":47},{"not_picked":["Hemokinesis","Armaments","True Grit"],"picked":"SKIP","floor":48},{"not_picked":["Heavy Blade+1","Anger","Sword Boomerang+1"],"picked":"SKIP","floor":55}],"player_experience":689587,"relics_obtained":[{"floor":9,"key":"Incense Burner"},{"floor":11,"key":"Pocketwatch"},{"floor":13,"key":"Strawberry"},{"floor":14,"key":"Odd Mushroom"},{"floor":23,"key":"Bag of Preparation"},{"floor":25,"key":"Orichalcum"},{"floor":26,"key":"Tiny Chest"},{"floor":27,"key":"Mummified Hand"},{"floor":29,"key":"Ancient Tea Set"},{"floor":30,"key":"Red Mask"},{"floor":40,"key":"Matryoshka"},{"floor":43,"key":"Boot"},{"floor":45,"key":"Blood Vial"},{"floor":47,"key":"Pear"},{"floor":55,"key":"Anchor"}],"event_choices":[{"damage_healed":0,"gold_gain":0,"player_choice":"Box","damage_taken":0,"relics_obtained":["Girya"],"max_hp_gain":0,"max_hp_loss":0,"event_name":"Big Fish","floor":2,"gold_loss":0,"cards_obtained":["Regret"]},{"damage_healed":0,"gold_gain":0,"player_choice":"Trade","damage_taken":0,"relics_obtained":["SsserpentHead"],"max_hp_gain":0,"max_hp_loss":0,"event_name":"FaceTrader","floor":5,"gold_loss":0},{"damage_healed":0,"gold_gain":0,"player_choice":"Fought Mushrooms","damage_taken":0,"max_hp_gain":0,"max_hp_loss":0,"event_name":"Mushrooms","floor":14,"gold_loss":0},{"damage_healed":0,"gold_gain":0,"player_choice":"Shed Blood","damage_taken":29,"max_hp_gain":5,"max_hp_loss":0,"event_name":"Forgotten Altar","floor":19,"gold_loss":0},{"cards_removed":["Strike_R"],"damage_healed":0,"gold_gain":0,"player_choice":"Gave Gold","damage_taken":0,"max_hp_gain":0,"max_hp_loss":0,"event_name":"Beggar","floor":28,"gold_loss":75},{"damage_healed":0,"gold_gain":0,"player_choice":"Fought Bandits","damage_taken":0,"max_hp_gain":0,"max_hp_loss":0,"event_name":"Masked Bandits","floor":30,"gold_loss":0},{"damage_healed":0,"gold_gain":0,"player_choice":"Memory 1","damage_taken":0,"max_hp_gain":0,"max_hp_loss":0,"event_name":"SensoryStone","floor":36,"gold_loss":0},{"damage_healed":0,"gold_gain":0,"player_choice":"Ignored","damage_taken":0,"max_hp_gain":0,"max_hp_loss":0,"event_name":"SecretPortal","floor":39,"gold_loss":0}],"is_beta":false,"boss_relics":[{"not_picked":["Tiny House","Coffee Dripper"],"picked":"Mark of Pain"},{"not_picked":["Fusion Hammer","Black Star"],"picked":"Runic Pyramid"}],"items_purged_floors":[3,21,54],"is_endless":false,"potions_floor_spawned":[1,4,13,20,23,30,31,38,40,45,47],"ascension_level":20}