{"gold_per_floor":[117,133,133,195,213,213,293,8,57,57,33,33,44,55,55,156,156,166,216,230,280,330,345,355,355,378,394,73,85,35,53,53,53],"floor_reached":33,"playtime":2283,"items_purged":["Zap","Dualcast"],"score":374,"play_id":"c876a929-57bc-4500-9646-5b829113f811","local_time":"20190816155600","is_ascension_mode":true,"campfire_choices":[{"data":"Hyperbeam","floor":6,"key":"SMITH"},{"data":"Sunder","floor":10,"key":"SMITH"},{"data":"Hologram","floor":12,"key":"SMITH"},{"data":"Good Instincts","floor":15,"key":"SMITH"},{"data":"Streamline","floor":25,"key":"SMITH"},{"data":"Setup","floor":32,"key":"SMITH"}],"neow_cost":"NONE","seed_source_timestamp":938725778902243,"circlet_count":0,"master_deck":["Defend_B","Defend_B","Defend_B","Hyperbeam+1","Hologram+1","Conserve Battery","Reprogram","Sunder+1","Streamline+1","Conserve Battery","Self Repair","Turbo","Battle Trance","Good Instincts+1","Reboot","Setup+1","Enlightenment+1","Bite","Bite","Bite","Bite","Bite","Carnage","Sweeping Beam","Seeing Red","Hologram","Backflip","Warcry"],"relics":["Cracked Core","SsserpentHead","Odd Mushroom","PrismaticShard","Whetstone","Empty Cage","Blood Vial","Frozen Eye"],"potions_floor_usage":[20,24,29],"damage_taken":[{"damage":0,"enemies":"2 Louse","floor":1,"turns":1},{"damage":0,"enemies":"Cultist","floor":2,"turns":3},{"damage":0,"enemies":"Small Slimes","floor":4,"turns":3},{"damage":14,"enemies":"Blue Slaver","floor":5,"turns":3},{"damage":1,"enemies":"The Mushroom Lair","floor":7,"turns":2},{"damage":0,"enemies":"2 Fungi Beasts","floor":13,"turns":2},{"damage":9,"enemies":"Red Slaver","floor":14,"turns":3},{"damage":12,"enemies":"The Guardian","floor":16,"turns":12},{"damage":15,"enemies":"3 Byrds","floor":18,"turns":4},{"damage":18,"enemies":"Shell Parasite","floor":20,"turns":3},{"damage":23,"enemies":"Shelled Parasite and Fungi","floor":23,"turns":6},{"damage":5,"enemies":"Snecko","floor":24,"turns":3},{"damage":34,"enemies":"Centurion and Healer","floor":27,"turns":20},{"damage":0,"enemies":"Sentry and Sphere","floor":29,"turns":3},{"damage":18,"enemies":"Shelled Parasite and Fungi","floor":31,"turns":7},{"damage":63,"enemies":"Champ","floor":33,"turns":7}],"seed_played":"-3061880041219067415","potions_obtained":[{"floor":5,"key":"PowerPotion"},{"floor":13,"key":"AttackPotion"},{"floor":27,"key":"Fire Potion"}],"is_trial":false,"path_per_floor":["M","M","?","M","M","R","?","$","T","R","$","R","M","M","R","B",null,"M","?","M","?","?","M","M","R","T","M","$","M","$","M","R","B"],"character_chosen":"DEFECT","items_purchased":["PrismaticShard","Conserve Battery","Self Repair","Turbo","Frozen Eye","Hologram"],"campfire_rested":0,"item_purchase_floors":[8,8,8,11,28,28],"current_hp_per_floor":[68,68,68,68,54,54,53,53,53,53,53,53,60,58,58,53,70,62,62,51,37,37,37,34,34,34,56,56,56,56,53,53,0],"gold":53,"neow_bonus":"ONE_RANDOM_RARE_CARD","is_prod":false,"is_daily":false,"chose_seed":false,"campfire_upgraded":6,"win_rate":0,"timestamp":1565988960,"path_taken":["M","M","?","?","M","R","?","$","T","R","$","R","M","M","R","BOSS","M","?","M","?","?","M","M","R","T","M","$","M","?","M","R","BOSS"],"build_version":"2019-07-17","purchased_purges":2,"victory":false,"max_hp_per_floor":[75,75,75,75,75,75,75,75,75,75,75,75,75,75,75,75,75,75,75,75,80,56,56,56,56,56,56,56,56,56,56,56,56],"card_choices":[{"not_picked":["Compile Driver","Cold Snap"],"picked":"Hologram","floor":1},{"not_picked":["Compile Driver","Melter"],"picked":"Conserve Battery","floor":2},{"not_picked":["Defragment","Tempest"],"picked":"Reprogram","floor":4},{"not_picked":["Cold Snap","Stack"],"picked":"Sunder","floor":5},{"not_picked":["Sunder","Redo"],"picked":"Streamline","floor":7},{"not_picked":["Thinking Ahead","Warcry"],"picked":"Battle Trance","floor":13},{"not_picked":["Consume","Slice"],"picked":"Good Instincts","floor":14},{"not_picked":["Chrysalis","Grand Finale"],"picked":"Reboot","floor":16},{"not_picked":["Recycle","Dagger Throw"],"picked":"Setup","floor":18},{"not_picked":["Sword Boomerang","True Grit"],"picked":"Enlightenment+1","floor":20},{"not_picked":["Flying Knee","Steam"],"picked":"Carnage","floor":23},{"not_picked":["Conserve Battery","Gash"],"picked":"Sweeping Beam","floor":24},{"not_picked":["Barrage","Recycle"],"picked":"Seeing Red","floor":27},{"not_picked":["Underhanded Strike","Ball Lightning"],"picked":"Backflip","floor":29},{"not_picked":["Compile Driver","Purity+1"],"picked":"Warcry","floor":31}],"player_experience":306785,"relics_obtained":[{"floor":7,"key":"Odd Mushroom"},{"floor":9,"key":"Whetstone"},{"floor":26,"key":"Blood Vial"}],"event_choices":[{"damage_healed":0,"gold_gain":0,"player_choice":"Trade","damage_taken":0,"relics_obtained":["SsserpentHead"],"max_hp_gain":0,"max_hp_loss":0,"event_name":"FaceTrader","floor":3,"gold_loss":0},{"damage_healed":0,"gold_gain":0,"player_choice":"Fought Mushrooms","damage_taken":0,"max_hp_gain":0,"max_hp_loss":0,"event_name":"Mushrooms","floor":7,"gold_loss":0},{"cards_removed":["Defend_B"],"damage_healed":0,"gold_gain":0,"player_choice":"Elegance","damage_taken":0,"max_hp_gain":0,"max_hp_loss":0,"event_name":"Back to Basics","floor":19,"gold_loss":0},{"damage_healed":0,"gold_gain":0,"player_choice":"Shed Blood","damage_taken":19,"max_hp_gain":5,"max_hp_loss":0,"event_name":"Forgotten Altar","floor":21,"gold_loss":0},{"damage_healed":0,"gold_gain":0,"player_choice":"Became a vampire","damage_taken":0,"max_hp_gain":0,"max_hp_loss":24,"event_name":"Vampires","floor":22,"gold_loss":0,"cards_obtained":["Bite","Bite","Bite","Bite","Bite"]}],"is_beta":false,"boss_relics":[{"not_picked":["Astrolabe","FrozenCore"],"picked":"Empty Cage"}],"items_purged_floors":[28,30],"is_endless":false,"potions_floor_spawned":[5,13,27],"killed_by":"Champ","ascension_level":9}