{"gold_per_floor":[117,117,133,146,63,96,112,112,112,112,112,112,112,147,147,224,224,236,236,236,255,29,29,29,60,60,70,70,84,84,114,114,114],"floor_reached":33,"playtime":989,"items_purged":[],"score":582,"play_id":"15cf96b3-d910-41ef-b113-473a40d08be1","local_time":"20190806005520","is_ascension_mode":true,"campfire_choices":[{"data":"Armaments","floor":8.0,"key":"SMITH"},{"data":"1","floor":10.0,"key":"LIFT"},{"floor":13.0,"key":"REST"},{"data":"2","floor":15.0,"key":"LIFT"},{"floor":23.0,"key":"REST"},{"floor":28,"key":"REST"},{"floor":30,"key":"REST"},{"data":"3","floor":32,"key":"LIFT"}],"neow_cost":"NONE","seed_source_timestamp":204713957426800,"circlet_count":0,"master_deck":["AscendersBane","Strike_R","Strike_R","Strike_R","Defend_R","Defend_R","Defend_R","Defend_R","Bash","Thunderclap","Cleave","Anger","Corruption","Battle Trance","Armaments+1","Pommel Strike","Brutality","Evolve+1","Pommel Strike+1","Sword Boomerang","Uppercut","Spot Weakness","Iron Wave","Power Through","Reckless Charge","Anger","Second Wind","True Grit+1"],"special_seed":0,"relics":["Burning Blood","Girya","Shuriken","Prayer Wheel","Sozu","Medical Kit","Calipers","Kunai","Paper Frog"],"potions_floor_usage":[],"damage_taken":[{"damage":6.0,"enemies":"Cultist","floor":1.0,"turns":3.0},{"damage":11.0,"enemies":"Jaw Worm","floor":3.0,"turns":5.0},{"damage":14.0,"enemies":"Small Slimes","floor":4.0,"turns":4.0},{"damage":45.0,"enemies":"3 Sentries","floor":6.0,"turns":8.0},{"damage":11.0,"enemies":"Exordium Wildlife","floor":7.0,"turns":5.0},{"damage":19.0,"enemies":"Lagavulin","floor":14.0,"turns":6.0},{"damage":15.0,"enemies":"Slime Boss","floor":16.0,"turns":8.0},{"damage":26.0,"enemies":"Shell Parasite","floor":18.0,"turns":3.0},{"damage":20.0,"enemies":"2 Thieves","floor":21.0,"turns":3.0},{"damage":34,"enemies":"Slavers","floor":25,"turns":3},{"damage":15,"enemies":"Snecko","floor":27,"turns":4},{"damage":23,"enemies":"Cultist and Chosen","floor":29,"turns":4},{"damage":1,"enemies":"Gremlin Leader","floor":31,"turns":5},{"damage":66,"enemies":"Collector","floor":33,"turns":6}],"seed_played":"-1067826747718498730","potions_obtained":[{"floor":7.0,"key":"LiquidBronze"}],"is_trial":false,"path_per_floor":["M","T","M","M","$","E","M","R","T","R","?","?","R","E","R","B",null,"M","?","?","M","$","R","?","E","T","M","R","M","R","E","R","B"],"character_chosen":"IRONCLAD","items_purchased":["Corruption","Medical Kit"],"campfire_rested":4,"item_purchase_floors":[5,22],"current_hp_per_floor":[75,75,70,62,62,23,18,18,18,18,18,7,31,18,18,9,64,44,44,44,30,30,54,54,26,26,17,41,24,48,53,53,0],"gold":114,"neow_bonus":"TEN_PERCENT_HP_BONUS","is_prod":false,"is_daily":false,"chose_seed":false,"campfire_upgraded":1,"win_rate":0,"timestamp":1565078120,"path_taken":["M","?","M","M","$","E","M","R","T","R","?","?","R","E","R","BOSS","M","?","?","M","$","R","?","E","T","M","R","M","R","E","R","BOSS"],"build_version":"2019-07-17","purchased_purges":0,"victory":false,"max_hp_per_floor":[82,82,82,82,82,82,82,82,82,82,82,82,82,82,82,82,82,82,82,82,82,82,82,82,82,82,82,82,82,82,82,82,82],"card_choices":[{"not_picked":["Clothesline","Heavy Blade"],"picked":"Thunderclap","floor":1.0},{"not_picked":["Burning Pact","Warcry"],"picked":"Cleave","floor":3.0},{"not_picked":["Evolve","Heavy Blade"],"picked":"Anger","floor":4.0},{"not_picked":["Entrench","Cleave"],"picked":"Battle Trance","floor":6.0},{"not_picked":["Corruption","Battle Trance"],"picked":"Armaments","floor":7.0},{"not_picked":["Intimidate","Dropkick"],"picked":"Pommel Strike","floor":14.0},{"not_picked":["Dark Embrace","Barricade"],"picked":"Brutality","floor":16.0},{"not_picked":["Sentinel","Sever Soul+1"],"picked":"Evolve+1","floor":18.0},{"not_picked":["Second Wind","Body Slam"],"picked":"Pommel Strike+1","floor":18.0},{"not_picked":["Anger","Metallicize"],"picked":"Uppercut","floor":21.0},{"not_picked":["Pommel Strike","Seeing Red","Body Slam"],"picked":"SKIP","floor":21.0},{"not_picked":["Anger","Heavy Blade","Evolve"],"picked":"SKIP","floor":25},{"not_picked":["Sword Boomerang","Seeing Red"],"picked":"Power Through","floor":27},{"not_picked":["True Grit","Thunderclap"],"picked":"Reckless Charge","floor":27},{"not_picked":["Thunderclap","Combust"],"picked":"Anger","floor":29},{"not_picked":["Metallicize","Demon Form"],"picked":"Second Wind","floor":29},{"not_picked":["Heavy Blade","Clothesline"],"picked":"True Grit+1","floor":31}],"player_experience":738681,"relics_obtained":[{"floor":6.0,"key":"Girya"},{"floor":9.0,"key":"Shuriken"},{"floor":14.0,"key":"Prayer Wheel"},{"floor":25,"key":"Calipers"},{"floor":26,"key":"Kunai"},{"floor":31,"key":"Paper Frog"}],"event_choices":[{"damage_healed":0.0,"max_hp_gain":0.0,"max_hp_loss":0.0,"gold_gain":0.0,"event_name":"Liars Game","player_choice":"Ignored","floor":11.0,"gold_loss":0.0,"damage_taken":0.0},{"damage_healed":0.0,"max_hp_gain":0.0,"max_hp_loss":0.0,"gold_gain":0.0,"event_name":"Scrap Ooze","player_choice":"Fled","floor":12.0,"gold_loss":0.0,"damage_taken":11.0},{"damage_healed":0.0,"max_hp_gain":0.0,"max_hp_loss":0.0,"gold_gain":0.0,"event_name":"The Library","player_choice":"Read","floor":19.0,"gold_loss":0.0,"damage_taken":0.0,"cards_obtained":["Sword Boomerang"]},{"damage_healed":0.0,"max_hp_gain":0.0,"max_hp_loss":0.0,"gold_gain":0.0,"event_name":"Ghosts","player_choice":"Ignored","floor":20.0,"gold_loss":0.0,"damage_taken":0.0},{"damage_healed":0,"gold_gain":0,"cards_transformed":["Strike_R","Strike_R"],"player_choice":"Became Test Subject","damage_taken":0,"max_hp_gain":0,"max_hp_loss":0,"event_name":"Drug Dealer","floor":24,"gold_loss":0,"cards_obtained":["Spot Weakness","Iron Wave"]}],"is_beta":false,"boss_relics":[{"not_picked":["Eternal Feather","White Beast Statue"],"picked":"Sozu"}],"items_purged_floors":[],"is_endless":false,"potions_floor_spawned":[7,21,27,29,31],"killed_by":"Collector","ascension_level":20}