{"gold_per_floor":[116,131,143,143,159,159,187,187,240,259,88,88],"floor_reached":12,"playtime":648,"items_purged":["Strike_B"],"score":80,"play_id":"a10512c6-5e2f-4e45-b2e7-74cf89999d1f","local_time":"20190906070728","is_ascension_mode":false,"campfire_choices":[{"data":"Genetic Algorithm","floor":6,"key":"SMITH"}],"neow_cost":"CURSE","seed_source_timestamp":1778645658604100,"circlet_count":0,"master_deck":["Strike_B","Strike_B","Defend_B","Defend_B","Defend_B","Defend_B","Zap","Dualcast","Shame","Gash","Echo Form","Leap","Regret","Genetic Algorithm+1","Conserve Battery","Chill","Gash","Loop"],"relics":["Cracked Core","Gambling Chip","Singing Bowl","PreservedInsect","Lantern"],"potions_floor_usage":[7,7],"damage_taken":[{"damage":0,"enemies":"2 Louse","floor":1,"turns":3},{"damage":0,"enemies":"Small Slimes","floor":2,"turns":3},{"damage":9,"enemies":"Jaw Worm","floor":3,"turns":4},{"damage":15,"enemies":"Exordium Wildlife","floor":5,"turns":4},{"damage":26,"enemies":"3 Sentries","floor":7,"turns":8},{"damage":16,"enemies":"Exordium Thugs","floor":10,"turns":7},{"damage":18,"enemies":"Gremlin Nob","floor":12,"turns":3}],"seed_played":"-5585523357535995694","potions_obtained":[{"floor":2,"key":"LiquidBronze"},{"floor":3,"key":"Dexterity Potion"}],"is_trial":false,"path_per_floor":["M","M","M","?","M","R","E","?","T","M","$","E"],"character_chosen":"DEFECT","items_purchased":["Gash","Loop"],"campfire_rested":0,"item_purchase_floors":[11,11],"current_hp_per_floor":[75,75,66,66,51,51,25,25,25,9,9,0],"gold":88,"neow_bonus":"ONE_RARE_RELIC","is_prod":false,"is_daily":false,"chose_seed":false,"campfire_upgraded":1,"win_rate":0,"timestamp":1567778848,"path_taken":["M","M","M","?","M","R","E","?","T","M","?","E"],"build_version":"2019-07-17","purchased_purges":1,"victory":false,"max_hp_per_floor":[75,75,75,75,75,75,75,75,75,75,75,75],"card_choices":[{"not_picked":["Tempest","Chaos"],"picked":"Gash","floor":1},{"not_picked":["Rebound","Coolheaded"],"picked":"Echo Form","floor":2},{"not_picked":["Static Discharge","Redo"],"picked":"Leap","floor":3},{"not_picked":["Stack","Redo"],"picked":"Genetic Algorithm","floor":5},{"not_picked":["Go for the Eyes","Steam"],"picked":"Conserve Battery","floor":7},{"not_picked":["Skim","Recycle"],"picked":"Chill","floor":10}],"player_experience":122960,"relics_obtained":[{"floor":7,"key":"PreservedInsect"},{"floor":9,"key":"Lantern"}],"event_choices":[{"damage_healed":0,"gold_gain":0,"player_choice":"Box","damage_taken":0,"relics_obtained":["Singing Bowl"],"max_hp_gain":0,"max_hp_loss":0,"event_name":"Big Fish","floor":4,"gold_loss":0,"cards_obtained":["Regret"]},{"cards_removed":["Strike_B"],"damage_healed":0,"gold_gain":0,"player_choice":"Forget","damage_taken":0,"max_hp_gain":0,"max_hp_loss":0,"event_name":"Living Wall","floor":8,"gold_loss":0}],"is_beta":false,"boss_relics":[],"items_purged_floors":[11],"is_endless":false,"potions_floor_spawned":[2,3],"killed_by":"Gremlin Nob","ascension_level":0}