{"gold_per_floor":[110,123,48,65,65,65,80,80,80,4,30,30,361,373,373,468,468,486,504,281,297,15,15,15,32,57,77,77,89,104,119,119,214,214,232,250,100,100,100,100],"floor_reached":40,"playtime":3182,"items_purged":["Defend_G","Flechettes","Riddle With Holes","A Thousand Cuts"],"score":440,"play_id":"1ac9c9ab-b0df-4ac8-ae62-1a0dd09c6ca0","local_time":"20190907164944","is_ascension_mode":false,"campfire_choices":[{"data":"Footwork","floor":6.0,"key":"SMITH"},{"data":"Neutralize","floor":8.0,"key":"SMITH"},{"data":"Footwork","floor":15.0,"key":"SMITH"},{"floor":23.0,"key":"REST"},{"floor":28.0,"key":"REST"},{"data":"Concentrate","floor":32.0,"key":"SMITH"}],"neow_cost":"NONE","seed_source_timestamp":1897302877152000,"circlet_count":0,"master_deck":["Survivor","Neutralize+1","Footwork+1","Dagger Throw","Quick Slash","Well Laid Plans","Footwork+1","Grand Finale+1","Tactician","Setup","Concentrate+1","Phantasmal Killer","Acrobatics+1","Acrobatics","Expertise","Backflip","Dodge and Roll+1","A Thousand Cuts","Panache","Madness","Madness"],"special_seed":0,"relics":["Ring of the Snake","Mango","Old Coin","Pandora\u0027s Box","Tiny Chest","Whetstone","Art of War","Empty Cage"],"potions_floor_usage":[40],"damage_taken":[{"damage":0.0,"enemies":"Cultist","floor":1.0,"turns":4.0},{"damage":0.0,"enemies":"Jaw Worm","floor":2.0,"turns":9.0},{"damage":2.0,"enemies":"Small Slimes","floor":4.0,"turns":6.0},{"damage":0.0,"enemies":"3 Louse","floor":7.0,"turns":5.0},{"damage":1.0,"enemies":"Lagavulin","floor":13.0,"turns":13.0},{"damage":0.0,"enemies":"Large Slime","floor":14.0,"turns":6.0},{"damage":25.0,"enemies":"Slime Boss","floor":16.0,"turns":23.0},{"damage":8.0,"enemies":"Chosen","floor":18.0,"turns":8.0},{"damage":19.0,"enemies":"3 Byrds","floor":19.0,"turns":3.0},{"damage":24.0,"enemies":"Snake Plant","floor":21.0,"turns":5.0},{"damage":5.0,"enemies":"3 Cultists","floor":25.0,"turns":3.0},{"damage":14.0,"enemies":"Cultist and Chosen","floor":27.0,"turns":7.0},{"damage":0.0,"enemies":"Centurion and Healer","floor":29.0,"turns":4.0},{"damage":0.0,"enemies":"3 Cultists","floor":30.0,"turns":2.0},{"damage":1.0,"enemies":"Chosen and Byrds","floor":31.0,"turns":7.0},{"damage":13.0,"enemies":"Collector","floor":33.0,"turns":5.0},{"damage":9.0,"enemies":"Orb Walker","floor":35.0,"turns":4.0},{"damage":6.0,"enemies":"3 Darklings","floor":36.0,"turns":3.0},{"damage":91,"enemies":"Reptomancer","floor":40,"turns":3}],"seed_played":"-7437999632360651739","potions_obtained":[{"floor":2.0,"key":"FairyPotion"},{"floor":16.0,"key":"GamblersBrew"},{"floor":21.0,"key":"LiquidBronze"},{"floor":25.0,"key":"SpeedPotion"},{"floor":33.0,"key":"Explosive Potion"}],"is_trial":false,"path_per_floor":["M","M","$","M","?","R","M","R","T","$","T","$","E","M","R","B",null,"M","M","$","M","$","R","?","M","T","M","R","M","M","M","R","B",null,"M","M","$","?","?","E"],"character_chosen":"THE_SILENT","items_purchased":["Well Laid Plans","Tiny Chest","Whetstone"],"campfire_rested":2,"item_purchase_floors":[10,20,22],"current_hp_per_floor":[70,70,70,68,70,70,70,70,84,84,84,84,83,83,83,58,84,76,57,57,33,33,58,42,37,37,23,49,49,49,48,48,35,89,80,74,74,74,63,0],"gold":100,"neow_bonus":"TRANSFORM_CARD","is_prod":false,"is_daily":false,"chose_seed":false,"campfire_upgraded":4,"win_rate":0,"timestamp":1567900184,"path_taken":["M","M","?","M","?","R","?","R","T","$","?","?","E","M","R","BOSS","M","M","$","M","$","R","?","M","T","M","R","M","M","M","R","BOSS","M","M","$","?","?","E"],"build_version":"2019-07-17","purchased_purges":4,"victory":false,"max_hp_per_floor":[70,70,70,70,70,70,70,70,84,84,84,84,84,84,84,84,84,84,84,84,84,84,84,89,89,89,89,89,89,89,89,89,89,89,89,89,89,89,89,89],"card_choices":[{"not_picked":["Bane","Deflect"],"picked":"Dodge and Roll","floor":1.0},{"not_picked":["Bouncing Flask","Setup"],"picked":"Dagger Throw","floor":2.0},{"not_picked":["Distraction","Deadly Poison","Venomology"],"picked":"SKIP","floor":4.0},{"not_picked":["Backstab","Deadly Poison"],"picked":"Quick Slash","floor":7.0},{"not_picked":["Dagger Throw","All Out Attack"],"picked":"Footwork","floor":13.0},{"not_picked":["Catalyst","Distraction","Underhanded Strike"],"picked":"SKIP","floor":14.0},{"not_picked":["Night Terror","Unload"],"picked":"Grand Finale","floor":16.0},{"not_picked":["Dagger Throw","Quick Slash"],"picked":"Acrobatics+1","floor":18.0},{"not_picked":["Underhanded Strike","Deflect"],"picked":"Acrobatics","floor":19.0},{"not_picked":["Acrobatics","Venomology"],"picked":"Expertise","floor":21.0},{"not_picked":["Concentrate","Distraction"],"picked":"Backflip","floor":25.0},{"not_picked":["Slice+1","Bouncing Flask+1","Deadly Poison"],"picked":"SKIP","floor":27.0},{"not_picked":["Infinite Blades+1","Flechettes+1","Poisoned Stab"],"picked":"SKIP","floor":29.0},{"not_picked":["Outmaneuver+1","Dagger Throw+1"],"picked":"Dodge and Roll+1","floor":30.0},{"not_picked":["Underhanded Strike","Concentrate","Dagger Throw"],"picked":"SKIP","floor":31.0},{"not_picked":["Burst","Bullet Time"],"picked":"A Thousand Cuts","floor":33.0},{"not_picked":["Bane","Dodge and Roll","Bouncing Flask+1"],"picked":"SKIP","floor":35.0},{"not_picked":["Dodge and Roll+1","Footwork","Quick Slash+1"],"picked":"SKIP","floor":36.0},{"not_picked":["Jack Of All Trades","Deep Breath"],"picked":"Panache","floor":38.0}],"player_experience":152348,"relics_obtained":[{"floor":9.0,"key":"Mango"},{"floor":13.0,"key":"Old Coin"},{"floor":26.0,"key":"Art of War"}],"event_choices":[{"damage_healed":2.0,"max_hp_gain":0.0,"max_hp_loss":0.0,"gold_gain":0.0,"event_name":"Wheel of Change","player_choice":"Full Heal","floor":5.0,"gold_loss":0.0,"damage_taken":0.0},{"damage_healed":0.0,"max_hp_gain":5.0,"max_hp_loss":0.0,"gold_gain":0.0,"event_name":"Forgotten Altar","player_choice":"Shed Blood","floor":24.0,"gold_loss":0.0,"damage_taken":21.0},{"damage_healed":0.0,"max_hp_gain":0.0,"max_hp_loss":0.0,"gold_gain":0.0,"event_name":"SensoryStone","player_choice":"Memory 1","floor":38.0,"gold_loss":0.0,"damage_taken":0.0},{"damage_healed":0.0,"max_hp_gain":0.0,"max_hp_loss":0.0,"gold_gain":0.0,"event_name":"Winding Halls","player_choice":"Embrace Madness","floor":39.0,"gold_loss":0.0,"damage_taken":11.0,"cards_obtained":["Madness","Madness"]}],"is_beta":false,"boss_relics":[{"not_picked":["Fusion Hammer","Calling Bell"],"picked":"Pandora\u0027s Box"},{"not_picked":["White Beast Statue","Velvet Choker"],"picked":"Empty Cage"}],"items_purged_floors":[3,20,22,37],"is_endless":false,"potions_floor_spawned":[2,16,21,25,27,29,33],"killed_by":"Reptomancer","ascension_level":0}