{"gold_per_floor":[117,133,145,161,175,175,186,196,196,196,196,208,84,34,34,138,138,152,127,144,154,9,9,19,19,19,29,29],"floor_reached":28,"playtime":3392,"items_purged":["Strike_B"],"score":218,"play_id":"8051ca92-0395-4167-9409-362e0bcac1ee","local_time":"20190904225452","is_ascension_mode":false,"campfire_choices":[{"data":"Defragment","floor":6,"key":"SMITH"},{"data":"Consume","floor":11,"key":"SMITH"},{"data":"Defragment","floor":15,"key":"SMITH"},{"data":"Rainbow","floor":23,"key":"SMITH"}],"neow_cost":"NONE","seed_source_timestamp":0,"circlet_count":0,"master_deck":["Strike_B","Strike_B","Defend_B","Defend_B","Defend_B","Defend_B","Zap","Dualcast","Core Surge","Glacier","Conserve Battery","Consume+1","Defragment+1","Cold Snap","Steam","Leap","Defragment+1","Leap","Rainbow+1","Cold Snap+1","Rebound+1","Compile Driver","Good Instincts","Leap","Decay","Capacitor"],"special_seed":0,"relics":["FrozenCore"],"potions_floor_usage":[20,20,21,21,24],"damage_taken":[{"damage":0.0,"enemies":"Small Slimes","floor":1.0,"turns":2.0},{"damage":0.0,"enemies":"Jaw Worm","floor":2.0,"turns":4.0},{"damage":0,"enemies":"2 Louse","floor":3,"turns":1},{"damage":4,"enemies":"2 Fungi Beasts","floor":4,"turns":4},{"damage":7,"enemies":"Exordium Thugs","floor":5,"turns":6},{"damage":7,"enemies":"Large Slime","floor":7,"turns":3},{"damage":4,"enemies":"Red Slaver","floor":8,"turns":4},{"damage":1,"enemies":"Exordium Wildlife","floor":12,"turns":6},{"damage":14,"enemies":"Slime Boss","floor":16,"turns":28},{"damage":3,"enemies":"Chosen","floor":18,"turns":8},{"damage":28,"enemies":"2 Thieves","floor":19,"turns":5},{"damage":12,"enemies":"Centurion and Healer","floor":20,"turns":7},{"damage":9,"enemies":"Snake Plant","floor":21,"turns":5},{"damage":6,"enemies":"3 Cultists","floor":24,"turns":5},{"damage":0,"enemies":"Snecko","floor":27,"turns":6},{"damage":33,"enemies":"Cultist and Chosen","floor":28,"turns":6}],"seed_played":"-3826440324010035983","potions_obtained":[{"floor":1.0,"key":"Ancient Potion"},{"floor":2.0,"key":"Poison Potion"},{"floor":8,"key":"Poison Potion"},{"floor":16,"key":"Regen Potion"},{"floor":20,"key":"Poison Potion"},{"floor":21,"key":"LiquidBronze"}],"is_trial":false,"path_per_floor":["M","M","M","M","M","R","M","M","T","?","R","M","$","?","R","B",null,"M","M","M","M","$","R","M","?","T","M","M"],"character_chosen":"DEFECT","items_purchased":["Leap","PowerPotion","Good Instincts"],"campfire_rested":0,"item_purchase_floors":[13,22,22],"current_hp_per_floor":[75,75,75,71,64,64,57,53,53,53,53,52,52,52,52,38,75,72,44,32,37,37,37,31,31,31,31,0],"gold":29,"neow_bonus":"ONE_RANDOM_RARE_CARD","is_prod":false,"is_daily":false,"chose_seed":false,"campfire_upgraded":4,"win_rate":0,"timestamp":1567655692,"path_taken":["M","M","M","M","M","R","M","M","T","?","R","M","$","?","R","BOSS","M","M","M","M","$","R","M","?","T","M","M"],"build_version":"2019-07-17","purchased_purges":1,"victory":false,"max_hp_per_floor":[75,75,75,75,75,75,75,75,75,75,75,75,75,75,75,75,75,75,75,75,75,75,75,75,75,75,75,75],"card_choices":[{"not_picked":["Aggregate","Turbo"],"picked":"Glacier","floor":1.0},{"not_picked":["Rebound","Turbo"],"picked":"Conserve Battery","floor":2.0},{"not_picked":["Self Repair","Sweeping Beam"],"picked":"Consume","floor":3},{"not_picked":["Coolheaded","Skim"],"picked":"Defragment","floor":4},{"not_picked":["Compile Driver","Hyperbeam"],"picked":"Cold Snap","floor":5},{"not_picked":["Turbo","Barrage"],"picked":"Steam","floor":7},{"not_picked":["Tempest","Conserve Battery"],"picked":"Leap","floor":8},{"not_picked":["Static Discharge","Aggregate"],"picked":"Defragment","floor":12},{"not_picked":["Machine Learning","Meteor Strike"],"picked":"Rainbow","floor":16},{"not_picked":["Reinforced Body","Gash"],"picked":"Cold Snap+1","floor":18},{"not_picked":["Hologram+1","Aggregate"],"picked":"Rebound+1","floor":19},{"not_picked":["Reprogram","Gash","Tempest"],"picked":"SKIP","floor":20},{"not_picked":["Streamline","Steam"],"picked":"Compile Driver","floor":21},{"not_picked":["Fission","Compile Driver"],"picked":"Leap","floor":24},{"not_picked":["Stack+1","Ball Lightning"],"picked":"Capacitor","floor":27}],"player_experience":414651,"relics_obtained":[],"event_choices":[{"damage_healed":0,"gold_gain":0,"player_choice":"Searched \u00270\u0027 times","damage_taken":0,"max_hp_gain":0,"max_hp_loss":0,"event_name":"Dead Adventurer","floor":10,"gold_loss":0},{"cards_removed":["Strike_B"],"damage_healed":0,"gold_gain":0,"player_choice":"Card Removal","damage_taken":0,"max_hp_gain":0,"max_hp_loss":0,"event_name":"The Cleric","floor":14,"gold_loss":50},{"damage_healed":0,"gold_gain":0,"player_choice":"Smashed Altar","damage_taken":0,"max_hp_gain":0,"max_hp_loss":0,"event_name":"Forgotten Altar","floor":25,"gold_loss":0,"cards_obtained":["Decay"]}],"is_beta":false,"boss_relics":[{"not_picked":["Inserter","Ectoplasm"],"picked":"FrozenCore"}],"items_purged_floors":[13],"is_endless":false,"potions_floor_spawned":[1,2,8,16,18,20,21],"killed_by":"Cultist and Chosen","ascension_level":0}