{"gold_per_floor":[117,267,285,285,285,7,7,18,42,54,97,127,165,177],"floor_reached":14,"playtime":307,"items_purged":[],"score":196,"play_id":"70b8ed23-ca26-4138-8a13-26db2e42e7c2","local_time":"20190711012811","is_ascension_mode":true,"campfire_choices":[{"data":"Sword Boomerang","floor":7.0,"key":"SMITH"}],"neow_cost":"NONE","seed_source_timestamp":106569685886400,"circlet_count":0,"master_deck":["AscendersBane","Strike_R","Strike_R","Strike_R","Strike_R","Strike_R+1","Defend_R","Defend_R+1","Defend_R","Defend_R","Bash+1","Sword Boomerang+1","Pommel Strike","Cleave","Pommel Strike"],"special_seed":0,"relics":["Burning Blood","Omamori","Kunai","MawBank","Pantograph","Blood Vial"],"potions_floor_usage":[],"damage_taken":[{"damage":2.0,"enemies":"Cultist","floor":1.0,"turns":4.0},{"damage":5.0,"enemies":"2 Louse","floor":3.0,"turns":3.0},{"damage":3.0,"enemies":"Small Slimes","floor":8.0,"turns":3.0},{"damage":24.0,"enemies":"3 Sentries","floor":11.0,"turns":6.0},{"damage":16.0,"enemies":"Exordium Thugs","floor":12.0,"turns":4.0},{"damage":27.0,"enemies":"Lagavulin","floor":13.0,"turns":6.0},{"damage":11,"enemies":"Gremlin Gang","floor":14,"turns":2}],"seed_played":"1698218552827673930","potions_obtained":[{"floor":1.0,"key":"Ancient Potion"},{"floor":3.0,"key":"SteroidPotion"},{"floor":12.0,"key":"FearPotion"}],"is_trial":false,"path_per_floor":["M","?","M","?","?","$","R","M","T","?","E","M","E","M"],"character_chosen":"IRONCLAD","items_purchased":["Kunai"],"campfire_rested":0,"item_purchase_floors":[6],"current_hp_per_floor":[72,72,73,50,50,50,50,53,53,58,40,30,9,0],"gold":177,"neow_bonus":"RANDOM_COMMON_RELIC","is_prod":false,"is_daily":false,"chose_seed":false,"campfire_upgraded":1,"win_rate":0,"timestamp":1562833691,"path_taken":["M","?","M","?","?","$","R","M","T","?","E","M","E","M"],"build_version":"2019-07-05","purchased_purges":0,"victory":false,"max_hp_per_floor":[75,75,75,75,75,75,75,75,75,80,80,80,80,80],"card_choices":[{"not_picked":["Burning Pact","Clash"],"picked":"Sword Boomerang","floor":1.0},{"not_picked":["Blood for Blood","Reckless Charge"],"picked":"Pommel Strike","floor":3.0},{"not_picked":["Searing Blow","Rampage"],"picked":"Cleave","floor":8.0},{"not_picked":["Burning Pact","Body Slam"],"picked":"Pommel Strike","floor":11.0},{"not_picked":["Flex","Perfected Strike","Twin Strike"],"picked":"SKIP","floor":12.0},{"not_picked":["Intimidate","Heavy Blade","Perfected Strike"],"picked":"SKIP","floor":13.0}],"player_experience":652765,"relics_obtained":[{"floor":9.0,"key":"MawBank"},{"floor":11.0,"key":"Pantograph"},{"floor":13.0,"key":"Blood Vial"}],"event_choices":[{"damage_healed":0.0,"max_hp_gain":0.0,"max_hp_loss":0.0,"gold_gain":150.0,"event_name":"Liars Game","player_choice":"AGREE","floor":2.0,"gold_loss":0.0,"damage_taken":0.0,"cards_obtained":["Doubt"]},{"damage_healed":0.0,"max_hp_gain":0.0,"max_hp_loss":0.0,"gold_gain":0.0,"event_name":"Shining Light","player_choice":"Entered Light","floor":4.0,"gold_loss":0.0,"damage_taken":23.0,"cards_upgraded":["Defend_R","Strike_R"]},{"damage_healed":0.0,"max_hp_gain":0.0,"max_hp_loss":0.0,"gold_gain":0.0,"event_name":"Living Wall","player_choice":"Grow","floor":5.0,"gold_loss":0.0,"damage_taken":0.0,"cards_upgraded":["Bash"]},{"damage_healed":0.0,"max_hp_gain":5.0,"max_hp_loss":0.0,"gold_gain":0.0,"event_name":"Big Fish","player_choice":"Donut","floor":10.0,"gold_loss":0.0,"damage_taken":0.0}],"is_beta":false,"boss_relics":[],"items_purged_floors":[],"is_endless":false,"potions_floor_spawned":[1,3,12],"killed_by":"Gremlin Gang","ascension_level":20}