{"gold_per_floor":[110,126,136,151,76,76,4,36,36,36,111,111,23,41,41,141,191],"floor_reached":17,"playtime":1152,"items_purged":["Strike_B"],"score":155,"play_id":"b378d3fb-0356-4911-b8f9-96dc9e16c33d","local_time":"20190906072717","is_ascension_mode":false,"campfire_choices":[{"data":"Barrage","floor":6,"key":"SMITH"},{"data":"Strike_B","floor":10,"key":"PURGE"},{"floor":12,"key":"REST"},{"data":"Strike_B","floor":15,"key":"PURGE"}],"neow_cost":"NONE","seed_source_timestamp":1779330704309500,"circlet_count":0,"master_deck":["Strike_B","Defend_B","Defend_B","Defend_B+1","Defend_B","Zap","Dualcast","Hologram","Barrage+1","Redo","Leap","Core Surge","Melter","Bandage Up","BootSequence","Hyperbeam","Genetic Algorithm"],"relics":["Cracked Core","Peace Pipe","Kunai","Tiny House"],"potions_floor_usage":[4,16,16],"damage_taken":[{"damage":1,"enemies":"Cultist","floor":1,"turns":3},{"damage":10,"enemies":"Small Slimes","floor":2,"turns":3},{"damage":3,"enemies":"Jaw Worm","floor":3,"turns":3},{"damage":4,"enemies":"Gremlin Gang","floor":4,"turns":4},{"damage":39,"enemies":"Gremlin Nob","floor":8,"turns":5},{"damage":4,"enemies":"2 Fungi Beasts","floor":14,"turns":3},{"damage":18,"enemies":"The Guardian","floor":16,"turns":12}],"seed_played":"-8802870275674302827","potions_obtained":[{"floor":3,"key":"Energy Potion"},{"floor":8,"key":"FearPotion"},{"floor":14,"key":"PowerPotion"},{"floor":16,"key":"SkillPotion"},{"floor":17,"key":"Fire Potion"}],"is_trial":false,"path_per_floor":["M","M","M","M","$","R","$","E","T","R","?","R","$","M","R","B",null],"character_chosen":"DEFECT","items_purchased":["Core Surge","Bandage Up"],"campfire_rested":1,"item_purchase_floors":[7,13],"current_hp_per_floor":[81,71,68,64,64,64,64,25,25,25,14,38,38,38,38,24,29],"gold":191,"neow_bonus":"TEN_PERCENT_HP_BONUS","is_prod":false,"is_daily":false,"chose_seed":false,"campfire_upgraded":1,"win_rate":0,"timestamp":1567780037,"path_taken":["M","M","M","M","$","R","?","E","T","R","?","R","?","?","R","BOSS"],"build_version":"2019-07-17","purchased_purges":1,"victory":false,"max_hp_per_floor":[82,82,82,82,82,82,82,82,82,82,82,82,82,82,82,82,87],"card_choices":[{"not_picked":["Compile Driver","Turbo"],"picked":"Hologram","floor":1},{"not_picked":["Steam","Go for the Eyes"],"picked":"Barrage","floor":2},{"not_picked":["Compile Driver","Reinforced Body"],"picked":"Redo","floor":3},{"not_picked":["Turbo","Streamline"],"picked":"Leap","floor":4},{"not_picked":["Compile Driver","All For One"],"picked":"Melter","floor":8},{"not_picked":["Stack","Conserve Battery"],"picked":"BootSequence","floor":14},{"not_picked":["Fission","Multi-Cast"],"picked":"Hyperbeam","floor":16},{"not_picked":["Sweeping Beam","Ball Lightning"],"picked":"Genetic Algorithm","floor":17}],"player_experience":123608,"relics_obtained":[{"floor":8,"key":"Peace Pipe"},{"floor":9,"key":"Kunai"}],"event_choices":[{"damage_healed":0,"gold_gain":75,"player_choice":"Gather Gold","damage_taken":11,"max_hp_gain":0,"max_hp_loss":0,"event_name":"World of Goop","floor":11,"gold_loss":0}],"is_beta":false,"boss_relics":[{"not_picked":["Busted Crown","Coffee Dripper"],"picked":"Tiny House"}],"items_purged_floors":[5],"is_endless":false,"potions_floor_spawned":[3,8,14,16],"ascension_level":0}