{"gold_per_floor":[111,122,136,211,13,48,10,10,10,24,85,100,117,117,117,117],"floor_reached":16,"playtime":372,"items_purged":[],"score":179,"play_id":"8867897a-6183-42ea-8cd5-843d7ebed3af","local_time":"20181217191245","is_ascension_mode":true,"campfire_choices":[{"floor":8,"key":"REST"},{"floor":15,"key":"REST"}],"neow_cost":"NONE","seed_source_timestamp":215089208494100,"circlet_count":0,"master_deck":["AscendersBane","Strike_R","Strike_R","Strike_R","Strike_R","Strike_R","Defend_R","Defend_R","Defend_R","Defend_R","Bash","Clash","Clash","Headbutt","Limit Break","Feed","Limit Break","Cleave"],"relics":["Burning Blood","NeowsBlessing","Membership Card","Peace Pipe","Shovel","Tiny Chest","Unceasing Top"],"potions_floor_usage":[6,11,16,16],"damage_taken":[{"damage":0,"enemies":"Cultist","floor":1,"turns":1},{"damage":0,"enemies":"Jaw Worm","floor":2,"turns":1},{"damage":0,"enemies":"Small Slimes","floor":3,"turns":1},{"damage":30,"enemies":"Gremlin Nob","floor":6,"turns":4},{"damage":18,"enemies":"Exordium Wildlife","floor":10,"turns":4},{"damage":45,"enemies":"3 Sentries","floor":11,"turns":10},{"damage":13,"enemies":"Blue Slaver","floor":12,"turns":2},{"damage":22,"enemies":"Exordium Thugs","floor":13,"turns":5},{"damage":44,"enemies":"The Guardian","floor":16,"turns":4}],"seed_played":"-7785800721588222140","potions_obtained":[{"floor":1,"key":"Regen Potion"},{"floor":2,"key":"Fire Potion"},{"floor":10,"key":"AttackPotion"},{"floor":11,"key":"PowerPotion"}],"is_trial":false,"path_per_floor":["M","M","M","?","$","E","$","R","T","M","E","M","M","T","R","B"],"character_chosen":"IRONCLAD","items_purchased":["Membership Card","Limit Break"],"campfire_rested":2,"item_purchase_floors":[5,7],"current_hp_per_floor":[78,80,80,69,69,45,45,69,69,57,36,32,16,16,41,0],"gold":117,"neow_bonus":"THREE_ENEMY_KILL","is_prod":false,"is_daily":false,"chose_seed":false,"campfire_upgraded":0,"win_rate":0,"timestamp":1545102765,"path_taken":["M","?","M","?","$","E","$","R","T","M","E","M","M","?","R","BOSS"],"build_version":"2018-12-13","purchased_purges":0,"victory":false,"max_hp_per_floor":[80,80,80,80,80,80,80,80,80,80,83,86,86,86,86,86],"card_choices":[{"not_picked":["Pommel Strike","Thunderclap"],"picked":"Clash","floor":1},{"not_picked":["Sword Boomerang","Power Through","True Grit"],"picked":"SKIP","floor":2},{"not_picked":["Fire Breathing","Perfected Strike"],"picked":"Clash","floor":3},{"not_picked":["Twin Strike","Rage"],"picked":"Headbutt","floor":6},{"not_picked":["Sever Soul","Rupture"],"picked":"Feed","floor":10},{"not_picked":["True Grit","Battle Trance"],"picked":"Limit Break","floor":11},{"not_picked":["Sever Soul","Body Slam"],"picked":"Cleave","floor":12},{"not_picked":["Anger","Searing Blow","Perfected Strike"],"picked":"SKIP","floor":13}],"player_experience":122408,"relics_obtained":[{"floor":6,"key":"Peace Pipe"},{"floor":9,"key":"Shovel"},{"floor":11,"key":"Tiny Chest"},{"floor":14,"key":"Unceasing Top"}],"event_choices":[{"damage_healed":0,"gold_gain":75,"player_choice":"Gather Gold","damage_taken":11,"max_hp_gain":0,"max_hp_loss":0,"event_name":"World of Goop","floor":4,"gold_loss":0}],"is_beta":false,"boss_relics":[],"items_purged_floors":[],"is_endless":false,"potions_floor_spawned":[1,2,10,11,12],"killed_by":"The Guardian","ascension_level":12}