{"gold_per_floor":[116,130,19,37,53,53,63,63,89,104,117,134,150,26,26,129,129,142,40,40,139,14,44,44,55,82,82,82,82,82,113,113,212,212,222,232,1,13,13],"floor_reached":39,"playtime":3786,"items_purged":["Strike_G","Strike_G","Strike_G","Defend_G"],"score":463,"play_id":"51187e56-b3fb-4249-99e6-6bd6746473e8","local_time":"20190831105304","is_ascension_mode":false,"campfire_choices":[{"data":"Noxious Fumes","floor":6,"key":"SMITH"},{"data":"Noxious Fumes","floor":8,"key":"SMITH"},{"data":"Crippling Poison","floor":15,"key":"SMITH"},{"data":"Well Laid Plans","floor":27,"key":"SMITH"},{"data":"Distraction","floor":32,"key":"SMITH"}],"neow_cost":"NONE","seed_source_timestamp":1270637033433700,"circlet_count":0,"master_deck":["Defend_G","Defend_G","Defend_G","Defend_G","Survivor","Neutralize","Dagger Spray","Well Laid Plans+1","Noxious Fumes+1","All Out Attack","Noxious Fumes+1","Outmaneuver","Blur","Dagger Spray","Crippling Poison+1","Footwork","Backflip","Tools of the Trade","Crippling Poison+1","Crippling Poison","Footwork","Bite","Bite","Bite","Bite","Bite","Poisoned Stab","J.A.X.","Distraction+1","After Image","Regret","Dagger Spray+1","Flechettes+1","Noxious Fumes","Dodge and Roll+1"],"relics":["Ring of the Snake","NeowsBlessing","Bag of Marbles","Coffee Dripper","Dream Catcher","Bronze Scales","Meat on the Bone","Omamori","Calling Bell","Pen Nib","Ornamental Fan","Nunchaku"],"potions_floor_usage":[16,23,33,33,33,35],"damage_taken":[{"damage":0,"enemies":"Cultist","floor":1,"turns":1},{"damage":0,"enemies":"Jaw Worm","floor":2,"turns":1},{"damage":0,"enemies":"Small Slimes","floor":4,"turns":1},{"damage":2,"enemies":"2 Fungi Beasts","floor":5,"turns":3},{"damage":6,"enemies":"Large Slime","floor":7,"turns":5},{"damage":0,"enemies":"Looter","floor":10,"turns":4},{"damage":0,"enemies":"Blue Slaver","floor":11,"turns":4},{"damage":9,"enemies":"3 Louse","floor":12,"turns":3},{"damage":7,"enemies":"Looter","floor":13,"turns":4},{"damage":7,"enemies":"Hexaghost","floor":16,"turns":10},{"damage":6,"enemies":"3 Byrds","floor":18,"turns":4},{"damage":19,"enemies":"Slavers","floor":23,"turns":6},{"damage":6,"enemies":"Spheric Guardian","floor":25,"turns":7},{"damage":16,"enemies":"Gremlin Leader","floor":31,"turns":5},{"damage":52,"enemies":"Collector","floor":33,"turns":8},{"damage":5,"enemies":"3 Shapes","floor":35,"turns":4},{"damage":17,"enemies":"Orb Walker","floor":36,"turns":5},{"damage":34,"enemies":"4 Shapes","floor":38,"turns":5},{"damage":0,"enemies":"4 Shapes","floor":39,"turns":1}],"seed_played":"-3205791777880708070","potions_obtained":[{"floor":4,"key":"Fire Potion"},{"floor":5,"key":"Swift Potion"},{"floor":7,"key":"Strength Potion"},{"floor":16,"key":"Dexterity Potion"},{"floor":23,"key":"EntropicBrew"},{"floor":35,"key":"Fruit Juice"},{"floor":36,"key":"FearPotion"}],"is_trial":false,"path_per_floor":["M","M","$","M","M","R","M","R","T","M","M","M","M","$","R","B",null,"M","$","$","?","$","E","?","M","T","R","?","T","$","E","R","B",null,"M","M","$","M","?"],"character_chosen":"THE_SILENT","items_purchased":["Noxious Fumes","Backflip","Crippling Poison","Footwork","Noxious Fumes"],"campfire_rested":0,"item_purchase_floors":[3,14,19,19,37],"current_hp_per_floor":[70,70,70,70,68,68,62,62,62,62,62,53,46,46,46,39,70,64,64,64,64,64,45,45,48,48,48,48,48,48,42,42,18,49,51,38,38,20,20],"gold":13,"neow_bonus":"THREE_ENEMY_KILL","is_prod":false,"is_daily":false,"chose_seed":false,"campfire_upgraded":5,"win_rate":0.0,"timestamp":1567273984,"path_taken":["M","M","$","M","?","R","M","R","T","?","M","M","M","?","R","BOSS","M","?","$","?","$","E","?","M","T","R","?","?","?","E","R","BOSS","M","M","$","M","?"],"build_version":"2019-07-17","purchased_purges":4,"victory":false,"max_hp_per_floor":[70,70,70,70,70,70,70,70,70,70,70,70,70,70,70,70,70,70,70,70,70,70,70,49,49,49,49,49,49,49,49,49,49,49,54,54,54,54,54],"card_choices":[{"not_picked":["Outmaneuver","PiercingWail"],"picked":"Dagger Spray","floor":1},{"not_picked":["Riddle With Holes","PiercingWail"],"picked":"Well Laid Plans","floor":2},{"not_picked":["Predator","Dodge and Roll"],"picked":"All Out Attack","floor":4},{"not_picked":["Distraction","Flying Knee"],"picked":"Noxious Fumes","floor":5},{"not_picked":["Dash","Blade Dance"],"picked":"Outmaneuver","floor":7},{"not_picked":["Deflect","Deadly Poison"],"picked":"Blur","floor":10},{"not_picked":["Prepared","Masterful Stab"],"picked":"Dagger Spray","floor":11},{"not_picked":["Eviscerate","Slice"],"picked":"Crippling Poison","floor":12},{"not_picked":["Phantasmal Killer","Slice"],"picked":"Footwork","floor":13},{"not_picked":["Die Die Die","Adrenaline"],"picked":"Tools of the Trade","floor":16},{"not_picked":["Blade Dance","Dagger Spray"],"picked":"Crippling Poison+1","floor":18},{"not_picked":["Heel Hook+1","PiercingWail","Acrobatics"],"picked":"SKIP","floor":23},{"not_picked":["Quick Slash","Finisher"],"picked":"Poisoned Stab","floor":25},{"not_picked":["Expertise","Choke"],"picked":"Distraction","floor":31},{"not_picked":["Glass Knife","Unload"],"picked":"After Image","floor":33},{"not_picked":["Underhanded Strike+1","Prepared"],"picked":"Dagger Spray+1","floor":35},{"not_picked":["Acrobatics","Prepared"],"picked":"Flechettes+1","floor":36},{"not_picked":["Underhanded Strike","PiercingWail+1"],"picked":"Dodge and Roll+1","floor":38}],"player_experience":35326,"relics_obtained":[{"floor":9,"key":"Bag of Marbles"},{"floor":23,"key":"Dream Catcher"},{"floor":26,"key":"Bronze Scales"},{"floor":29,"key":"Meat on the Bone"},{"floor":31,"key":"Omamori"},{"floor":34,"key":"Pen Nib"},{"floor":34,"key":"Ornamental Fan"},{"floor":34,"key":"Nunchaku"}],"event_choices":[{"damage_healed":0,"gold_gain":99,"player_choice":"Stole From Cult","damage_taken":0,"max_hp_gain":0,"max_hp_loss":0,"event_name":"Nest","floor":21,"gold_loss":0},{"damage_healed":0,"gold_gain":0,"player_choice":"Became a vampire","damage_taken":0,"max_hp_gain":0,"max_hp_loss":21,"event_name":"Vampires","floor":24,"gold_loss":0,"cards_obtained":["Bite","Bite","Bite","Bite","Bite"]},{"damage_healed":0,"gold_gain":0,"player_choice":"Obtain J.A.X.","damage_taken":0,"max_hp_gain":0,"max_hp_loss":0,"event_name":"Drug Dealer","floor":28,"gold_loss":0,"cards_obtained":["J.A.X."]}],"is_beta":false,"boss_relics":[{"not_picked":["White Beast Statue","Snecko Eye"],"picked":"Coffee Dripper"},{"not_picked":["Philosopher\u0027s Stone","Runic Pyramid"],"picked":"Calling Bell"}],"items_purged_floors":[3,14,22,37],"is_endless":false,"potions_floor_spawned":[4,5,7,10,13,16,23,31,35,36],"killed_by":"4 Shapes","ascension_level":0}