{"gold_per_floor":[110,35,35,35,50,82,82,107,107,107,107,107,60,78,78,201,201,214,87,100,0,0,33,33,67,67,67,67,166,186,200,200,301,301,319,319,49,63,63,76,76,93,116,136,153,184,184,210,210,210],"floor_reached":51,"playtime":3460,"items_purged":["Strike_R","Strike_R"],"score":751,"play_id":"b37108c4-57dc-403e-8cbb-7d5d9a0609c9","local_time":"20181217155400","is_ascension_mode":false,"campfire_choices":[{"data":"Inflame","floor":7,"key":"SMITH"},{"data":"Warcry","floor":10,"key":"SMITH"},{"floor":12,"key":"REST"},{"data":"Heavy Blade","floor":15,"key":"SMITH"},{"data":"Whirlwind","floor":24,"key":"SMITH"},{"floor":32,"key":"REST"},{"data":"Inflame","floor":49,"key":"SMITH"}],"neow_cost":"NONE","seed_source_timestamp":200051257701300,"circlet_count":0,"master_deck":["Strike_R+1","Strike_R","Defend_R","Defend_R","Defend_R","Defend_R+1","Bash","Clash","Inflame+1","Heavy Blade+1","Warcry+1","Cleave","Sword Boomerang","Reaper","Cleave","Twin Strike","Whirlwind+1","Seeing Red","Seeing Red+1","Writhe","Flex+1","Double Tap","Inflame+1","Shrug It Off","Armaments+1","Uppercut","Blind"],"relics":["Burning Blood","Magic Flower","Art of War","Juzu Bracelet","Pocketwatch","Bloody Idol","Black Star","Blood Vial","Thread and Needle","Pantograph","Pen Nib","Letter Opener","Question Card","Strawberry","Philosopher\u0027s Stone","Sling","Orichalcum","The Courier","Pear","Vajra","PreservedInsect"],"potions_floor_usage":[23,23,33,33,40,46,50,50],"damage_taken":[{"damage":1,"enemies":"2 Louse","floor":1,"turns":3},{"damage":5,"enemies":"Small Slimes","floor":5,"turns":3},{"damage":14,"enemies":"Gremlin Nob","floor":6,"turns":4},{"damage":31,"enemies":"3 Sentries","floor":8,"turns":7},{"damage":0,"enemies":"Jaw Worm","floor":14,"turns":3},{"damage":3,"enemies":"Slime Boss","floor":16,"turns":7},{"damage":45,"enemies":"3 Byrds","floor":18,"turns":6},{"damage":5,"enemies":"Chosen","floor":20,"turns":4},{"damage":41,"enemies":"Slavers","floor":23,"turns":4},{"damage":39,"enemies":"Book of Stabbing","floor":25,"turns":6},{"damage":4,"enemies":"Snake Plant","floor":30,"turns":3},{"damage":38,"enemies":"Shelled Parasite and Fungi","floor":31,"turns":6},{"damage":90,"enemies":"Automaton","floor":33,"turns":10},{"damage":22,"enemies":"3 Darklings","floor":35,"turns":3},{"damage":10,"enemies":"Orb Walker","floor":38,"turns":3},{"damage":16,"enemies":"3 Darklings","floor":40,"turns":3},{"damage":49,"enemies":"Writhing Mass","floor":42,"turns":4},{"damage":43,"enemies":"4 Shapes","floor":44,"turns":2},{"damage":2,"enemies":"Transient","floor":45,"turns":5},{"damage":119,"enemies":"Nemesis","floor":46,"turns":9},{"damage":11,"enemies":"Giant Head","floor":48,"turns":6},{"damage":111,"enemies":"Awakened One","floor":50,"turns":9}],"seed_played":"-2381686521870284025","potions_obtained":[{"floor":6,"key":"EssenceOfSteel"},{"floor":8,"key":"Weak Potion"},{"floor":14,"key":"Energy Potion"},{"floor":30,"key":"BloodPotion"},{"floor":31,"key":"GamblersBrew"},{"floor":33,"key":"AttackPotion"},{"floor":35,"key":"Poison Potion"},{"floor":40,"key":"BloodPotion"},{"floor":45,"key":"SteroidPotion"}],"is_trial":false,"path_per_floor":["M","$","?","?","M","E","R","E","T","R","?","R","$","M","R","B",null,"M","$","M","$","?","E","R","E","T","?","?","?","M","M","R","B",null,"M","?","$","M","$","M","?","M","T","M","M","E","?","E","R","B",null],"character_chosen":"IRONCLAD","items_purchased":["Inflame","Cleave","Twin Strike","Inflame","Sling"],"campfire_rested":2,"item_purchase_floors":[2,13,19,37,37],"current_hp_per_floor":[80,80,68,52,56,51,51,29,29,29,29,51,51,60,60,66,74,52,52,56,56,56,61,61,50,50,50,57,62,75,54,78,38,81,73,73,73,80,80,79,79,66,71,81,81,52,52,91,91,26],"gold":210,"neow_bonus":"REMOVE_CARD","is_prod":false,"is_daily":false,"chose_seed":false,"campfire_upgraded":5,"win_rate":0,"timestamp":1545090840,"path_taken":["M","$","?","?","M","E","R","E","T","R","?","R","?","M","R","BOSS","M","$","M","$","?","E","R","E","T","?","?","?","M","M","R","BOSS","M","?","$","M","$","M","?","M","T","M","M","E","?","E","R","BOSS"],"build_version":"2018-12-13","purchased_purges":2,"victory":true,"max_hp_per_floor":[80,80,80,80,80,80,80,80,80,80,74,74,74,74,74,74,74,74,74,74,74,74,74,74,74,74,74,81,81,81,81,81,81,81,81,81,81,81,81,81,81,81,81,81,81,91,91,91,91,91],"card_choices":[{"not_picked":["Perfected Strike","Flex"],"picked":"Clash","floor":1},{"not_picked":["Second Wind","Anger"],"picked":"Clothesline","floor":5},{"not_picked":["Burning Pact","Carnage"],"picked":"Heavy Blade","floor":6},{"not_picked":["Bludgeon","Rupture"],"picked":"Warcry","floor":8},{"not_picked":["Sever Soul","Perfected Strike"],"picked":"Sword Boomerang","floor":14},{"not_picked":["Dark Embrace","Feed"],"picked":"Reaper","floor":16},{"not_picked":["Flame Barrier","Fire Breathing+1"],"picked":"Cleave","floor":18},{"not_picked":["Combust+1","Perfected Strike"],"picked":"Whirlwind","floor":20},{"not_picked":["Carnage","True Grit+1"],"picked":"Seeing Red","floor":23},{"not_picked":["Combust","Sever Soul"],"picked":"Seeing Red+1","floor":25},{"not_picked":["Sword Boomerang","Burning Pact+1","Anger","Carnage"],"picked":"SKIP","floor":30},{"not_picked":["Armaments","Havoc+1","Perfected Strike"],"picked":"Flex+1","floor":31},{"not_picked":["Feed","Offering","Reaper"],"picked":"Double Tap","floor":33},{"not_picked":["Sword Boomerang","Iron Wave","Rage","Rampage+1"],"picked":"SKIP","floor":35},{"not_picked":["Heavy Blade","Carnage+1","Anger+1"],"picked":"Shrug It Off","floor":38},{"not_picked":["Clash","Body Slam","Immolate","Feel No Pain+1"],"picked":"SKIP","floor":40},{"not_picked":["Corruption+1","Sword Boomerang+1","Cleave"],"picked":"Armaments+1","floor":42},{"not_picked":["Shrug It Off+1","Seeing Red","Warcry"],"picked":"Uppercut","floor":44},{"not_picked":["Whirlwind","Sword Boomerang","Feel No Pain+1","Pummel"],"picked":"SKIP","floor":45},{"not_picked":["Twin Strike","Clothesline","Shrug It Off+1","Rage"],"picked":"SKIP","floor":46},{"not_picked":["Mind Blast","Secret Weapon","Secret Technique"],"picked":"Blind","floor":47},{"not_picked":["Cleave+1","Body Slam+1","Pummel","Twin Strike"],"picked":"SKIP","floor":48}],"player_experience":115764,"relics_obtained":[{"floor":6,"key":"Art of War"},{"floor":8,"key":"Juzu Bracelet"},{"floor":9,"key":"Pocketwatch"},{"floor":23,"key":"Blood Vial"},{"floor":23,"key":"Thread and Needle"},{"floor":25,"key":"Pantograph"},{"floor":25,"key":"Pen Nib"},{"floor":26,"key":"Letter Opener"},{"floor":43,"key":"Orichalcum"},{"floor":46,"key":"The Courier"},{"floor":46,"key":"Pear"},{"floor":48,"key":"Vajra"},{"floor":48,"key":"PreservedInsect"}],"event_choices":[{"damage_healed":0,"gold_gain":0,"player_choice":"Success","damage_taken":12,"relics_obtained":["Magic Flower"],"max_hp_gain":0,"max_hp_loss":0,"event_name":"Scrap Ooze","floor":3,"gold_loss":0},{"damage_healed":0,"gold_gain":0,"player_choice":"Entered Light","damage_taken":16,"max_hp_gain":0,"max_hp_loss":0,"event_name":"Shining Light","floor":4,"gold_loss":0,"cards_upgraded":["Strike_R","Defend_R"]},{"damage_healed":0,"gold_gain":0,"player_choice":"Lose Max HP","damage_taken":0,"relics_obtained":["Golden Idol"],"max_hp_gain":0,"max_hp_loss":6,"event_name":"Golden Idol","floor":11,"gold_loss":0},{"damage_healed":0,"gold_gain":0,"player_choice":"Gave Idol","damage_taken":0,"relics_obtained":["Bloody Idol"],"max_hp_gain":0,"max_hp_loss":0,"event_name":"Forgotten Altar","floor":22,"relics_lost":["Golden Idol"],"gold_loss":0},{"damage_healed":0,"gold_gain":0,"player_choice":"Opened","damage_taken":0,"relics_obtained":["Question Card"],"max_hp_gain":0,"max_hp_loss":0,"event_name":"The Mausoleum","floor":27,"gold_loss":0,"cards_obtained":["Writhe"]},{"damage_healed":0,"gold_gain":0,"player_choice":"Gave Potion","damage_taken":0,"relics_obtained":["Strawberry"],"max_hp_gain":0,"max_hp_loss":0,"event_name":"WeMeetAgain","floor":28,"gold_loss":0},{"damage_healed":0,"gold_gain":99,"player_choice":"Stole From Cult","damage_taken":0,"max_hp_gain":0,"max_hp_loss":0,"event_name":"Nest","floor":29,"gold_loss":0},{"damage_healed":0,"gold_gain":0,"player_choice":"Ignored","damage_taken":0,"max_hp_gain":0,"max_hp_loss":0,"event_name":"Tomb of Lord Red Mask","floor":36,"gold_loss":0},{"cards_removed":["Clothesline"],"damage_healed":0,"gold_gain":0,"player_choice":"Removed Attack","damage_taken":0,"max_hp_gain":0,"max_hp_loss":0,"event_name":"Falling","floor":41,"gold_loss":0},{"damage_healed":0,"gold_gain":0,"player_choice":"Memory 1","damage_taken":0,"max_hp_gain":0,"max_hp_loss":0,"event_name":"SensoryStone","floor":47,"gold_loss":0}],"is_beta":false,"boss_relics":[{"not_picked":["Velvet Choker","Busted Crown"],"picked":"Black Star"},{"not_picked":["Cursed Key","White Beast Statue"],"picked":"Philosopher\u0027s Stone"}],"items_purged_floors":[19,21],"is_endless":false,"potions_floor_spawned":[6,8,14,18,30,31,33,35,40,45],"ascension_level":0}