{"gold_per_floor":[216,59,78,22,22,51,71,71,71,103,103,131,160,182,194,206],"floor_reached":16,"playtime":403,"items_purged":[],"score":240,"play_id":"b8fc11bb-161d-49d5-a8d6-c354b6adec28","local_time":"20190818132343","is_ascension_mode":true,"campfire_choices":[{"data":"Perfected Strike","floor":8,"key":"SMITH"},{"floor":15,"key":"REST"}],"neow_cost":"NONE","seed_source_timestamp":1287023264929800,"circlet_count":0,"master_deck":["AscendersBane","Strike_R","Strike_R","Strike_R","Strike_R","Defend_R","Defend_R","Defend_R","Defend_R","Bash","Thunderclap","Perfected Strike","Perfected Strike+1","Armaments","Anger"],"relics":["Burning Blood","Oddly Smooth Stone","Singing Bowl","Ornamental Fan","Nunchaku","Boot","MawBank"],"potions_floor_usage":[12,12],"damage_taken":[{"damage":19,"enemies":"Cultist","floor":1,"turns":6},{"damage":7,"enemies":"2 Louse","floor":3,"turns":4},{"damage":8,"enemies":"Gremlin Nob","floor":6,"turns":3},{"damage":7,"enemies":"Jaw Worm","floor":7,"turns":3},{"damage":28,"enemies":"Lagavulin","floor":10,"turns":7},{"damage":30,"enemies":"3 Sentries","floor":12,"turns":9},{"damage":6,"enemies":"3 Louse","floor":13,"turns":4},{"damage":5,"enemies":"Exordium Thugs","floor":14,"turns":4},{"damage":30,"enemies":"The Guardian","floor":16,"turns":4}],"seed_played":"-5539830262827205487","potions_obtained":[{"floor":3,"key":"Dexterity Potion"},{"floor":6,"key":"Ancient Potion"},{"floor":10,"key":"Regen Potion"},{"floor":14,"key":"Ancient Potion"}],"is_trial":false,"path_per_floor":["M","$","M","$","?","E","M","R","T","E","?","E","M","M","R","B"],"character_chosen":"IRONCLAD","items_purchased":["Oddly Smooth Stone","Perfected Strike"],"campfire_rested":1,"item_purchase_floors":[2,4],"current_hp_per_floor":[55,55,54,54,43,43,44,44,44,24,17,8,10,11,35,5],"gold":206,"neow_bonus":"HUNDRED_GOLD","is_prod":false,"is_daily":false,"chose_seed":false,"campfire_upgraded":1,"win_rate":0,"timestamp":1566159823,"path_taken":["M","$","M","?","?","E","M","R","T","E","?","E","?","M","R","BOSS"],"build_version":"2019-07-17","purchased_purges":0,"victory":false,"max_hp_per_floor":[75,75,75,75,75,77,79,79,79,81,81,81,83,83,83,83],"card_choices":[{"not_picked":["Havoc","Cleave"],"picked":"Thunderclap","floor":1},{"not_picked":["Flex","Twin Strike"],"picked":"Perfected Strike","floor":3},{"not_picked":["Wild Strike","Cleave","Warcry"],"picked":"Singing Bowl","floor":6},{"not_picked":["Sword Boomerang","Barricade","Heavy Blade"],"picked":"Singing Bowl","floor":7},{"not_picked":["Seeing Red","Burning Pact","Iron Wave"],"picked":"Singing Bowl","floor":10},{"not_picked":["Reckless Charge","Heavy Blade"],"picked":"Armaments","floor":12},{"not_picked":["Body Slam","Armaments","Carnage"],"picked":"Singing Bowl","floor":13},{"not_picked":["Heavy Blade","Headbutt"],"picked":"Anger","floor":14}],"player_experience":804612,"relics_obtained":[{"floor":6,"key":"Ornamental Fan"},{"floor":9,"key":"Nunchaku"},{"floor":10,"key":"Boot"},{"floor":12,"key":"MawBank"}],"event_choices":[{"damage_healed":0,"gold_gain":0,"player_choice":"Success","damage_taken":11,"relics_obtained":["Singing Bowl"],"max_hp_gain":0,"max_hp_loss":0,"event_name":"Scrap Ooze","floor":5,"gold_loss":0},{"cards_removed":["Strike_R"],"damage_healed":0,"gold_gain":0,"player_choice":"Card Removal","damage_taken":7,"max_hp_gain":0,"max_hp_loss":0,"event_name":"Golden Wing","floor":11,"gold_loss":0}],"is_beta":false,"boss_relics":[],"items_purged_floors":[],"is_endless":false,"potions_floor_spawned":[3,6,10,14],"killed_by":"The Guardian","ascension_level":20}