{"gold_per_floor":[215,228,153,153,172,202,202,202,202,217,246,0,14,25,25,102,102,115,115,40,55,65,65,79,79,125,144,144,94,120,120,120,196,196,207,222,322,337,36,61,61,61,114,114,37,57,0,13,13,13,13,13,13,13,38,38],"floor_reached":57,"playtime":3206,"items_purged":[],"score":2599,"play_id":"65bdd1e8-bc16-4131-95c3-28c89c9feb91","local_time":"20190718143904","is_ascension_mode":true,"campfire_choices":[{"data":"Armaments","floor":8.0,"key":"SMITH"},{"floor":15.0,"key":"REST"},{"data":"Shockwave","floor":23.0,"key":"SMITH"},{"floor":28.0,"key":"REST"},{"data":"Feel No Pain","floor":32.0,"key":"SMITH"},{"data":"Immolate","floor":41.0,"key":"SMITH"},{"data":"Dual Wield","floor":44.0,"key":"SMITH"},{"floor":49.0,"key":"RECALL"},{"data":"Feel No Pain","floor":53.0,"key":"SMITH"}],"neow_cost":"NONE","seed_source_timestamp":110069381144400,"circlet_count":0,"master_deck":["AscendersBane","Defend_R+1","Defend_R+1","Defend_R+1","Defend_R+1","Bash","Twin Strike","Armaments+1","Twin Strike","Dark Embrace","Twin Strike","Feel No Pain+1","Barricade","Shockwave+1","Evolve+1","Disarm","Havoc+1","Reaper","Barricade","Infernal Blade","Offering","Immolate+1","Dual Wield+1","Shrug It Off","Metallicize","Corruption","True Grit","Searing Blow","Feel No Pain+1","Uppercut","Power Through"],"special_seed":0,"relics":["Burning Blood","Mummified Hand","Ornamental Fan","Question Card","Medical Kit","Mark of Pain","Bronze Scales","Juzu Bracelet","Snecko Eye","Torii","PreservedInsect","Ancient Tea Set","Red Mask","Anchor"],"potions_floor_usage":[56],"damage_taken":[{"damage":9.0,"enemies":"2 Louse","floor":1.0,"turns":4.0},{"damage":15.0,"enemies":"Small Slimes","floor":2.0,"turns":3.0},{"damage":1.0,"enemies":"Cultist","floor":5.0,"turns":3.0},{"damage":6.0,"enemies":"Gremlin Nob","floor":6.0,"turns":3.0},{"damage":6.0,"enemies":"Looter","floor":10.0,"turns":3.0},{"damage":36.0,"enemies":"3 Sentries","floor":11.0,"turns":14.0},{"damage":14.0,"enemies":"Exordium Wildlife","floor":13.0,"turns":5.0},{"damage":0.0,"enemies":"Large Slime","floor":14.0,"turns":4.0},{"damage":28.0,"enemies":"Slime Boss","floor":16.0,"turns":13.0},{"damage":30.0,"enemies":"2 Thieves","floor":18.0,"turns":5.0},{"damage":26.0,"enemies":"Shell Parasite","floor":21.0,"turns":6.0},{"damage":15.0,"enemies":"Snake Plant","floor":22.0,"turns":7.0},{"damage":37.0,"enemies":"Sentry and Sphere","floor":24.0,"turns":7.0},{"damage":11.0,"enemies":"Snecko","floor":27.0,"turns":7.0},{"damage":19.0,"enemies":"Gremlin Leader","floor":30.0,"turns":9.0},{"damage":16.0,"enemies":"Champ","floor":33.0,"turns":13.0},{"damage":4.0,"enemies":"3 Darklings","floor":35.0,"turns":5.0},{"damage":6.0,"enemies":"Orb Walker","floor":36.0,"turns":4.0},{"damage":6.0,"enemies":"Mind Bloom Boss Battle","floor":37.0,"turns":4.0},{"damage":18.0,"enemies":"3 Darklings","floor":38.0,"turns":6.0},{"damage":26.0,"enemies":"Giant Head","floor":40.0,"turns":10.0},{"damage":6.0,"enemies":"Transient","floor":46.0,"turns":6.0},{"damage":6.0,"enemies":"Sphere and 2 Shapes","floor":48.0,"turns":4.0},{"damage":28.0,"enemies":"Time Eater","floor":50.0,"turns":12.0},{"damage":36.0,"enemies":"Awakened One","floor":51.0,"turns":21.0},{"damage":32.0,"enemies":"Shield and Spear","floor":55.0,"turns":5.0},{"damage":24,"enemies":"The Heart","floor":56,"turns":11}],"seed_played":"5237887578537855338","potions_obtained":[{"floor":1.0,"key":"Strength Potion"},{"floor":10.0,"key":"SkillPotion"},{"floor":13.0,"key":"Regen Potion"},{"floor":16.0,"key":"Poison Potion"},{"floor":18.0,"key":"BloodPotion"},{"floor":24.0,"key":"EssenceOfSteel"},{"floor":33.0,"key":"EssenceOfSteel"},{"floor":37.0,"key":"SteroidPotion"}],"is_trial":false,"path_per_floor":["M","M","?","?","M","E","?","R","T","M","E","$","M","M","R","B",null,"M","?","$","M","M","R","M","?","T","M","R","?","E","?","R","B",null,"M","M","?","M","$","E","R","?","T","R","$","M","?","M","R","B","B",null,"R","$","E","B",null],"character_chosen":"IRONCLAD","items_purchased":["Medical Kit","Twin Strike","Evolve","Corruption","True Grit","PreservedInsect","Feel No Pain"],"campfire_rested":2,"item_purchase_floors":[12,12,20,39,39,39,45],"current_hp_per_floor":[65,56,56,49,54,54,54,54,54,54,24,24,16,22,44,22,62,38,38,38,18,24,24,11,11,11,13,35,35,37,37,37,31,64,75,75,75,71,71,57,57,57,57,57,57,61,61,68,68,50,26,63,63,63,41,27],"gold":38,"neow_bonus":"HUNDRED_GOLD","is_prod":false,"is_daily":false,"chose_seed":false,"campfire_upgraded":6,"win_rate":0,"timestamp":1563485944,"path_taken":["M","M","?","?","M","E","?","R","T","M","E","$","?","M","R","BOSS","M","?","$","M","M","R","M","?","T","M","R","?","E","?","R","BOSS","M","M","?","M","$","E","R","?","T","R","$","M","?","M","R","BOSS","BOSS","R","$","E","BOSS"],"build_version":"2019-07-17","purchased_purges":0,"victory":true,"max_hp_per_floor":[75,75,75,75,75,75,75,75,75,75,75,75,75,75,75,75,75,75,75,75,75,75,75,75,75,75,75,75,75,75,75,75,75,75,75,75,75,75,75,75,75,75,75,75,75,75,75,75,75,75,75,75,75,75,75,75],"card_choices":[{"not_picked":["Feel No Pain","Perfected Strike"],"picked":"Twin Strike","floor":1.0},{"not_picked":["Clash","Shockwave"],"picked":"Armaments","floor":2.0},{"not_picked":["Armaments","Wild Strike","Clothesline"],"picked":"SKIP","floor":5.0},{"not_picked":["Iron Wave","Intimidate","Wild Strike"],"picked":"SKIP","floor":6.0},{"not_picked":["Metallicize","Searing Blow"],"picked":"Twin Strike","floor":10.0},{"not_picked":["Wild Strike","Sentinel"],"picked":"Dark Embrace","floor":11.0},{"not_picked":["Wild Strike","Rupture","Clothesline"],"picked":"Feel No Pain","floor":13.0},{"not_picked":["Clash","Perfected Strike","Burning Pact"],"picked":"Anger","floor":14.0},{"not_picked":["Double Tap","Dark Embrace","Limit Break"],"picked":"Barricade","floor":16.0},{"not_picked":["Infernal Blade","Sentinel","Headbutt"],"picked":"Shockwave","floor":18.0},{"not_picked":["Havoc","Cleave+1","Bludgeon"],"picked":"Disarm","floor":21.0},{"not_picked":["Clothesline","Sever Soul","Twin Strike","Iron Wave"],"picked":"SKIP","floor":22.0},{"not_picked":["Pummel","Armaments","Sword Boomerang"],"picked":"Havoc+1","floor":24.0},{"not_picked":["Anger","Iron Wave","Armaments"],"picked":"Infernal Blade","floor":27.0},{"not_picked":["Limit Break","Flame Barrier+1","Anger+1"],"picked":"Offering","floor":30.0},{"not_picked":["Reaper","Impervious","Berserk"],"picked":"Immolate","floor":33.0},{"not_picked":["Flame Barrier","Carnage","Bloodletting"],"picked":"Dual Wield","floor":35.0},{"not_picked":["Combust","Cleave+1","Whirlwind"],"picked":"Shrug It Off","floor":36.0},{"not_picked":["Clash","Dropkick","Armaments"],"picked":"Metallicize","floor":37.0},{"not_picked":["Flex+1","Infernal Blade","Pommel Strike","Rage"],"picked":"SKIP","floor":38.0},{"not_picked":["Infernal Blade","Hemokinesis+1","Warcry","Rage"],"picked":"SKIP","floor":40.0},{"not_picked":["Clothesline","Evolve","Rage+1","Dropkick"],"picked":"SKIP","floor":46.0},{"not_picked":["Uppercut","Headbutt","Anger","Combust"],"picked":"SKIP","floor":48.0},{"not_picked":["Headbutt","Anger","Combust"],"picked":"Uppercut","floor":48.0},{"not_picked":["Intimidate+1","Second Wind","Pommel Strike"],"picked":"Power Through","floor":55.0}],"player_experience":670214,"relics_obtained":[{"floor":6.0,"key":"Mummified Hand"},{"floor":9.0,"key":"Ornamental Fan"},{"floor":11.0,"key":"Question Card"},{"floor":26.0,"key":"Bronze Scales"},{"floor":30.0,"key":"Juzu Bracelet"},{"floor":37.0,"key":"Torii"},{"floor":40.0,"key":"Ancient Tea Set"},{"floor":55.0,"key":"Anchor"}],"event_choices":[{"cards_removed":["Strike_R"],"damage_healed":0.0,"max_hp_gain":0.0,"max_hp_loss":0.0,"gold_gain":0.0,"event_name":"The Cleric","player_choice":"Card Removal","floor":3.0,"gold_loss":75.0,"damage_taken":0.0},{"cards_removed":["Strike_R"],"damage_healed":0.0,"max_hp_gain":0.0,"max_hp_loss":0.0,"gold_gain":0.0,"event_name":"Golden Wing","player_choice":"Card Removal","floor":4.0,"gold_loss":0.0,"damage_taken":7.0},{"cards_removed":["Strike_R"],"damage_healed":0.0,"max_hp_gain":0.0,"max_hp_loss":0.0,"gold_gain":0.0,"event_name":"Bonfire Elementals","player_choice":"Offered Basic","floor":7.0,"gold_loss":0.0,"damage_taken":0.0},{"damage_healed":0.0,"max_hp_gain":0.0,"max_hp_loss":0.0,"gold_gain":0.0,"event_name":"Vampires","player_choice":"Ignored","floor":19.0,"gold_loss":0.0,"damage_taken":0.0},{"damage_healed":0.0,"max_hp_gain":0.0,"max_hp_loss":0.0,"gold_gain":0.0,"cards_transformed":["Strike_R","Strike_R"],"event_name":"Drug Dealer","player_choice":"Became Test Subject","floor":25.0,"gold_loss":0.0,"damage_taken":0.0,"cards_obtained":["Reaper","Barricade"]},{"damage_healed":0.0,"max_hp_gain":0.0,"max_hp_loss":0.0,"gold_gain":0.0,"event_name":"Designer","player_choice":"Upgraded Two","floor":29.0,"gold_loss":50.0,"damage_taken":0.0,"cards_upgraded":["Evolve","Defend_R"]},{"damage_healed":0.0,"max_hp_gain":0.0,"max_hp_loss":0.0,"gold_gain":0.0,"event_name":"Back to Basics","player_choice":"Simplicity","floor":31.0,"gold_loss":0.0,"damage_taken":0.0,"cards_upgraded":["Defend_R","Defend_R","Defend_R"]},{"damage_healed":0.0,"max_hp_gain":0.0,"max_hp_loss":0.0,"gold_gain":0.0,"event_name":"MindBloom","player_choice":"Fight","floor":37.0,"gold_loss":0.0,"damage_taken":0.0},{"damage_healed":0.0,"max_hp_gain":0.0,"max_hp_loss":0.0,"gold_gain":0.0,"cards_transformed":["Anger"],"event_name":"Transmorgrifier","player_choice":"Transformed","floor":42.0,"gold_loss":0.0,"damage_taken":0.0,"cards_obtained":["Searing Blow"]},{"damage_healed":0.0,"max_hp_gain":0.0,"max_hp_loss":0.0,"gold_gain":0.0,"event_name":"Tomb of Lord Red Mask","player_choice":"Paid","floor":47.0,"gold_loss":57.0,"damage_taken":0.0,"relics_obtained":["Red Mask"]}],"is_beta":false,"boss_relics":[{"not_picked":["Fusion Hammer","Busted Crown"],"picked":"Mark of Pain"},{"not_picked":["Cursed Key","Black Blood"],"picked":"Snecko Eye"}],"items_purged_floors":[],"is_endless":false,"potions_floor_spawned":[1,10,13,16,18,21,24,33,37,38,46],"ascension_level":20}