{"gold_per_floor":[119,119,119,139,139,139,152,174,198,35,35,69,13,46,46,46],"floor_reached":16,"playtime":323,"items_purged":["Strike_R"],"score":212,"play_id":"70566c48-1b49-423e-9d33-eb6cab7c6071","local_time":"20190813154253","is_ascension_mode":true,"campfire_choices":[{"data":"Headbutt","floor":6,"key":"SMITH"},{"floor":11,"key":"REST"},{"data":"Inflame","floor":15,"key":"SMITH"}],"neow_cost":"NONE","seed_source_timestamp":863452922016900,"circlet_count":0,"master_deck":["AscendersBane","Strike_R","Strike_R+1","Strike_R","Strike_R","Defend_R+1","Defend_R","Defend_R+1","Defend_R+1","Bash","Headbutt+1","Anger","Clothesline","Inflame+1","Cleave"],"relics":["Mark of Pain","Paper Frog","Odd Mushroom","Pen Nib","War Paint","Darkstone Periapt"],"potions_floor_usage":[12,14,16],"damage_taken":[{"damage":2,"enemies":"Jaw Worm","floor":1,"turns":3},{"damage":0,"enemies":"Small Slimes","floor":4,"turns":3},{"damage":0,"enemies":"2 Louse","floor":7,"turns":1},{"damage":11,"enemies":"The Mushroom Lair","floor":8,"turns":4},{"damage":8,"enemies":"Gremlin Nob","floor":12,"turns":3},{"damage":10,"enemies":"3 Sentries","floor":14,"turns":4},{"damage":18,"enemies":"The Guardian","floor":16,"turns":7}],"seed_played":"-3220892752458864494","potions_obtained":[{"floor":1,"key":"GamblersBrew"},{"floor":4,"key":"Swift Potion"},{"floor":7,"key":"Strength Potion"},{"floor":14,"key":"Block Potion"}],"is_trial":false,"path_per_floor":["M","?","?","M","?","R","M","?","T","$","R","E","$","E","R","B"],"character_chosen":"IRONCLAD","items_purchased":["Inflame","Fire Potion"],"campfire_rested":1,"item_purchase_floors":[10,13],"current_hp_per_floor":[66,43,43,43,25,25,25,14,14,14,36,28,28,18,18,0],"gold":46,"neow_bonus":"BOSS_RELIC","is_prod":false,"is_daily":false,"chose_seed":false,"campfire_upgraded":2,"win_rate":0,"timestamp":1565736173,"path_taken":["M","?","?","M","?","R","M","?","T","$","R","E","$","E","R","BOSS"],"build_version":"2019-07-17","purchased_purges":1,"victory":false,"max_hp_per_floor":[75,75,75,75,75,75,75,75,75,75,75,75,75,75,75,75],"card_choices":[{"not_picked":["Reckless Charge","Armaments"],"picked":"Headbutt","floor":1},{"not_picked":["Seeing Red","Warcry"],"picked":"Anger","floor":4},{"not_picked":["Armaments","Warcry","Clash"],"picked":"SKIP","floor":7},{"not_picked":["Armaments","Warcry","Clash"],"picked":"SKIP","floor":7},{"not_picked":["Rampage","Cleave"],"picked":"Clothesline","floor":8},{"not_picked":["Warcry","Flex"],"picked":"Cleave","floor":12},{"not_picked":["Perfected Strike","Flex","Fiend Fire"],"picked":"SKIP","floor":14}],"player_experience":787945,"relics_obtained":[{"floor":8,"key":"Odd Mushroom"},{"floor":9,"key":"Pen Nib"},{"floor":12,"key":"War Paint"},{"floor":14,"key":"Darkstone Periapt"}],"event_choices":[{"damage_healed":0,"gold_gain":0,"player_choice":"Entered Light","damage_taken":23,"max_hp_gain":0,"max_hp_loss":0,"event_name":"Shining Light","floor":2,"gold_loss":0,"cards_upgraded":["Strike_R","Defend_R"]},{"damage_healed":0,"gold_gain":0,"player_choice":"Ignored","damage_taken":0,"max_hp_gain":0,"max_hp_loss":0,"event_name":"Liars Game","floor":3,"gold_loss":0},{"damage_healed":0,"gold_gain":0,"player_choice":"Success","damage_taken":18,"relics_obtained":["Paper Frog"],"max_hp_gain":0,"max_hp_loss":0,"event_name":"Scrap Ooze","floor":5,"gold_loss":0},{"damage_healed":0,"gold_gain":0,"player_choice":"Fought Mushrooms","damage_taken":0,"max_hp_gain":0,"max_hp_loss":0,"event_name":"Mushrooms","floor":8,"gold_loss":0}],"is_beta":false,"boss_relics":[],"items_purged_floors":[10],"is_endless":false,"potions_floor_spawned":[1,4,7,14],"killed_by":"The Guardian","ascension_level":20}