{"gold_per_floor":[109,129,149,3,15,40,40,40,40,40,40,71,83,97,97,201,201,212,224,244,244],"floor_reached":21,"playtime":1120,"items_purged":[],"score":193,"play_id":"ab9c6cf0-39ce-4005-b510-1553d54eca05","local_time":"20190904200847","is_ascension_mode":false,"campfire_choices":[{"data":"Dagger Spray","floor":8,"key":"SMITH"},{"data":"Neutralize","floor":10,"key":"SMITH"},{"data":"Malaise","floor":15,"key":"SMITH"}],"neow_cost":"NONE","seed_source_timestamp":1652252683009600,"circlet_count":0,"master_deck":["Strike_G","Strike_G","Strike_G","Strike_G","Strike_G","Defend_G","Defend_G","Defend_G","Defend_G","Defend_G","Survivor","Neutralize+1","Escape Plan","Dagger Spray+1","Sucker Punch","Malaise+1","Quick Slash","Cloak And Dagger","Terror","PiercingWail","A Thousand Cuts","Skewer","Calculated Gamble","Cloak And Dagger"],"relics":["Ring of the Serpent","Oddly Smooth Stone","Vajra","Singing Bowl","Orichalcum","Letter Opener"],"potions_floor_usage":[6,16,19],"damage_taken":[{"damage":0,"enemies":"Cultist","floor":1,"turns":5},{"damage":0,"enemies":"2 Louse","floor":2,"turns":2},{"damage":0,"enemies":"Small Slimes","floor":3,"turns":2},{"damage":1,"enemies":"Exordium Wildlife","floor":5,"turns":3},{"damage":25,"enemies":"3 Sentries","floor":6,"turns":12},{"damage":16,"enemies":"Lagavulin","floor":12,"turns":9},{"damage":0,"enemies":"Looter","floor":13,"turns":2},{"damage":0,"enemies":"Large Slime","floor":14,"turns":3},{"damage":6,"enemies":"The Guardian","floor":16,"turns":12},{"damage":2,"enemies":"Shell Parasite","floor":18,"turns":8},{"damage":15,"enemies":"Spheric Guardian","floor":19,"turns":5},{"damage":15,"enemies":"Shelled Parasite and Fungi","floor":20,"turns":6},{"damage":0,"enemies":"3 Cultists","floor":21,"turns":1}],"seed_played":"3013969868383513141","potions_obtained":[{"floor":1,"key":"GhostInAJar"},{"floor":12,"key":"Block Potion"},{"floor":16,"key":"AttackPotion"},{"floor":18,"key":"AttackPotion"}],"is_trial":false,"path_per_floor":["M","M","M","$","M","E","?","R","T","R","?","E","M","M","R","B",null,"M","M","M","M"],"character_chosen":"THE_SILENT","items_purchased":["Oddly Smooth Stone"],"campfire_rested":0,"item_purchase_floors":[4],"current_hp_per_floor":[77,77,77,77,76,51,51,51,51,51,51,35,35,35,35,29,77,75,60,45,45],"gold":244,"neow_bonus":"TEN_PERCENT_HP_BONUS","is_prod":false,"is_daily":false,"chose_seed":false,"campfire_upgraded":3,"win_rate":0,"timestamp":1567652927,"path_taken":["M","?","?","$","M","E","?","R","T","R","?","E","?","M","R","BOSS","M","M","M","M"],"build_version":"2019-07-17","purchased_purges":0,"victory":false,"max_hp_per_floor":[77,77,77,77,77,77,77,77,77,77,77,77,77,77,77,77,77,77,77,77,77],"card_choices":[{"not_picked":["Eviscerate","PiercingWail"],"picked":"Escape Plan","floor":1},{"not_picked":["Endless Agony","PiercingWail"],"picked":"Dagger Spray","floor":2},{"not_picked":["Choke","Flying Knee"],"picked":"Sucker Punch","floor":3},{"not_picked":["All Out Attack","Acrobatics"],"picked":"Malaise","floor":5},{"not_picked":["Underhanded Strike","Bane"],"picked":"Quick Slash","floor":6},{"not_picked":["Tools of the Trade","PiercingWail"],"picked":"Cloak And Dagger","floor":12},{"not_picked":["Reflex","Acrobatics"],"picked":"Terror","floor":13},{"not_picked":["Heel Hook","Terror"],"picked":"PiercingWail","floor":14},{"not_picked":["After Image","Storm of Steel"],"picked":"A Thousand Cuts","floor":16},{"not_picked":["Acrobatics","Catalyst+1"],"picked":"Skewer","floor":18},{"not_picked":["Deflect","Flechettes"],"picked":"Calculated Gamble","floor":19},{"not_picked":["Terror","Outmaneuver"],"picked":"Cloak And Dagger","floor":20}],"player_experience":117712,"relics_obtained":[{"floor":6,"key":"Vajra"},{"floor":9,"key":"Orichalcum"},{"floor":12,"key":"Letter Opener"}],"event_choices":[{"damage_healed":0,"gold_gain":0,"player_choice":"Box","damage_taken":0,"relics_obtained":["Singing Bowl"],"max_hp_gain":0,"max_hp_loss":0,"event_name":"Big Fish","floor":7,"gold_loss":0,"cards_obtained":["Regret"]},{"cards_removed":["Regret"],"damage_healed":0,"gold_gain":0,"player_choice":"Purged","damage_taken":0,"max_hp_gain":0,"max_hp_loss":0,"event_name":"Purifier","floor":11,"gold_loss":0}],"is_beta":false,"boss_relics":[{"not_picked":["WristBlade","Philosopher\u0027s Stone"],"picked":"Ring of the Serpent"}],"items_purged_floors":[],"is_endless":false,"potions_floor_spawned":[1,12,16,18],"killed_by":"3 Cultists","ascension_level":0}