{"gold_per_floor":[109,125,144,144,104,104,135,135,184,1,13,45,45,70,70,149,149,167,40,52,52,52,52,67,67,152,171,51,62,62,96,96,173,173,189,189,189,189,205,205,59,88,88,120,147,147,164,193,193,193,193,193,193,9,34,34],"floor_reached":57,"playtime":3198,"items_purged":["Strike_R","Shame"],"score":2698,"play_id":"41ffaeec-e73a-4348-a14d-01d683ab6af2","local_time":"20190728025433","is_ascension_mode":true,"campfire_choices":[{"data":"Sword Boomerang","floor":6.0,"key":"SMITH"},{"data":"Iron Wave","floor":8.0,"key":"SMITH"},{"data":"Pommel Strike","floor":13.0,"key":"SMITH"},{"data":"Spot Weakness","floor":15.0,"key":"SMITH"},{"data":"Armaments","floor":23.0,"key":"SMITH"},{"data":"Fiend Fire","floor":25.0,"key":"SMITH"},{"floor":32.0,"key":"REST"},{"data":"True Grit","floor":40,"key":"SMITH"},{"data":"Armaments","floor":46,"key":"SMITH"},{"floor":49,"key":"RECALL"},{"data":"Feel No Pain","floor":53,"key":"SMITH"}],"neow_cost":"NONE","seed_source_timestamp":931857294169500,"circlet_count":0,"master_deck":["AscendersBane","Strike_R","Strike_R","Strike_R","Strike_R","Defend_R","Defend_R","Defend_R","Defend_R","Bash","Sword Boomerang+1","Iron Wave+1","Shockwave","Spot Weakness+1","Shrug It Off","Pommel Strike+1","Second Wind","Fiend Fire+1","Impervious","Armaments+1","Whirlwind","True Grit+1","Disarm","True Grit+1","Shrug It Off","Feel No Pain+1","Impervious","Disarm","Armaments+1","True Grit","Disarm","Reaper","Inflame+1","Reaper","Seeing Red+1"],"special_seed":0,"relics":["Burning Blood","Red Skull","Potion Belt","Ancient Tea Set","Centennial Puzzle","The Courier","Runic Pyramid","Omamori","Juzu Bracelet","Tiny Chest","Necronomicon","Magic Flower","Philosopher\u0027s Stone","Singing Bowl","Prayer Wheel","Frozen Egg 2","Happy Flower","Boot","Vajra"],"potions_floor_usage":[44,44,50,55,55,56],"damage_taken":[{"damage":7.0,"enemies":"Cultist","floor":1.0,"turns":4.0},{"damage":13.0,"enemies":"Small Slimes","floor":2.0,"turns":5.0},{"damage":4.0,"enemies":"Jaw Worm","floor":3.0,"turns":5.0},{"damage":2.0,"enemies":"Looter","floor":5.0,"turns":4.0},{"damage":29.0,"enemies":"Gremlin Nob","floor":7.0,"turns":4.0},{"damage":5.0,"enemies":"Gremlin Gang","floor":11.0,"turns":3.0},{"damage":5.0,"enemies":"Lagavulin","floor":12.0,"turns":5.0},{"damage":21.0,"enemies":"Gremlin Nob","floor":14.0,"turns":4.0},{"damage":19.0,"enemies":"Hexaghost","floor":16.0,"turns":6.0},{"damage":0.0,"enemies":"Spheric Guardian","floor":18.0,"turns":4.0},{"damage":24.0,"enemies":"2 Thieves","floor":20.0,"turns":5.0},{"damage":15.0,"enemies":"Chosen and Byrds","floor":24.0,"turns":5.0},{"damage":1.0,"enemies":"Snecko","floor":27.0,"turns":5.0},{"damage":8.0,"enemies":"Snake Plant","floor":29.0,"turns":4.0},{"damage":19.0,"enemies":"Slavers","floor":31.0,"turns":5.0},{"damage":21.0,"enemies":"Champ","floor":33.0,"turns":20.0},{"damage":9.0,"enemies":"Orb Walker","floor":35.0,"turns":5.0},{"damage":4,"enemies":"3 Darklings","floor":39,"turns":7},{"damage":33,"enemies":"Giant Head","floor":42,"turns":9},{"damage":54,"enemies":"Nemesis","floor":44,"turns":15},{"damage":0,"enemies":"Jaw Worm Horde","floor":47,"turns":1},{"damage":29,"enemies":"Giant Head","floor":48,"turns":9},{"damage":46,"enemies":"Awakened One","floor":50,"turns":14},{"damage":37,"enemies":"Time Eater","floor":51,"turns":12},{"damage":92,"enemies":"Shield and Spear","floor":55,"turns":12},{"damage":189,"enemies":"The Heart","floor":56,"turns":12}],"seed_played":"-146182328468626593","potions_obtained":[{"floor":3.0,"key":"Swift Potion"},{"floor":4.0,"key":"PowerPotion"},{"floor":4.0,"key":"Explosive Potion"},{"floor":7.0,"key":"Strength Potion"},{"floor":11.0,"key":"Weak Potion"},{"floor":12.0,"key":"LiquidBronze"},{"floor":14.0,"key":"GamblersBrew"},{"floor":18.0,"key":"FearPotion"},{"floor":29.0,"key":"SteroidPotion"},{"floor":33.0,"key":"Fruit Juice"},{"floor":39,"key":"AttackPotion"},{"floor":42,"key":"Swift Potion"},{"floor":48,"key":"AttackPotion"}],"is_trial":false,"path_per_floor":["M","M","M","?","M","R","E","R","T","$","M","E","R","E","R","B",null,"M","$","M","?","?","R","M","R","T","M","$","M","?","E","R","B",null,"M","?","?","?","M","R","$","E","T","E","T","R","M","E","R","B","B",null,"R","$","E","B",null],"character_chosen":"IRONCLAD","items_purchased":["Spot Weakness","Shrug It Off","Fire Potion","Whirlwind","True Grit","Armaments","True Grit","Disarm","Reaper","Poison Potion"],"campfire_rested":1,"item_purchase_floors":[10,10,10,19,28,41,41,41,54,54],"current_hp_per_floor":[67,60,62,62,66,66,43,43,43,43,44,45,45,30,30,17,61,67,67,49,49,49,49,40,40,40,45,45,43,22,9,31,19,61,61,61,61,57,64,64,64,40,40,77,77,77,88,94,94,83,94,94,94,94,94,12],"gold":34,"neow_bonus":"RANDOM_COMMON_RELIC","is_prod":false,"is_daily":false,"chose_seed":false,"campfire_upgraded":9,"win_rate":0,"timestamp":1564307673,"path_taken":["M","M","?","?","?","R","E","R","T","$","M","E","R","E","R","BOSS","M","$","M","?","?","R","M","R","T","M","$","M","?","E","R","BOSS","M","?","?","?","M","R","$","E","T","E","?","R","M","E","R","BOSS","BOSS","R","$","E","BOSS"],"build_version":"2019-07-17","purchased_purges":2,"victory":true,"max_hp_per_floor":[75,75,75,75,75,75,75,75,75,75,75,75,75,75,75,75,75,75,75,75,75,75,75,75,75,75,75,75,75,75,75,75,75,75,75,75,75,81,83,83,83,83,83,90,90,90,92,94,94,94,94,94,94,94,94,94],"card_choices":[{"not_picked":["Wild Strike","Ghostly Armor"],"picked":"Sword Boomerang","floor":1.0},{"not_picked":["Power Through","Flex"],"picked":"Iron Wave","floor":2.0},{"not_picked":["Clash","Rage"],"picked":"Shockwave","floor":3.0},{"not_picked":["Entrench","Heavy Blade","Rage"],"picked":"SKIP","floor":5.0},{"not_picked":["Armaments","Rage","Heavy Blade"],"picked":"SKIP","floor":7.0},{"not_picked":["Clothesline","Headbutt"],"picked":"Pommel Strike","floor":11.0},{"not_picked":["Warcry","Clothesline"],"picked":"Second Wind","floor":12.0},{"not_picked":["Uppercut","Shockwave"],"picked":"Fiend Fire","floor":14.0},{"not_picked":["Brutality","Bludgeon"],"picked":"Impervious","floor":16.0},{"not_picked":["Entrench","Cleave"],"picked":"Armaments","floor":18.0},{"not_picked":["Rampage","Body Slam"],"picked":"True Grit+1","floor":20.0},{"not_picked":["Body Slam","Rupture","Armaments"],"picked":"SKIP","floor":24.0},{"not_picked":["Twin Strike","Clash"],"picked":"Disarm","floor":27.0},{"not_picked":["Body Slam","Thunderclap"],"picked":"Shrug It Off","floor":29.0},{"not_picked":["Bloodletting","Sentinel"],"picked":"Feel No Pain","floor":31.0},{"not_picked":["Berserk","Barricade"],"picked":"Impervious","floor":33.0},{"not_picked":["Sever Soul","Hemokinesis"],"picked":"Disarm","floor":35.0},{"not_picked":["Trip","Discovery","Secret Weapon"],"picked":"Singing Bowl","floor":38},{"not_picked":["Mind Blast","Finesse","Impatience"],"picked":"Singing Bowl","floor":38},{"not_picked":["Good Instincts","PanicButton","Blind"],"picked":"Singing Bowl","floor":38},{"not_picked":["Flex","Searing Blow","Wild Strike"],"picked":"Singing Bowl","floor":39},{"not_picked":["Thunderclap","Anger"],"picked":"Reaper","floor":42},{"not_picked":["Whirlwind+1","Armaments+1","Shrug It Off"],"picked":"Singing Bowl","floor":44},{"not_picked":["Heavy Blade","Sever Soul+1","Shrug It Off"],"picked":"Singing Bowl","floor":47},{"not_picked":["Sword Boomerang","Iron Wave"],"picked":"Inflame+1","floor":47},{"not_picked":["Clash","Combust+1","Wild Strike"],"picked":"Singing Bowl","floor":48},{"not_picked":["Body Slam","Pummel"],"picked":"Seeing Red+1","floor":55}],"player_experience":707701,"relics_obtained":[{"floor":7.0,"key":"Potion Belt"},{"floor":9.0,"key":"Ancient Tea Set"},{"floor":12.0,"key":"Centennial Puzzle"},{"floor":14.0,"key":"The Courier"},{"floor":26.0,"key":"Tiny Chest"},{"floor":30.0,"key":"Necronomicon"},{"floor":31.0,"key":"Magic Flower"},{"floor":37.0,"key":"Singing Bowl"},{"floor":42,"key":"Prayer Wheel"},{"floor":44,"key":"Frozen Egg 2"},{"floor":45,"key":"Happy Flower"},{"floor":48,"key":"Boot"},{"floor":55,"key":"Vajra"}],"event_choices":[{"damage_healed":0.0,"max_hp_gain":0.0,"max_hp_loss":0.0,"gold_gain":0.0,"event_name":"Lab","player_choice":"Got Potions","floor":4.0,"gold_loss":0.0,"damage_taken":0.0},{"damage_healed":0.0,"max_hp_gain":0.0,"max_hp_loss":0.0,"gold_gain":0.0,"event_name":"Addict","player_choice":"Stole Relic","floor":21.0,"gold_loss":0.0,"damage_taken":0.0,"relics_obtained":["Omamori"],"cards_obtained":["Shame"]},{"damage_healed":0.0,"max_hp_gain":0.0,"max_hp_loss":0.0,"gold_gain":0.0,"event_name":"WeMeetAgain","player_choice":"Gave Potion","floor":22.0,"gold_loss":0.0,"damage_taken":0.0,"relics_obtained":["Juzu Bracelet"]},{"damage_healed":0.0,"max_hp_gain":0.0,"max_hp_loss":0.0,"gold_gain":0.0,"event_name":"Cursed Tome","player_choice":"Obtained Book","floor":30.0,"gold_loss":0.0,"damage_taken":21.0},{"damage_healed":0.0,"max_hp_gain":0.0,"max_hp_loss":0.0,"gold_gain":0.0,"event_name":"Tomb of Lord Red Mask","player_choice":"Ignored","floor":36.0,"gold_loss":0.0,"damage_taken":0.0},{"damage_healed":0.0,"max_hp_gain":0.0,"max_hp_loss":0.0,"gold_gain":0.0,"event_name":"Wheel of Change","player_choice":"Relic","floor":37.0,"gold_loss":0.0,"damage_taken":0.0},{"damage_healed":0,"gold_gain":0,"player_choice":"Memory 3","damage_taken":10,"max_hp_gain":0,"max_hp_loss":0,"event_name":"SensoryStone","floor":38,"gold_loss":0}],"is_beta":false,"boss_relics":[{"not_picked":["Busted Crown","Ectoplasm"],"picked":"Runic Pyramid"},{"not_picked":["Lizard Tail","Snecko Eye"],"picked":"Philosopher\u0027s Stone"}],"items_purged_floors":[19,28],"is_endless":false,"potions_floor_spawned":[3,7,11,12,14,18,29,33,39,42,48],"ascension_level":20}