{"gold_per_floor":[116,116,76,23,39,69,69,89,112,126,47,47,76,93,93,171,171,181,181,196,111,111,111,141,157,157,188,188,206,232,242,242,313,313,333,333,347,29,42,42,70,70,70,70,20,35,49,79,79,79,79,79,79,26,58,58],"floor_reached":56,"playtime":2025,"items_purged":["Strike_R"],"score":1950,"play_id":"f3424190-8464-49b3-8123-96cd17f042aa","local_time":"20190819154352","is_ascension_mode":true,"campfire_choices":[{"data":"Perfected Strike","floor":7.0,"key":"SMITH"},{"data":"Wild Strike","floor":12.0,"key":"SMITH"},{"data":"Whirlwind","floor":15.0,"key":"SMITH"},{"floor":23.0,"key":"REST"},{"floor":28.0,"key":"REST"},{"floor":32.0,"key":"REST"},{"floor":40.0,"key":"RECALL"},{"floor":49.0,"key":"REST"},{"floor":53,"key":"REST"}],"neow_cost":"NONE","seed_source_timestamp":1379782283777600,"circlet_count":0,"master_deck":["AscendersBane","Strike_R","Strike_R","Strike_R","Defend_R","Defend_R","Defend_R","Bash","Flame Barrier","Perfected Strike+1","Wild Strike+1","Evolve","Second Wind","Whirlwind+1","Offering","Impervious","Feel No Pain","Headbutt","Power Through","True Grit+1","Disarm","Pommel Strike+1","Feed+1","Fiend Fire+1","Perfected Strike+1","Flame Barrier","Second Wind","Demon Form","Corruption","Evolve","Shrug It Off","Armaments+1"],"special_seed":0,"relics":["Burning Blood","Lantern","Potion Belt","Ginger","Vajra","Self Forming Clay","Fusion Hammer","Gremlin Horn","Letter Opener","Molten Egg 2","Blue Candle","Smiling Mask","Snecko Eye","PreservedInsect","Shuriken","Singing Bowl","Pear"],"potions_floor_usage":[50,51,51],"damage_taken":[{"damage":4.0,"enemies":"Jaw Worm","floor":1.0,"turns":4.0},{"damage":0.0,"enemies":"2 Louse","floor":5.0,"turns":3.0},{"damage":28.0,"enemies":"Lagavulin","floor":6.0,"turns":7.0},{"damage":0.0,"enemies":"Cultist","floor":8.0,"turns":2.0},{"damage":2.0,"enemies":"Red Slaver","floor":10.0,"turns":2.0},{"damage":25.0,"enemies":"3 Sentries","floor":13.0,"turns":7.0},{"damage":6.0,"enemies":"2 Fungi Beasts","floor":14.0,"turns":1.0},{"damage":21.0,"enemies":"Slime Boss","floor":16.0,"turns":6.0},{"damage":6.0,"enemies":"Spheric Guardian","floor":18.0,"turns":1.0},{"damage":6.0,"enemies":"2 Thieves","floor":20.0,"turns":1.0},{"damage":6.0,"enemies":"Slavers","floor":24.0,"turns":1.0},{"damage":6.0,"enemies":"Sentry and Sphere","floor":25.0,"turns":3.0},{"damage":31.0,"enemies":"Gremlin Leader","floor":27.0,"turns":5.0},{"damage":11.0,"enemies":"Snake Plant","floor":29.0,"turns":5.0},{"damage":9.0,"enemies":"Slavers","floor":30.0,"turns":5.0},{"damage":19.0,"enemies":"Cultist and Chosen","floor":31.0,"turns":5.0},{"damage":67.0,"enemies":"Collector","floor":33.0,"turns":13.0},{"damage":6.0,"enemies":"3 Shapes","floor":35.0,"turns":4.0},{"damage":0.0,"enemies":"Orb Walker","floor":37.0,"turns":2.0},{"damage":7.0,"enemies":"Spire Growth","floor":39.0,"turns":4.0},{"damage":7.0,"enemies":"Nemesis","floor":41.0,"turns":7.0},{"damage":10.0,"enemies":"Sphere and 2 Shapes","floor":46.0,"turns":7.0},{"damage":2.0,"enemies":"Maw","floor":47.0,"turns":6.0},{"damage":56.0,"enemies":"Giant Head","floor":48.0,"turns":7.0},{"damage":16,"enemies":"Time Eater","floor":50,"turns":7},{"damage":12,"enemies":"Donu and Deca","floor":51,"turns":7},{"damage":53,"enemies":"Shield and Spear","floor":55,"turns":6},{"damage":34,"enemies":"The Heart","floor":56,"turns":2}],"seed_played":"8688206662190009237","potions_obtained":[{"floor":1.0,"key":"Swift Potion"},{"floor":3.0,"key":"Energy Potion"},{"floor":3.0,"key":"Strength Potion"},{"floor":3.0,"key":"Ancient Potion"},{"floor":6.0,"key":"Explosive Potion"},{"floor":18.0,"key":"Strength Potion"},{"floor":33.0,"key":"EssenceOfSteel"},{"floor":35.0,"key":"Energy Potion"},{"floor":37.0,"key":"SteroidPotion"}],"is_trial":false,"path_per_floor":["M","?","?","$","M","E","R","M","T","M","$","R","E","M","R","B",null,"M","?","M","?","?","R","E","M","T","E","R","M","E","M","R","B",null,"M","?","M","$","M","R","E","?","T","?","$","M","M","E","R","B","B",null,"R","$","E","B"],"character_chosen":"IRONCLAD","items_purchased":["Perfected Strike","Whirlwind","Demon Form","PreservedInsect","Energy Potion"],"campfire_rested":5,"item_purchase_floors":[4,11,38,38,54],"current_hp_per_floor":[70,59,59,59,65,43,43,49,49,53,53,53,34,34,34,19,61,61,61,61,61,61,75,75,75,75,50,72,67,64,51,73,12,59,59,59,65,65,64,64,63,63,63,63,63,59,63,13,34,24,18,58,71,71,34,0],"gold":58,"neow_bonus":"RANDOM_COMMON_RELIC","is_prod":false,"is_daily":false,"chose_seed":false,"campfire_upgraded":3,"win_rate":0,"timestamp":1566254632,"path_taken":["M","?","?","$","?","E","R","M","T","M","$","R","E","M","R","BOSS","M","?","M","?","?","R","E","M","T","E","R","?","E","M","R","BOSS","M","?","?","$","M","R","E","?","T","?","?","M","M","E","R","BOSS","BOSS","R","$","E","BOSS"],"build_version":"2019-07-17","purchased_purges":1,"victory":false,"max_hp_per_floor":[75,75,75,75,75,75,75,75,75,75,75,75,75,75,75,75,75,75,75,75,75,75,75,75,75,75,75,75,75,75,75,75,75,75,75,75,75,75,75,75,75,75,75,71,71,71,71,71,71,71,71,71,71,71,81,81],"card_choices":[{"not_picked":["Dual Wield","Burning Pact"],"picked":"Flame Barrier","floor":1.0},{"not_picked":["Iron Wave","Heavy Blade"],"picked":"Wild Strike","floor":5.0},{"not_picked":["Iron Wave","Thunderclap"],"picked":"Evolve","floor":6.0},{"not_picked":["Rampage","Heavy Blade"],"picked":"Second Wind","floor":8.0},{"not_picked":["Cleave","Sword Boomerang","Burning Pact"],"picked":"SKIP","floor":10.0},{"not_picked":["Impervious","Intimidate"],"picked":"Offering","floor":13.0},{"not_picked":["Hemokinesis","Clash","Burning Pact"],"picked":"SKIP","floor":14.0},{"not_picked":["Juggernaut","Immolate"],"picked":"Impervious","floor":16.0},{"not_picked":["Pummel","Flex","Cleave"],"picked":"SKIP","floor":18.0},{"not_picked":["Wild Strike","Iron Wave"],"picked":"Headbutt","floor":20.0},{"not_picked":["Headbutt","Flex"],"picked":"Power Through","floor":24.0},{"not_picked":["Cleave","Power Through"],"picked":"True Grit+1","floor":25.0},{"not_picked":["Carnage+1","True Grit"],"picked":"Disarm","floor":27.0},{"not_picked":["Rage","Hemokinesis+1","Inflame"],"picked":"SKIP","floor":29.0},{"not_picked":["Seeing Red","Perfected Strike+1"],"picked":"Pommel Strike+1","floor":30.0},{"not_picked":["Wild Strike+1","Combust"],"picked":"Feed+1","floor":31.0},{"not_picked":["Demon Form","Limit Break"],"picked":"Fiend Fire+1","floor":33.0},{"not_picked":["Flex","True Grit"],"picked":"Perfected Strike+1","floor":35.0},{"not_picked":["Cleave+1","Heavy Blade+1"],"picked":"Second Wind","floor":37.0},{"not_picked":["Headbutt+1","Carnage+1"],"picked":"Corruption","floor":39.0},{"not_picked":["Twin Strike+1","Thunderclap+1"],"picked":"Evolve","floor":41.0},{"not_picked":["Combust","Warcry+1","Body Slam+1"],"picked":"SKIP","floor":46.0},{"not_picked":["Seeing Red","Clash+1","Body Slam+1"],"picked":"SKIP","floor":47.0},{"not_picked":["Sword Boomerang+1","Barricade"],"picked":"Shrug It Off","floor":48.0},{"not_picked":["Dual Wield","Iron Wave+1"],"picked":"Armaments+1","floor":55}],"player_experience":809780,"relics_obtained":[{"floor":6.0,"key":"Ginger"},{"floor":9.0,"key":"Vajra"},{"floor":13.0,"key":"Self Forming Clay"},{"floor":24.0,"key":"Letter Opener"},{"floor":26.0,"key":"Molten Egg 2"},{"floor":27.0,"key":"Blue Candle"},{"floor":30.0,"key":"Smiling Mask"},{"floor":41.0,"key":"Shuriken"},{"floor":48.0,"key":"Singing Bowl"},{"floor":55,"key":"Pear"}],"event_choices":[{"damage_healed":0.0,"max_hp_gain":0.0,"max_hp_loss":0.0,"gold_gain":0.0,"event_name":"Scrap Ooze","player_choice":"Success","floor":2.0,"gold_loss":0.0,"damage_taken":11.0,"relics_obtained":["Potion Belt"]},{"damage_healed":0.0,"max_hp_gain":0.0,"max_hp_loss":0.0,"gold_gain":0.0,"event_name":"The Woman in Blue","player_choice":"Bought 3 Potions","floor":3.0,"gold_loss":0.0,"damage_taken":0.0},{"damage_healed":0.0,"max_hp_gain":0.0,"max_hp_loss":0.0,"gold_gain":0.0,"event_name":"The Library","player_choice":"Read","floor":19.0,"gold_loss":0.0,"damage_taken":0.0,"cards_obtained":["Feel No Pain"]},{"damage_healed":0.0,"max_hp_gain":0.0,"max_hp_loss":0.0,"gold_gain":0.0,"event_name":"Addict","player_choice":"Obtained Relic","floor":21.0,"gold_loss":85.0,"damage_taken":0.0,"relics_obtained":["Gremlin Horn"]},{"damage_healed":0.0,"max_hp_gain":0.0,"max_hp_loss":0.0,"gold_gain":0.0,"event_name":"Match and Keep!","player_choice":"0 cards matched","floor":22.0,"gold_loss":0.0,"damage_taken":0.0,"cards_obtained":[]},{"damage_healed":0.0,"max_hp_gain":0.0,"max_hp_loss":0.0,"gold_gain":0.0,"cards_transformed":["Strike_R"],"event_name":"Transmorgrifier","player_choice":"Transformed","floor":36.0,"gold_loss":0.0,"damage_taken":0.0,"cards_obtained":["Flame Barrier"]},{"cards_removed":["Defend_R"],"damage_healed":0.0,"max_hp_gain":0.0,"max_hp_loss":0.0,"gold_gain":0.0,"event_name":"Falling","player_choice":"Removed Skill","floor":42.0,"gold_loss":0.0,"damage_taken":0.0},{"damage_healed":0.0,"max_hp_gain":0.0,"max_hp_loss":4.0,"gold_gain":0.0,"event_name":"Winding Halls","player_choice":"Max HP","floor":44.0,"gold_loss":0.0,"damage_taken":0.0}],"is_beta":false,"boss_relics":[{"not_picked":["White Beast Statue","Coffee Dripper"],"picked":"Fusion Hammer"},{"not_picked":["Runic Dome","Runic Cube"],"picked":"Snecko Eye"}],"items_purged_floors":[45],"is_endless":false,"potions_floor_spawned":[1,6,14,18,20,29,33,35,37,41],"killed_by":"The Heart","ascension_level":20}