{"gold_per_floor":[111,130,42,42,42,67,81,81,81,96,96,246,246,20,20,20],"floor_reached":16,"playtime":481,"items_purged":[],"score":196,"play_id":"1d13348d-d35a-4427-9001-6c95f2e8784a","local_time":"20190724234226","is_ascension_mode":true,"campfire_choices":[{"data":"Rupture","floor":11.0,"key":"SMITH"},{"data":"Bash","floor":13.0,"key":"SMITH"},{"floor":15,"key":"REST"}],"neow_cost":"NONE","seed_source_timestamp":664015857280500,"circlet_count":0,"master_deck":["AscendersBane","Strike_R","Strike_R","Strike_R","Strike_R","Strike_R","Defend_R","Defend_R+1","Defend_R+1","Defend_R","Bash+1","Thunderclap","Inflame+1","Hemokinesis+1","Offering","Sword Boomerang+1","Rupture+1","Doubt","Reaper"],"special_seed":0,"relics":["Burning Blood","War Paint","Singing Bowl","Centennial Puzzle"],"potions_floor_usage":[16,16],"damage_taken":[{"damage":14.0,"enemies":"2 Louse","floor":1.0,"turns":3.0},{"damage":6.0,"enemies":"Small Slimes","floor":2.0,"turns":4.0},{"damage":26.0,"enemies":"3 Sentries","floor":6.0,"turns":7.0},{"damage":2.0,"enemies":"Cultist","floor":7.0,"turns":3.0},{"damage":6.0,"enemies":"3 Louse","floor":10.0,"turns":2.0},{"damage":48,"enemies":"The Guardian","floor":16,"turns":8}],"seed_played":"5743151206267691798","potions_obtained":[{"floor":6.0,"key":"PowerPotion"}],"is_trial":false,"path_per_floor":["M","M","$","?","?","E","M","?","T","M","R","?","R","$","R","B"],"character_chosen":"IRONCLAD","items_purchased":["Hemokinesis","Reaper","Weak Potion"],"campfire_rested":1,"item_purchase_floors":[3,14,14],"current_hp_per_floor":[60,60,60,60,60,40,44,21,21,21,21,21,21,21,43,0],"gold":20,"neow_bonus":"RANDOM_COMMON_RELIC","is_prod":false,"is_daily":false,"chose_seed":false,"campfire_upgraded":2,"win_rate":0,"timestamp":1564036946,"path_taken":["M","M","$","?","?","E","?","?","T","M","R","?","R","$","R","BOSS"],"build_version":"2019-07-17","purchased_purges":0,"victory":false,"max_hp_per_floor":[75,75,75,75,75,75,75,75,75,75,75,75,75,75,75,75],"card_choices":[{"not_picked":["Twin Strike","Bloodletting"],"picked":"Thunderclap","floor":1.0},{"not_picked":["Shockwave","Heavy Blade"],"picked":"Inflame","floor":2.0},{"not_picked":["Corruption","Dropkick"],"picked":"Offering","floor":6.0},{"not_picked":["Rampage","Heavy Blade"],"picked":"Sword Boomerang","floor":7.0},{"not_picked":["Entrench","Hemokinesis"],"picked":"Rupture","floor":10.0}],"player_experience":689106,"relics_obtained":[{"floor":6.0,"key":"Singing Bowl"},{"floor":9.0,"key":"Centennial Puzzle"}],"event_choices":[{"damage_healed":0.0,"max_hp_gain":0.0,"max_hp_loss":0.0,"gold_gain":0.0,"event_name":"The Cleric","player_choice":"Leave","floor":4.0,"gold_loss":0.0,"damage_taken":0.0},{"damage_healed":0.0,"max_hp_gain":0.0,"max_hp_loss":0.0,"gold_gain":0.0,"event_name":"Upgrade Shrine","player_choice":"Upgraded","floor":5.0,"gold_loss":0.0,"damage_taken":0.0,"cards_upgraded":["Hemokinesis"]},{"damage_healed":0.0,"max_hp_gain":0.0,"max_hp_loss":0.0,"gold_gain":0.0,"event_name":"Shining Light","player_choice":"Entered Light","floor":8.0,"gold_loss":0.0,"damage_taken":23.0,"cards_upgraded":["Sword Boomerang","Inflame"]},{"damage_healed":0.0,"max_hp_gain":0.0,"max_hp_loss":0.0,"gold_gain":150.0,"event_name":"Liars Game","player_choice":"AGREE","floor":12.0,"gold_loss":0.0,"damage_taken":0.0,"cards_obtained":["Doubt"]}],"is_beta":false,"boss_relics":[],"items_purged_floors":[],"is_endless":false,"potions_floor_spawned":[6],"killed_by":"The Guardian","ascension_level":20}