{"gold_per_floor":[115,133,45,45,45,45,76,76,76,76,95,95,133,153,153,249,249,265,280,280,299,16,16,50,50,131,154,154,188,5,25,25,25],"floor_reached":33,"playtime":1129,"items_purged":["Defend_R"],"score":557,"play_id":"59f8bda4-7a0e-4f62-806a-fae2ac9e1095","local_time":"20181227160125","is_ascension_mode":true,"campfire_choices":[{"data":"Perfected Strike","floor":6.0,"key":"SMITH"},{"floor":8.0,"key":"REST"},{"data":"Battle Trance","floor":12.0,"key":"SMITH"},{"data":"Perfected Strike","floor":15.0,"key":"SMITH"},{"floor":23.0,"key":"REST"},{"floor":25.0,"key":"REST"},{"floor":32.0,"key":"REST"}],"neow_cost":"NONE","seed_source_timestamp":256351014181700,"circlet_count":0,"master_deck":["AscendersBane","Strike_R","Strike_R","Strike_R","Strike_R","Strike_R+1","Defend_R","Defend_R+1","Defend_R","Bash+1","Shrug It Off","Perfected Strike+1","Battle Trance+1","Pommel Strike","Perfected Strike+1","Feed","Dual Wield","Perfected Strike","Finesse"],"special_seed":0,"relics":["Burning Blood","Golden Idol","Happy Flower","Sundial","Strawberry","Sozu","MutagenicStrength","Mercury Hourglass","Ornamental Fan","Bottled Flame","Frozen Egg 2"],"potions_floor_usage":[],"damage_taken":[{"damage":7.0,"enemies":"Jaw Worm","floor":1.0,"turns":3.0},{"damage":10.0,"enemies":"Small Slimes","floor":2.0,"turns":4.0},{"damage":32.0,"enemies":"Gremlin Nob","floor":7.0,"turns":4.0},{"damage":0.0,"enemies":"Cultist","floor":11.0,"turns":4.0},{"damage":29.0,"enemies":"3 Sentries","floor":13.0,"turns":7.0},{"damage":0.0,"enemies":"Large Slime","floor":14.0,"turns":3.0},{"damage":53.0,"enemies":"Slime Boss","floor":16.0,"turns":9.0},{"damage":19.0,"enemies":"Shell Parasite","floor":18.0,"turns":3.0},{"damage":14.0,"enemies":"2 Thieves","floor":19.0,"turns":4.0},{"damage":12.0,"enemies":"Chosen and Byrds","floor":21.0,"turns":5.0},{"damage":36.0,"enemies":"Book of Stabbing","floor":24.0,"turns":3.0},{"damage":2.0,"enemies":"Sentry and Sphere","floor":27.0,"turns":3.0},{"damage":26.0,"enemies":"Slavers","floor":29.0,"turns":4.0},{"damage":11.0,"enemies":"Snake Plant","floor":31.0,"turns":2.0},{"damage":65,"enemies":"Automaton","floor":33,"turns":8}],"seed_played":"7269455803001385134","potions_obtained":[{"floor":7.0,"key":"Swift Potion"},{"floor":13.0,"key":"LiquidBronze"}],"is_trial":false,"path_per_floor":["M","M","$","?","?","R","E","R","T","?","M","R","E","M","R","B",null,"M","M","?","M","$","R","E","R","T","M","$","E","$","M","R","B"],"character_chosen":"IRONCLAD","items_purchased":["Battle Trance","Mercury Hourglass","Finesse"],"campfire_rested":4,"item_purchase_floors":[3,22,30],"current_hp_per_floor":[67,63,63,63,43,43,17,37,37,59,65,65,49,55,55,8,58,45,37,37,31,31,53,26,49,49,53,53,33,33,28,51,0],"gold":25,"neow_bonus":"UPGRADE_CARD","is_prod":false,"is_daily":false,"chose_seed":false,"campfire_upgraded":3,"win_rate":0,"timestamp":1545955285,"path_taken":["M","M","$","?","?","R","E","R","T","?","M","R","E","M","R","BOSS","M","M","?","M","$","R","E","R","T","M","?","E","$","M","R","BOSS"],"build_version":"2018-12-20","purchased_purges":1,"victory":false,"max_hp_per_floor":[75,75,75,68,68,68,68,68,68,68,68,68,75,75,75,75,75,75,75,75,75,75,75,78,78,78,78,78,78,78,78,78,78],"card_choices":[{"not_picked":["Flex","Warcry"],"picked":"Shrug It Off","floor":1.0},{"not_picked":["Headbutt","Anger"],"picked":"Perfected Strike","floor":2.0},{"not_picked":["Sever Soul","Flex","Sentinel"],"picked":"SKIP","floor":7.0},{"not_picked":["Inflame","Flex"],"picked":"Pommel Strike","floor":11.0},{"not_picked":["Burning Pact","Blood for Blood"],"picked":"Perfected Strike","floor":13.0},{"not_picked":["Combust","Metallicize","Spot Weakness"],"picked":"SKIP","floor":14.0},{"not_picked":["Combust","Metallicize","Spot Weakness"],"picked":"SKIP","floor":14.0},{"not_picked":["Double Tap","Reaper"],"picked":"Feed","floor":16.0},{"not_picked":["Havoc","Burning Pact","Carnage"],"picked":"SKIP","floor":18.0},{"not_picked":["Dual Wield","Anger","Sword Boomerang"],"picked":"SKIP","floor":19.0},{"not_picked":["Anger","Sword Boomerang"],"picked":"Dual Wield","floor":19.0},{"not_picked":["Flex","True Grit","Fire Breathing"],"picked":"SKIP","floor":21.0},{"not_picked":["Warcry","Offering"],"picked":"Perfected Strike","floor":24.0},{"not_picked":["Anger+1","Shrug It Off","Battle Trance+1"],"picked":"SKIP","floor":27.0},{"not_picked":["Wild Strike","Sever Soul","Iron Wave"],"picked":"SKIP","floor":29.0},{"not_picked":["Sever Soul","Ghostly Armor","Cleave"],"picked":"SKIP","floor":31.0}],"player_experience":214504,"relics_obtained":[{"floor":7.0,"key":"Happy Flower"},{"floor":9.0,"key":"Sundial"},{"floor":13.0,"key":"Strawberry"},{"floor":24.0,"key":"Ornamental Fan"},{"floor":26.0,"key":"Bottled Flame"},{"floor":29.0,"key":"Frozen Egg 2"}],"event_choices":[{"damage_healed":0.0,"max_hp_gain":0.0,"max_hp_loss":7.0,"gold_gain":0.0,"event_name":"Golden Idol","player_choice":"Lose Max HP","floor":4.0,"gold_loss":0.0,"damage_taken":0.0,"relics_obtained":["Golden Idol"]},{"damage_healed":0.0,"max_hp_gain":0.0,"max_hp_loss":0.0,"gold_gain":0.0,"event_name":"Shining Light","player_choice":"Entered Light","floor":5.0,"gold_loss":0.0,"damage_taken":20.0,"cards_upgraded":["Defend_R","Strike_R"]},{"damage_healed":22.0,"max_hp_gain":0.0,"max_hp_loss":0.0,"gold_gain":0.0,"event_name":"Big Fish","player_choice":"Banana","floor":10.0,"gold_loss":0.0,"damage_taken":0.0},{"damage_healed":0.0,"max_hp_gain":0.0,"max_hp_loss":0.0,"gold_gain":0.0,"event_name":"Drug Dealer","player_choice":"Inject Mutagens","floor":20.0,"gold_loss":0.0,"damage_taken":0.0,"relics_obtained":["MutagenicStrength"]}],"is_beta":false,"boss_relics":[{"not_picked":["Black Star","White Beast Statue"],"picked":"Sozu"}],"items_purged_floors":[30],"is_endless":false,"potions_floor_spawned":[7,13,16,18,21,27,31],"killed_by":"Automaton","ascension_level":18}