{"gold_per_floor":[216,236,255,85,102,102,136,136,163,163,163,63,138,150,150,253,253,271,196,196,206,224,253,253,264,287,302,302],"floor_reached":28,"playtime":1249,"items_purged":["Strike_B","Strike_B"],"score":240,"play_id":"7f83f93c-b523-45cb-8920-1dfab0afb7fc","local_time":"20190906092813","is_ascension_mode":false,"campfire_choices":[{"data":"Defragment","floor":6,"key":"SMITH"},{"data":"Loop","floor":8,"key":"SMITH"},{"data":"Sweeping Beam","floor":11,"key":"SMITH"},{"floor":15,"key":"REST"},{"data":"Genetic Algorithm","floor":24,"key":"SMITH"}],"neow_cost":"NONE","seed_source_timestamp":1786489358638400,"circlet_count":0,"master_deck":["Strike_B","Strike_B","Defend_B","Defend_B","Defend_B","Zap","Dualcast","Loop+1","Glacier","Sweeping Beam+1","Cold Snap","Defragment+1","Hologram","Buffer","Go for the Eyes","Electrodynamics","Conserve Battery","Redo","Genetic Algorithm+1","Redo","Cold Snap","Consume","Turbo"],"relics":["Cracked Core","Bronze Scales","Pen Nib","Inserter","Prayer Wheel","Vajra"],"potions_floor_usage":[23,23],"damage_taken":[{"damage":0,"enemies":"Cultist","floor":1,"turns":4},{"damage":2,"enemies":"Small Slimes","floor":2,"turns":4},{"damage":0,"enemies":"Jaw Worm","floor":3,"turns":5},{"damage":0,"enemies":"Large Slime","floor":5,"turns":5},{"damage":1,"enemies":"3 Sentries","floor":7,"turns":8},{"damage":4,"enemies":"Lots of Slimes","floor":14,"turns":2},{"damage":5,"enemies":"The Guardian","floor":16,"turns":13},{"damage":6,"enemies":"Chosen","floor":18,"turns":6},{"damage":0,"enemies":"Shell Parasite","floor":21,"turns":7},{"damage":3,"enemies":"Centurion and Healer","floor":22,"turns":7},{"damage":29,"enemies":"Slavers","floor":23,"turns":3},{"damage":6,"enemies":"Chosen and Byrds","floor":25,"turns":5},{"damage":29,"enemies":"Sentry and Sphere","floor":27,"turns":6},{"damage":5,"enemies":"Centurion and Healer","floor":28,"turns":1}],"seed_played":"5317411505322922824","potions_obtained":[{"floor":5,"key":"Ancient Potion"},{"floor":21,"key":"FocusPotion"},{"floor":23,"key":"GamblersBrew"},{"floor":27,"key":"Energy Potion"}],"is_trial":false,"path_per_floor":["M","M","M","$","M","R","E","R","T","?","R","$","?","M","R","B",null,"M","?","?","M","M","E","R","M","T","M","M"],"character_chosen":"DEFECT","items_purchased":["Cold Snap","Defragment"],"campfire_rested":1,"item_purchase_floors":[4,4],"current_hp_per_floor":[75,73,73,73,73,73,72,72,72,54,54,54,43,39,61,56,75,69,69,69,69,66,37,37,31,31,2,0],"gold":302,"neow_bonus":"HUNDRED_GOLD","is_prod":false,"is_daily":false,"chose_seed":false,"campfire_upgraded":4,"win_rate":0,"timestamp":1567787293,"path_taken":["M","M","M","$","M","R","E","R","T","?","R","$","?","M","R","BOSS","M","?","?","?","M","E","R","M","T","M","M"],"build_version":"2019-07-17","purchased_purges":2,"victory":false,"max_hp_per_floor":[75,75,75,75,75,75,75,75,75,75,75,75,75,75,75,75,75,75,75,75,75,75,75,75,75,75,75,75],"card_choices":[{"not_picked":["Streamline","Coolheaded"],"picked":"Loop","floor":1},{"not_picked":["Redo","Chill"],"picked":"Glacier","floor":2},{"not_picked":["Stack","Streamline"],"picked":"Sweeping Beam","floor":3},{"not_picked":["Redo","Hello World"],"picked":"Hologram","floor":5},{"not_picked":["Barrage","Turbo"],"picked":"Buffer","floor":7},{"not_picked":["Gash","Streamline"],"picked":"Go for the Eyes","floor":14},{"not_picked":["Amplify","Fission"],"picked":"Electrodynamics","floor":16},{"not_picked":["Stack","Gash"],"picked":"Conserve Battery","floor":18},{"not_picked":["Darkness","Recycle"],"picked":"Redo","floor":21},{"not_picked":["Leap","Sweeping Beam"],"picked":"Genetic Algorithm","floor":22},{"not_picked":["Beam Cell+1","Sunder"],"picked":"Redo","floor":23},{"not_picked":["Hologram","Gash"],"picked":"Cold Snap","floor":25},{"not_picked":["Tempest","Barrage","Reprogram"],"picked":"SKIP","floor":25},{"not_picked":["Steam","Go for the Eyes"],"picked":"Consume","floor":27},{"not_picked":["Beam Cell","Fission"],"picked":"Turbo","floor":27}],"player_experience":127704,"relics_obtained":[{"floor":7,"key":"Bronze Scales"},{"floor":23,"key":"Prayer Wheel"},{"floor":26,"key":"Vajra"}],"event_choices":[{"damage_healed":0,"gold_gain":0,"player_choice":"Success","damage_taken":18,"relics_obtained":["Pen Nib"],"max_hp_gain":0,"max_hp_loss":0,"event_name":"Scrap Ooze","floor":10,"gold_loss":0},{"damage_healed":0,"gold_gain":75,"player_choice":"Gather Gold","damage_taken":11,"max_hp_gain":0,"max_hp_loss":0,"event_name":"World of Goop","floor":13,"gold_loss":0},{"cards_removed":["Defend_B"],"damage_healed":0,"gold_gain":0,"player_choice":"Gave Gold","damage_taken":0,"max_hp_gain":0,"max_hp_loss":0,"event_name":"Beggar","floor":19,"gold_loss":75},{"damage_healed":0,"gold_gain":0,"player_choice":"Ignored","damage_taken":0,"max_hp_gain":0,"max_hp_loss":0,"event_name":"N\u0027loth","floor":20,"gold_loss":0}],"is_beta":false,"boss_relics":[{"not_picked":["Fusion Hammer","Coffee Dripper"],"picked":"Inserter"}],"items_purged_floors":[4,12],"is_endless":false,"potions_floor_spawned":[5,21,23,27],"killed_by":"Centurion and Healer","ascension_level":0}