{"gold_per_floor":[360,372,3,3,17,48,58,76,76,76],"floor_reached":10,"playtime":507,"items_purged":[],"score":140,"play_id":"f4ee92d7-9e9e-4003-8b77-cc6e83319d02","local_time":"20190719011950","is_ascension_mode":true,"campfire_choices":[],"neow_cost":"PERCENT_DAMAGE","seed_source_timestamp":151477443362000,"circlet_count":0,"master_deck":["AscendersBane","Strike_R","Strike_R","Strike_R","Strike_R","Strike_R","Defend_R","Defend_R","Defend_R","Defend_R","Bash","Iron Wave","Shrug It Off","Fiend Fire+1","Feel No Pain","Feel No Pain","Cleave","Rampage","Corruption","Cleave"],"relics":["Burning Blood","DollysMirror","Potion Belt","Prayer Wheel"],"potions_floor_usage":[10,10,10,10],"damage_taken":[{"damage":1,"enemies":"Small Slimes","floor":1,"turns":4},{"damage":6,"enemies":"Cultist","floor":2,"turns":3},{"damage":8,"enemies":"Jaw Worm","floor":5,"turns":5},{"damage":29,"enemies":"3 Sentries","floor":6,"turns":19},{"damage":8,"enemies":"Blue Slaver","floor":7,"turns":2},{"damage":14,"enemies":"Large Slime","floor":8,"turns":8},{"damage":20,"enemies":"Gremlin Nob","floor":10,"turns":3}],"seed_played":"-5033602819821316520","potions_obtained":[{"floor":2,"key":"EssenceOfSteel"},{"floor":5,"key":"Dexterity Potion"},{"floor":6,"key":"PowerPotion"},{"floor":7,"key":"AttackPotion"}],"is_trial":false,"path_per_floor":["M","M","$","?","M","E","M","M","T","E"],"character_chosen":"IRONCLAD","items_purchased":["Fiend Fire","Feel No Pain","DollysMirror"],"campfire_rested":0,"item_purchase_floors":[3,3,3],"current_hp_per_floor":[55,55,55,55,53,30,28,20,20,0],"gold":76,"neow_bonus":"TWO_FIFTY_GOLD","is_prod":false,"is_daily":false,"chose_seed":false,"campfire_upgraded":0,"win_rate":0,"timestamp":1563524390,"path_taken":["M","M","$","?","M","E","M","?","T","E"],"build_version":"2019-07-17","purchased_purges":0,"victory":false,"max_hp_per_floor":[75,75,75,75,75,75,75,75,75,75],"card_choices":[{"not_picked":["Warcry","Armaments"],"picked":"Iron Wave","floor":1},{"not_picked":["Pummel","Sentinel"],"picked":"Shrug It Off","floor":2},{"not_picked":["Clothesline","Ghostly Armor"],"picked":"Cleave","floor":5},{"not_picked":["Evolve","Uppercut"],"picked":"Rampage","floor":6},{"not_picked":["Clothesline","Impervious"],"picked":"Corruption","floor":7},{"not_picked":["Iron Wave","Shrug It Off"],"picked":"Cleave","floor":8}],"player_experience":673420,"relics_obtained":[{"floor":6,"key":"Potion Belt"},{"floor":9,"key":"Prayer Wheel"}],"event_choices":[{"damage_healed":0,"gold_gain":0,"player_choice":"Upgraded","damage_taken":0,"max_hp_gain":0,"max_hp_loss":0,"event_name":"Upgrade Shrine","floor":4,"gold_loss":0,"cards_upgraded":["Fiend Fire"]}],"is_beta":false,"boss_relics":[],"items_purged_floors":[],"is_endless":false,"potions_floor_spawned":[2,5,6,7],"killed_by":"Gremlin Nob","ascension_level":20}