{"gold_per_floor":[112,112,112,112,112,112,152,167,190,233,253,271,271,295,295,394,394,407,407,69,69,89,89,130,130,183,197,197,97,111,132,132,226,226,251,251,251,270,41,41,72,122,122,145,145],"floor_reached":45,"playtime":1539,"items_purged":["Writhe","Strike_R"],"score":942,"play_id":"0a7615a7-94a5-4609-bb9c-72a335b07b13","local_time":"20190905230504","is_ascension_mode":true,"campfire_choices":[{"data":"Iron Wave","floor":6.0,"key":"SMITH"},{"data":"Armaments","floor":15.0,"key":"SMITH"},{"floor":23.0,"key":"REST"},{"floor":25.0,"key":"REST"},{"data":"Demon Form","floor":28.0,"key":"SMITH"},{"data":"Burning Pact","floor":32.0,"key":"SMITH"},{"floor":40.0,"key":"REST"}],"neow_cost":"NONE","seed_source_timestamp":407537873748700,"circlet_count":0,"master_deck":["AscendersBane","Strike_R","Strike_R","Strike_R","Strike_R","Defend_R","Defend_R","Defend_R+1","Defend_R","Bash+1","Iron Wave+1","Inflame","Shockwave","Armaments+1","Sword Boomerang","Pummel","Demon Form+1","True Grit","Combust","Exhume","Uppercut+1","Burning Pact+1","Shrug It Off","Pummel","Disarm+1","True Grit","Impervious","Armaments+1","Pommel Strike+1","Impervious"],"special_seed":0,"relics":["Burning Blood","Golden Idol","Charon\u0027s Ashes","Red Skull","Centennial Puzzle","Champion Belt","Dream Catcher","Sozu","Regal Pillow","OrangePellets","Potion Belt","Vajra","Eternal Feather","ClockworkSouvenir","The Courier"],"potions_floor_usage":[44],"damage_taken":[{"damage":0.0,"enemies":"2 Louse","floor":1.0,"turns":3.0},{"damage":20.0,"enemies":"3 Sentries","floor":7.0,"turns":7.0},{"damage":0.0,"enemies":"Small Slimes","floor":8.0,"turns":3.0},{"damage":21.0,"enemies":"Gremlin Nob","floor":10.0,"turns":4.0},{"damage":0.0,"enemies":"Cultist","floor":11.0,"turns":3.0},{"damage":1.0,"enemies":"Looter","floor":12.0,"turns":3.0},{"damage":1.0,"enemies":"Red Slaver","floor":14.0,"turns":3.0},{"damage":22.0,"enemies":"Slime Boss","floor":16.0,"turns":8.0},{"damage":21.0,"enemies":"2 Thieves","floor":18.0,"turns":3.0},{"damage":25.0,"enemies":"Shell Parasite","floor":22.0,"turns":4.0},{"damage":58.0,"enemies":"Slavers","floor":24.0,"turns":5.0},{"damage":18.0,"enemies":"3 Cultists","floor":27.0,"turns":4.0},{"damage":0.0,"enemies":"Cultist and Chosen","floor":30.0,"turns":4.0},{"damage":3.0,"enemies":"Snake Plant","floor":31.0,"turns":5.0},{"damage":23.0,"enemies":"Collector","floor":33.0,"turns":6.0},{"damage":61.0,"enemies":"3 Darklings","floor":35.0,"turns":6.0},{"damage":3.0,"enemies":"3 Shapes","floor":38.0,"turns":11.0},{"damage":32.0,"enemies":"Nemesis","floor":41.0,"turns":11.0},{"damage":33,"enemies":"3 Darklings","floor":44,"turns":7},{"damage":32,"enemies":"Reptomancer","floor":45,"turns":2}],"seed_played":"-3811717634816071287","potions_obtained":[{"floor":7.0,"key":"SpeedPotion"},{"floor":8.0,"key":"BloodPotion"}],"is_trial":false,"path_per_floor":["M","?","?","?","?","R","E","M","T","E","M","M","T","M","R","B",null,"M","?","$","?","M","R","E","R","T","M","R","$","M","M","R","B",null,"M","?","?","M","$","R","E","?","T","M","E"],"character_chosen":"IRONCLAD","items_purchased":["OrangePellets","Combust","ClockworkSouvenir"],"campfire_rested":3,"item_purchase_floors":[20,20,39],"current_hp_per_floor":[81,81,56,56,38,38,24,30,30,15,21,26,26,31,31,15,59,44,44,44,44,25,62,10,47,47,35,35,35,41,44,44,27,62,7,7,7,10,10,62,36,36,36,27,0],"gold":145,"neow_bonus":"TEN_PERCENT_HP_BONUS","is_prod":false,"is_daily":false,"chose_seed":false,"campfire_upgraded":4,"win_rate":0,"timestamp":1567749904,"path_taken":["M","?","?","?","?","R","E","M","T","E","M","M","?","?","R","BOSS","M","?","$","?","M","R","E","R","T","M","R","$","M","M","R","BOSS","M","?","?","M","$","R","E","?","T","M","E"],"build_version":"2019-07-17","purchased_purges":2,"victory":false,"max_hp_per_floor":[82,82,82,74,74,74,74,74,74,74,74,74,74,74,74,74,74,74,74,74,74,74,74,74,74,74,74,74,74,74,74,74,74,74,74,74,74,74,74,74,74,74,74,74,74],"card_choices":[{"not_picked":["Entrench","Bloodletting"],"picked":"Iron Wave","floor":1.0},{"not_picked":["Havoc","Flex"],"picked":"Inflame","floor":7.0},{"not_picked":["Armaments","Evolve"],"picked":"Shockwave","floor":8.0},{"not_picked":["Power Through","Metallicize","Iron Wave"],"picked":"SKIP","floor":10.0},{"not_picked":["Headbutt","Pommel Strike"],"picked":"Armaments","floor":11.0},{"not_picked":["Battle Trance","Power Through"],"picked":"Sword Boomerang","floor":12.0},{"not_picked":["Pommel Strike","Rupture"],"picked":"Pummel","floor":14.0},{"not_picked":["Fiend Fire","Limit Break"],"picked":"Demon Form","floor":16.0},{"not_picked":["Headbutt","Pummel"],"picked":"True Grit","floor":18.0},{"not_picked":["Clothesline","Perfected Strike"],"picked":"Uppercut+1","floor":22.0},{"not_picked":["Metallicize","Iron Wave"],"picked":"Burning Pact","floor":23.0},{"not_picked":["Pommel Strike","Cleave"],"picked":"Shrug It Off","floor":24.0},{"not_picked":["Cleave","Demon Form"],"picked":"Pummel","floor":27.0},{"not_picked":["Rage","Headbutt"],"picked":"Disarm+1","floor":30.0},{"not_picked":["Body Slam+1","Warcry"],"picked":"True Grit","floor":31.0},{"not_picked":["Exhume","Juggernaut"],"picked":"Impervious","floor":33.0},{"not_picked":["Rupture","Iron Wave"],"picked":"Armaments+1","floor":35.0},{"not_picked":["True Grit","Dual Wield+1","Rage"],"picked":"SKIP","floor":38.0},{"not_picked":["Spot Weakness","Second Wind"],"picked":"Pommel Strike+1","floor":40.0},{"not_picked":["Armaments","Spot Weakness"],"picked":"Impervious","floor":41.0},{"not_picked":["Rampage","Warcry","Headbutt"],"picked":"SKIP","floor":44}],"player_experience":875198,"relics_obtained":[{"floor":7.0,"key":"Red Skull"},{"floor":9.0,"key":"Centennial Puzzle"},{"floor":10.0,"key":"Champion Belt"},{"floor":13.0,"key":"Dream Catcher"},{"floor":24.0,"key":"Potion Belt"},{"floor":26.0,"key":"Vajra"},{"floor":41.0,"key":"The Courier"}],"event_choices":[{"damage_healed":0.0,"max_hp_gain":0.0,"max_hp_loss":0.0,"gold_gain":0.0,"event_name":"The Cleric","player_choice":"Leave","floor":2.0,"gold_loss":0.0,"damage_taken":0.0},{"damage_healed":0.0,"max_hp_gain":0.0,"max_hp_loss":0.0,"gold_gain":0.0,"event_name":"Shining Light","player_choice":"Entered Light","floor":3.0,"gold_loss":0.0,"damage_taken":25.0,"cards_upgraded":["Bash","Defend_R"]},{"damage_healed":0.0,"max_hp_gain":0.0,"max_hp_loss":8.0,"gold_gain":0.0,"event_name":"Golden Idol","player_choice":"Lose Max HP","floor":4.0,"gold_loss":0.0,"damage_taken":0.0,"relics_obtained":["Golden Idol"]},{"damage_healed":0.0,"max_hp_gain":0.0,"max_hp_loss":0.0,"gold_gain":0.0,"event_name":"Scrap Ooze","player_choice":"Success","floor":5.0,"gold_loss":0.0,"damage_taken":18.0,"relics_obtained":["Charon\u0027s Ashes"]},{"damage_healed":0.0,"max_hp_gain":0.0,"max_hp_loss":0.0,"gold_gain":0.0,"event_name":"The Mausoleum","player_choice":"Opened","floor":19.0,"gold_loss":0.0,"damage_taken":0.0,"relics_obtained":["Regal Pillow"],"cards_obtained":["Writhe"]},{"damage_healed":0.0,"max_hp_gain":0.0,"max_hp_loss":0.0,"gold_gain":0.0,"event_name":"Match and Keep!","player_choice":"1 cards matched","floor":21.0,"gold_loss":0.0,"damage_taken":0.0,"cards_obtained":["Exhume"]},{"damage_healed":0.0,"max_hp_gain":0.0,"max_hp_loss":0.0,"gold_gain":0.0,"event_name":"Tomb of Lord Red Mask","player_choice":"Ignored","floor":36.0,"gold_loss":0.0,"damage_taken":0.0},{"damage_healed":0.0,"max_hp_gain":0.0,"max_hp_loss":0.0,"gold_gain":0.0,"event_name":"Mysterious Sphere","player_choice":"Ignored","floor":37.0,"gold_loss":0.0,"damage_taken":0.0},{"damage_healed":0.0,"max_hp_gain":0.0,"max_hp_loss":0.0,"gold_gain":50.0,"event_name":"Golden Shrine","player_choice":"Pray","floor":42.0,"gold_loss":0.0,"damage_taken":0.0}],"is_beta":false,"boss_relics":[{"not_picked":["Tiny House","Empty Cage"],"picked":"Sozu"},{"not_picked":["Lizard Tail","Velvet Choker"],"picked":"Eternal Feather"}],"items_purged_floors":[20,29],"is_endless":false,"potions_floor_spawned":[7,8,12,16,18,22,24,31,35,41],"killed_by":"Reptomancer","ascension_level":20}