{"gold_per_floor":[117,267,35,47,47,47,77,87,87,113,134,162,162,87,87,160,160,172,172,172,172,190,190,221,2,2,32,32,64,81,112,112,186,186,206,206,72,72,87,87,120,137,137,137,151,4,4,25,25,25,25,25,25,25,54,54],"floor_reached":57,"playtime":2354,"items_purged":["Doubt","Decay","Headbutt"],"score":2840,"play_id":"abb135a9-a262-49e4-9a36-6269a727876d","local_time":"20190714150509","is_ascension_mode":true,"campfire_choices":[{"data":"Immolate","floor":6,"key":"SMITH"},{"data":"Fiend Fire","floor":13,"key":"SMITH"},{"data":"Clothesline","floor":15,"key":"SMITH"},{"data":"Pommel Strike","floor":23,"key":"SMITH"},{"data":"Inflame","floor":28,"key":"SMITH"},{"floor":32,"key":"REST"},{"data":"Juggernaut","floor":40,"key":"SMITH"},{"floor":44,"key":"REST"},{"data":"Feel No Pain","floor":47,"key":"SMITH"},{"floor":49,"key":"RECALL"},{"data":"Bash","floor":53,"key":"SMITH"}],"neow_cost":"NONE","seed_source_timestamp":412774658718300,"circlet_count":0,"master_deck":["AscendersBane","Defend_R+1","Defend_R+1","Defend_R+1","Defend_R+1","Bash+1","Pommel Strike+1","Immolate+1","Shrug It Off+1","Clothesline+1","Power Through+1","Fiend Fire+1","Juggernaut+1","True Grit+1","Warcry+1","Impervious+1","Inflame+1","Feed","Reaper+1","Headbutt+1","Clothesline+1","Entrench+1","Feel No Pain+1","True Grit+1","Shrug It Off+1","Flame Barrier+1"],"relics":["Busted Crown","Toxic Egg 2","Juzu Bracelet","Letter Opener","Smiling Mask","Odd Mushroom","Mango","Runic Pyramid","Oddly Smooth Stone","PreservedInsect","Singing Bowl","Dead Branch","Bottled Tornado","Astrolabe","SsserpentHead","Sundial","Happy Flower"],"potions_floor_usage":[16,55],"damage_taken":[{"damage":7,"enemies":"Jaw Worm","floor":1,"turns":4},{"damage":0,"enemies":"2 Louse","floor":4,"turns":2},{"damage":5,"enemies":"3 Sentries","floor":7,"turns":3},{"damage":0,"enemies":"Small Slimes","floor":8,"turns":1},{"damage":0,"enemies":"Gremlin Nob","floor":10,"turns":3},{"damage":11,"enemies":"The Mushroom Lair","floor":11,"turns":3},{"damage":15,"enemies":"Lagavulin","floor":12,"turns":4},{"damage":34,"enemies":"The Guardian","floor":16,"turns":7},{"damage":0,"enemies":"Spheric Guardian","floor":18,"turns":2},{"damage":0,"enemies":"Chosen","floor":22,"turns":3},{"damage":10,"enemies":"Book of Stabbing","floor":24,"turns":4},{"damage":0,"enemies":"Gremlin Leader","floor":27,"turns":4},{"damage":2,"enemies":"Book of Stabbing","floor":29,"turns":3},{"damage":9,"enemies":"Shelled Parasite and Fungi","floor":30,"turns":3},{"damage":17,"enemies":"Gremlin Leader","floor":31,"turns":4},{"damage":39,"enemies":"Champ","floor":33,"turns":15},{"damage":0,"enemies":"Orb Walker","floor":35,"turns":2},{"damage":32,"enemies":"3 Darklings","floor":39,"turns":8},{"damage":20,"enemies":"Giant Head","floor":41,"turns":8},{"damage":45,"enemies":"Writhing Mass","floor":42,"turns":5},{"damage":0,"enemies":"Sphere and 2 Shapes","floor":45,"turns":4},{"damage":10,"enemies":"Donu and Deca","floor":50,"turns":6},{"damage":11,"enemies":"Time Eater","floor":51,"turns":9},{"damage":14,"enemies":"Shield and Spear","floor":55,"turns":6},{"damage":82,"enemies":"The Heart","floor":56,"turns":10}],"seed_played":"-8283506575432076941","potions_obtained":[{"floor":10,"key":"Fruit Juice"},{"floor":11,"key":"Regen Potion"},{"floor":16,"key":"Fire Potion"},{"floor":35,"key":"Fire Potion"}],"is_trial":false,"path_per_floor":["M","?","$","M","T","R","E","M","T","E","?","E","R","?","R","B",null,"M","?","?","?","M","R","E","$","T","E","R","E","M","E","R","B",null,"M","?","$","?","M","R","E","M","T","R","M","$","R","$","R","B","B",null,"R","$","E","B",null],"character_chosen":"IRONCLAD","items_purchased":["Immolate","Impervious+1","Inflame","Entrench+1","Feel No Pain","True Grit+1","Shrug It Off+1"],"campfire_rested":2,"item_purchase_floors":[3,25,25,37,46,46,48],"current_hp_per_floor":[61,61,61,61,61,61,56,56,56,56,45,44,44,44,44,15,74,74,74,74,74,74,74,64,64,64,66,66,66,59,44,74,35,85,87,81,81,81,78,78,60,15,15,48,50,50,50,50,50,51,60,100,100,100,86,15],"gold":54,"neow_bonus":"BOSS_RELIC","is_prod":false,"is_daily":false,"chose_seed":false,"campfire_upgraded":8,"win_rate":0,"timestamp":1563141909,"path_taken":["M","?","$","M","?","R","E","M","T","E","?","E","R","?","R","BOSS","M","?","?","?","M","R","E","$","T","E","R","E","M","E","R","BOSS","M","?","$","?","M","R","E","M","T","R","M","$","R","?","R","BOSS","BOSS","R","$","E","BOSS"],"build_version":"2019-07-05","purchased_purges":3,"victory":true,"max_hp_per_floor":[75,75,75,75,75,75,75,75,75,75,75,89,89,89,89,94,94,94,94,94,94,94,94,94,94,94,96,96,98,100,102,102,102,102,104,104,104,104,109,109,111,111,111,111,113,113,113,113,113,113,113,113,113,113,113,113],"card_choices":[{"not_picked":[],"picked":"Pommel Strike","floor":1},{"not_picked":[],"picked":"Headbutt","floor":4},{"not_picked":[],"picked":"Shrug It Off+1","floor":7},{"not_picked":[],"picked":"Clothesline","floor":8},{"not_picked":["Iron Wave"],"picked":"SKIP","floor":10},{"not_picked":[],"picked":"Power Through+1","floor":11},{"not_picked":[],"picked":"Fiend Fire","floor":12},{"not_picked":[],"picked":"Juggernaut","floor":16},{"not_picked":[],"picked":"True Grit+1","floor":18},{"not_picked":[],"picked":"Warcry+1","floor":22},{"not_picked":["Heavy Blade"],"picked":"SKIP","floor":24},{"not_picked":["Thunderclap"],"picked":"Singing Bowl","floor":27},{"not_picked":["Warcry+1"],"picked":"Singing Bowl","floor":29},{"not_picked":["Wild Strike"],"picked":"Singing Bowl","floor":30},{"not_picked":["Clothesline"],"picked":"Singing Bowl","floor":31},{"not_picked":[],"picked":"Feed","floor":33},{"not_picked":["Ghostly Armor+1"],"picked":"Singing Bowl","floor":35},{"not_picked":["Rage+1"],"picked":"Singing Bowl","floor":39},{"not_picked":["Headbutt"],"picked":"Singing Bowl","floor":41},{"not_picked":["Armaments+1"],"picked":"SKIP","floor":42},{"not_picked":["Dual Wield+1"],"picked":"Singing Bowl","floor":45},{"not_picked":[],"picked":"Flame Barrier+1","floor":55}],"player_experience":659823,"relics_obtained":[{"floor":5,"key":"Toxic Egg 2"},{"floor":7,"key":"Juzu Bracelet"},{"floor":9,"key":"Letter Opener"},{"floor":10,"key":"Smiling Mask"},{"floor":11,"key":"Odd Mushroom"},{"floor":12,"key":"Mango"},{"floor":24,"key":"Oddly Smooth Stone"},{"floor":26,"key":"PreservedInsect"},{"floor":27,"key":"Singing Bowl"},{"floor":29,"key":"Dead Branch"},{"floor":31,"key":"Bottled Tornado"},{"floor":41,"key":"Sundial"},{"floor":55,"key":"Happy Flower"}],"event_choices":[{"damage_healed":0,"gold_gain":150,"player_choice":"AGREE","damage_taken":0,"max_hp_gain":0,"max_hp_loss":0,"event_name":"Liars Game","floor":2,"gold_loss":0,"cards_obtained":["Doubt"]},{"damage_healed":0,"gold_gain":0,"player_choice":"Fought Mushrooms","damage_taken":0,"max_hp_gain":0,"max_hp_loss":0,"event_name":"Mushrooms","floor":11,"gold_loss":0},{"cards_removed":["Strike_R"],"damage_healed":0,"gold_gain":0,"player_choice":"Card Removal","damage_taken":0,"max_hp_gain":0,"max_hp_loss":0,"event_name":"The Cleric","floor":14,"gold_loss":75},{"cards_removed":["Strike_R"],"damage_healed":0,"gold_gain":0,"player_choice":"Offered Basic","damage_taken":0,"max_hp_gain":0,"max_hp_loss":0,"event_name":"Bonfire Elementals","floor":19,"gold_loss":0},{"damage_healed":0,"gold_gain":0,"player_choice":"Smashed Altar","damage_taken":0,"max_hp_gain":0,"max_hp_loss":0,"event_name":"Forgotten Altar","floor":20,"gold_loss":0,"cards_obtained":["Decay"]},{"damage_healed":0,"gold_gain":0,"player_choice":"Simplicity","damage_taken":0,"max_hp_gain":0,"max_hp_loss":0,"event_name":"Back to Basics","floor":21,"gold_loss":0,"cards_upgraded":["Strike_R","Strike_R","Strike_R","Defend_R","Defend_R","Defend_R","Defend_R"]},{"damage_healed":0,"gold_gain":0,"player_choice":"Bought 0 Potions","damage_taken":0,"max_hp_gain":0,"max_hp_loss":0,"event_name":"The Woman in Blue","floor":36,"gold_loss":0},{"damage_healed":0,"gold_gain":0,"player_choice":"Trade","damage_taken":0,"relics_obtained":["SsserpentHead"],"max_hp_gain":0,"max_hp_loss":0,"event_name":"FaceTrader","floor":38,"gold_loss":0}],"is_beta":false,"boss_relics":[{"not_picked":["Runic Cube","Orrery"],"picked":"Runic Pyramid"},{"not_picked":["Mark of Pain","Cursed Key"],"picked":"Astrolabe"}],"items_purged_floors":[3,37,46],"is_endless":false,"potions_floor_spawned":[10,11,16,22,24,33,35,39,42],"ascension_level":20}