{"gold_per_floor":[110,124,124,45,45,64,64,64,89,109,157,173,173,203,203,203],"floor_reached":16,"playtime":327,"items_purged":[],"score":200,"play_id":"e7408db6-82a4-4ab3-adbc-f9ae592900f2","local_time":"20190806203536","is_ascension_mode":true,"campfire_choices":[{"data":"Perfected Strike","floor":8.0,"key":"SMITH"},{"data":"Perfected Strike","floor":13.0,"key":"SMITH"},{"data":"Inflame","floor":15.0,"key":"SMITH"}],"neow_cost":"NONE","seed_source_timestamp":276200101488200,"circlet_count":0,"master_deck":["AscendersBane","Strike_R","Strike_R","Strike_R","Strike_R","Defend_R","Defend_R","Defend_R","Defend_R","Bash","Perfected Strike+1","Headbutt","Pommel Strike","Perfected Strike+1","Inflame+1","Corruption","Impervious","Whirlwind"],"special_seed":0,"relics":["Burning Blood","Omamori","Juzu Bracelet","Lantern"],"potions_floor_usage":[],"damage_taken":[{"damage":9.0,"enemies":"Jaw Worm","floor":1.0,"turns":4.0},{"damage":1.0,"enemies":"Cultist","floor":2.0,"turns":3.0},{"damage":14.0,"enemies":"Small Slimes","floor":6.0,"turns":3.0},{"damage":23.0,"enemies":"Exordium Thugs","floor":10.0,"turns":3.0},{"damage":16.0,"enemies":"Blue Slaver","floor":12.0,"turns":4.0},{"damage":25.0,"enemies":"3 Sentries","floor":14.0,"turns":6.0},{"damage":23,"enemies":"The Guardian","floor":16,"turns":9}],"seed_played":"5850891456691551760","potions_obtained":[{"floor":1.0,"key":"SteroidPotion"},{"floor":2.0,"key":"Energy Potion"},{"floor":7.0,"key":"Poison Potion"},{"floor":14.0,"key":"Energy Potion"}],"is_trial":false,"path_per_floor":["M","M","?","$","$","M","?","R","T","M","T","M","R","E","R","B"],"character_chosen":"IRONCLAD","items_purchased":["Pommel Strike","Perfected Strike"],"campfire_rested":0,"item_purchase_floors":[4,4],"current_hp_per_floor":[72,77,77,77,77,69,69,69,69,52,52,42,42,23,23,0],"gold":203,"neow_bonus":"TEN_PERCENT_HP_BONUS","is_prod":false,"is_daily":false,"chose_seed":false,"campfire_upgraded":3,"win_rate":0,"timestamp":1565148936,"path_taken":["M","M","?","?","$","M","?","R","T","?","?","M","R","E","R","BOSS"],"build_version":"2019-07-17","purchased_purges":0,"victory":false,"max_hp_per_floor":[82,82,82,82,82,82,82,82,82,82,82,82,82,82,82,82],"card_choices":[{"not_picked":["Fire Breathing","Reckless Charge"],"picked":"Perfected Strike","floor":1.0},{"not_picked":["Heavy Blade","Clothesline"],"picked":"Headbutt","floor":2.0},{"not_picked":["Pommel Strike","Rampage"],"picked":"Inflame","floor":6.0},{"not_picked":["Cleave","Thunderclap"],"picked":"Corruption","floor":10.0},{"not_picked":["Pommel Strike","Body Slam"],"picked":"Impervious","floor":12.0},{"not_picked":["Havoc","Second Wind"],"picked":"Whirlwind","floor":14.0}],"player_experience":741340,"relics_obtained":[{"floor":9.0,"key":"Omamori"},{"floor":11.0,"key":"Juzu Bracelet"},{"floor":14.0,"key":"Lantern"}],"event_choices":[{"cards_removed":["Strike_R"],"damage_healed":0.0,"max_hp_gain":0.0,"max_hp_loss":0.0,"gold_gain":0.0,"event_name":"Purifier","player_choice":"Purged","floor":3.0,"gold_loss":0.0,"damage_taken":0.0},{"damage_healed":0.0,"max_hp_gain":0.0,"max_hp_loss":0.0,"gold_gain":0.0,"event_name":"Lab","player_choice":"Got Potions","floor":7.0,"gold_loss":0.0,"damage_taken":0.0}],"is_beta":false,"boss_relics":[],"items_purged_floors":[],"is_endless":false,"potions_floor_spawned":[1,2,14],"killed_by":"The Guardian","ascension_level":20}