{"gold_per_floor":[20,95,105,105,30,59,59,8,57,68,88,88,104,104,116,128],"floor_reached":16,"playtime":461,"items_purged":["Strike_R"],"score":170,"play_id":"d35902c9-408b-47e9-8f89-cb7cbea2fdc4","local_time":"20181218034756","is_ascension_mode":true,"campfire_choices":[{"floor":7,"key":"REST"},{"data":"Bash","floor":12,"key":"SMITH"},{"floor":15,"key":"REST"}],"neow_cost":"NO_GOLD","seed_source_timestamp":245906517209500,"circlet_count":0,"master_deck":["AscendersBane","Strike_R","Strike_R","Strike_R","Defend_R","Defend_R","Defend_R","Defend_R","Bash+1","Cleave","Armaments","Iron Wave","Dropkick","Cleave"],"relics":["Burning Blood","Thread and Needle","Mercury Hourglass","Happy Flower","MawBank"],"potions_floor_usage":[6,16],"damage_taken":[{"damage":11,"enemies":"Jaw Worm","floor":1,"turns":4},{"damage":4,"enemies":"Small Slimes","floor":3,"turns":5},{"damage":49,"enemies":"Lagavulin","floor":6,"turns":10},{"damage":0,"enemies":"Cultist","floor":10,"turns":3},{"damage":2,"enemies":"Looter","floor":11,"turns":4},{"damage":4,"enemies":"Blue Slaver","floor":13,"turns":4},{"damage":59,"enemies":"Slime Boss","floor":16,"turns":7}],"seed_played":"3550813821792623417","potions_obtained":[{"floor":3,"key":"Poison Potion"},{"floor":11,"key":"Poison Potion"},{"floor":13,"key":"Swift Potion"}],"is_trial":false,"path_per_floor":["M","?","M","?","$","E","R","$","T","M","M","R","M","?","R","B"],"character_chosen":"IRONCLAD","items_purchased":["Iron Wave"],"campfire_rested":2,"item_purchase_floors":[8],"current_hp_per_floor":[63,52,54,54,54,11,33,33,33,39,43,43,45,33,55,0],"gold":128,"neow_bonus":"ONE_RARE_RELIC","is_prod":false,"is_daily":false,"chose_seed":false,"campfire_upgraded":1,"win_rate":0,"timestamp":1545133676,"path_taken":["M","?","M","?","$","E","R","$","T","M","?","R","M","?","R","BOSS"],"build_version":"2018-12-13","purchased_purges":1,"victory":false,"max_hp_per_floor":[75,75,75,75,75,75,75,75,75,75,75,75,75,75,75,75],"card_choices":[{"not_picked":["Iron Wave","Intimidate","Carnage"],"picked":"SKIP","floor":1},{"not_picked":["Thunderclap","Iron Wave"],"picked":"Cleave","floor":3},{"not_picked":["Pommel Strike","Thunderclap"],"picked":"Armaments","floor":6},{"not_picked":["Perfected Strike","Blood for Blood"],"picked":"Dropkick","floor":10},{"not_picked":["Carnage","Impervious"],"picked":"Cleave","floor":11},{"not_picked":["Thunderclap","Blood for Blood","True Grit"],"picked":"SKIP","floor":13}],"player_experience":136761,"relics_obtained":[{"floor":6,"key":"Mercury Hourglass"},{"floor":9,"key":"Happy Flower"}],"event_choices":[{"damage_healed":0,"gold_gain":75,"player_choice":"Gather Gold","damage_taken":11,"max_hp_gain":0,"max_hp_loss":0,"event_name":"World of Goop","floor":2,"gold_loss":0},{"cards_removed":["Strike_R"],"damage_healed":0,"gold_gain":0,"player_choice":"Offered Basic","damage_taken":0,"max_hp_gain":0,"max_hp_loss":0,"event_name":"Bonfire Elementals","floor":4,"gold_loss":0},{"damage_healed":0,"gold_gain":0,"player_choice":"Success","damage_taken":12,"relics_obtained":["MawBank"],"max_hp_gain":0,"max_hp_loss":0,"event_name":"Scrap Ooze","floor":14,"gold_loss":0}],"is_beta":false,"boss_relics":[],"items_purged_floors":[5],"is_endless":false,"potions_floor_spawned":[3,11,13],"killed_by":"Slime Boss","ascension_level":14}