{"gold_per_floor":[118,68,86,86,102,133,133,151,203,223,223,279,299,314,314,419,419,437,347,71,85,85,85,111,111,165,175,194,207,222,236,236,332,332,350,350,37,56,69,69,0,10,37,37,52,71,71,71],"floor_reached":48,"playtime":3997,"items_purged":[],"score":533,"play_id":"6cc5000f-5bf1-4948-ab26-3cf7a250c949","local_time":"20190829194916","is_ascension_mode":true,"campfire_choices":[{"floor":7,"key":"REST"},{"floor":11,"key":"REST"},{"floor":15,"key":"REST"},{"floor":23,"key":"RECALL"},{"floor":25,"key":"REST"},{"floor":32,"key":"REST"},{"data":"Corruption","floor":40,"key":"SMITH"}],"neow_cost":"NONE","seed_source_timestamp":5012550676400,"circlet_count":0,"master_deck":["Strike_R","Strike_R","Strike_R","Defend_R","Defend_R","Defend_R","Defend_R","Bash","Carnage+1","Pummel","Havoc","Seeing Red","Iron Wave","Havoc","Armaments","Corruption+1","Burning Pact","Demon Form","Pommel Strike","Armaments","Evolve","Clothesline","Carnage+1","Heavy Blade+1","Burning Pact","Intimidate","Juggernaut","True Grit+1","Fiend Fire","Burning Pact+1","Corruption+1","Spot Weakness+1","Writhe","Wild Strike+1","Heavy Blade+1","Panache"],"relics":["Philosopher\u0027s Stone","Art of War","Happy Flower","Bag of Preparation","Snecko Eye","Bronze Scales","Tiny Chest","Pear","Pen Nib","Velvet Choker","Magic Flower","Red Mask","Strawberry"],"potions_floor_usage":[16,16,16,16,16,33,33,33,48],"damage_taken":[{"damage":7,"enemies":"Small Slimes","floor":1,"turns":4},{"damage":7,"enemies":"Jaw Worm","floor":3,"turns":2},{"damage":0,"enemies":"2 Louse","floor":5,"turns":2},{"damage":40,"enemies":"3 Sentries","floor":6,"turns":10},{"damage":10,"enemies":"Lots of Slimes","floor":8,"turns":4},{"damage":0,"enemies":"Looter","floor":10,"turns":2},{"damage":45,"enemies":"Lagavulin Event","floor":12,"turns":7},{"damage":0,"enemies":"2 Fungi Beasts","floor":13,"turns":3},{"damage":0,"enemies":"Large Slime","floor":14,"turns":3},{"damage":41,"enemies":"The Guardian","floor":16,"turns":10},{"damage":10,"enemies":"Spheric Guardian","floor":18,"turns":4},{"damage":12,"enemies":"2 Thieves","floor":21,"turns":3},{"damage":18,"enemies":"Book of Stabbing","floor":24,"turns":4},{"damage":18,"enemies":"Shelled Parasite and Fungi","floor":27,"turns":5},{"damage":20,"enemies":"Cultist and Chosen","floor":28,"turns":4},{"damage":0,"enemies":"3 Cultists","floor":29,"turns":3},{"damage":0,"enemies":"Centurion and Healer","floor":30,"turns":2},{"damage":3,"enemies":"Snake Plant","floor":31,"turns":3},{"damage":59,"enemies":"Champ","floor":33,"turns":7},{"damage":2,"enemies":"Orb Walker","floor":35,"turns":3},{"damage":12,"enemies":"3 Darklings","floor":38,"turns":4},{"damage":0,"enemies":"Transient","floor":39,"turns":5},{"damage":74,"enemies":"Sphere and 2 Shapes","floor":42,"turns":6},{"damage":6,"enemies":"Maw","floor":45,"turns":5},{"damage":7,"enemies":"Spire Growth","floor":46,"turns":3},{"damage":22,"enemies":"Transient","floor":48,"turns":4}],"seed_played":"1113106888832169692","potions_obtained":[{"floor":1,"key":"EntropicBrew"},{"floor":3,"key":"SpeedPotion"},{"floor":6,"key":"SpeedPotion"},{"floor":24,"key":"FearPotion"},{"floor":29,"key":"Energy Potion"},{"floor":33,"key":"SkillPotion"},{"floor":39,"key":"GamblersBrew"}],"is_trial":false,"path_per_floor":["M","?","M","T","M","E","R","M","T","M","R","?","M","M","R","B",null,"M","?","$","M","?","R","E","R","T","M","M","M","M","M","R","B",null,"M","?","$","M","M","R","?","M","T","?","M","M","?","M"],"character_chosen":"IRONCLAD","items_purchased":["Bronze Scales","Tiny Chest","Magic Flower"],"campfire_rested":5,"item_purchase_floors":[20,20,37],"current_hp_per_floor":[73,73,66,66,66,26,50,40,40,40,64,19,19,19,43,2,80,70,70,70,58,58,58,50,77,77,59,39,39,39,36,63,4,90,88,88,88,76,76,76,76,2,9,33,27,20,20,0],"gold":71,"neow_bonus":"BOSS_RELIC","is_prod":false,"is_daily":false,"chose_seed":false,"campfire_upgraded":1,"win_rate":0,"timestamp":1567126156,"path_taken":["M","?","M","?","M","E","R","M","T","M","R","?","M","M","R","BOSS","M","?","$","?","?","R","E","R","T","M","M","M","M","M","R","BOSS","M","?","$","M","?","R","?","M","T","?","M","M","?","M"],"build_version":"2019-07-17","purchased_purges":0,"victory":false,"max_hp_per_floor":[80,80,80,80,80,80,80,80,80,80,80,80,80,80,80,80,80,80,80,80,80,80,80,90,90,90,90,90,90,90,90,90,90,90,90,90,90,90,90,90,90,90,97,97,97,97,97,97],"card_choices":[{"not_picked":["Flex","Metallicize"],"picked":"Carnage","floor":1},{"not_picked":["Iron Wave","Rage"],"picked":"Pummel","floor":3},{"not_picked":["Metallicize","Flex"],"picked":"Havoc","floor":5},{"not_picked":["Dual Wield","Perfected Strike"],"picked":"Seeing Red","floor":6},{"not_picked":["Thunderclap","Rage"],"picked":"Iron Wave","floor":8},{"not_picked":["Barricade","Shrug It Off"],"picked":"Havoc","floor":10},{"not_picked":["Flex","Cleave"],"picked":"Armaments","floor":12},{"not_picked":["Clothesline","Dropkick"],"picked":"Corruption","floor":13},{"not_picked":["Cleave","Offering"],"picked":"Burning Pact","floor":14},{"not_picked":["Feed","Dark Embrace"],"picked":"Demon Form","floor":16},{"not_picked":["Flame Barrier","Cleave"],"picked":"Pommel Strike","floor":18},{"not_picked":["Shrug It Off","True Grit"],"picked":"Armaments","floor":21},{"not_picked":["Clash","Wild Strike+1"],"picked":"Evolve","floor":24},{"not_picked":["Cleave","Warcry"],"picked":"Clothesline","floor":27},{"not_picked":["Perfected Strike+1","Armaments"],"picked":"Carnage+1","floor":28},{"not_picked":["Combust","Dual Wield"],"picked":"Heavy Blade+1","floor":29},{"not_picked":["Shockwave","Anger+1"],"picked":"Burning Pact","floor":30},{"not_picked":["Warcry","Brutality"],"picked":"Intimidate","floor":31},{"not_picked":["Impervious","Berserk"],"picked":"Juggernaut","floor":33},{"not_picked":["Inflame","Iron Wave"],"picked":"True Grit+1","floor":35},{"not_picked":["Thunderclap","Shrug It Off+1"],"picked":"Burning Pact+1","floor":38},{"not_picked":["Metallicize","Twin Strike+1"],"picked":"Corruption+1","floor":39},{"not_picked":["Anger","Battle Trance"],"picked":"Spot Weakness+1","floor":42},{"not_picked":["Body Slam","Dark Embrace"],"picked":"Wild Strike+1","floor":45},{"not_picked":["Body Slam+1","Wild Strike"],"picked":"Heavy Blade+1","floor":46},{"not_picked":["Master of Strategy","Discovery"],"picked":"Panache","floor":47}],"player_experience":227112,"relics_obtained":[{"floor":6,"key":"Art of War"},{"floor":9,"key":"Happy Flower"},{"floor":24,"key":"Pear"},{"floor":26,"key":"Pen Nib"},{"floor":43,"key":"Strawberry"}],"event_choices":[{"cards_removed":["Strike_R"],"damage_healed":0,"gold_gain":0,"player_choice":"Card Removal","damage_taken":0,"max_hp_gain":0,"max_hp_loss":0,"event_name":"The Cleric","floor":2,"gold_loss":50},{"damage_healed":0,"gold_gain":30,"player_choice":"Searched \u00273\u0027 times","damage_taken":0,"relics_obtained":["Bag of Preparation"],"max_hp_gain":0,"max_hp_loss":0,"event_name":"Dead Adventurer","floor":12,"gold_loss":0},{"cards_removed":["Strike_R"],"damage_healed":0,"gold_gain":0,"player_choice":"Upgrade and Remove","damage_taken":0,"max_hp_gain":0,"max_hp_loss":0,"event_name":"Designer","floor":19,"gold_loss":90,"cards_upgraded":["Carnage"]},{"damage_healed":0,"gold_gain":0,"player_choice":"Ignored","damage_taken":0,"max_hp_gain":0,"max_hp_loss":0,"event_name":"Ghosts","floor":22,"gold_loss":0},{"damage_healed":0,"gold_gain":0,"player_choice":"1 cards matched","damage_taken":0,"max_hp_gain":0,"max_hp_loss":0,"event_name":"Match and Keep!","floor":36,"gold_loss":0,"cards_obtained":["Fiend Fire"]},{"damage_healed":0,"gold_gain":0,"player_choice":"Paid","damage_taken":0,"relics_obtained":["Red Mask"],"max_hp_gain":0,"max_hp_loss":0,"event_name":"Tomb of Lord Red Mask","floor":41,"gold_loss":69},{"damage_healed":24,"gold_gain":0,"player_choice":"Writhe","damage_taken":0,"max_hp_gain":0,"max_hp_loss":0,"event_name":"Winding Halls","floor":44,"gold_loss":0,"cards_obtained":["Writhe"]},{"damage_healed":0,"gold_gain":0,"player_choice":"Memory 1","damage_taken":0,"max_hp_gain":0,"max_hp_loss":0,"event_name":"SensoryStone","floor":47,"gold_loss":0}],"is_beta":false,"boss_relics":[{"not_picked":["Eternal Feather","White Beast Statue"],"picked":"Snecko Eye"},{"not_picked":["Empty Cage","Mark of Pain"],"picked":"Velvet Choker"}],"items_purged_floors":[],"is_endless":false,"potions_floor_spawned":[1,3,6,10,13,24,29,30,33,39],"killed_by":"Transient","ascension_level":1}