{"gold_per_floor":[117,117,217,235,253,253,264,264,290,317,29,29,29,43,43,121,121,136,136,36,36,36,36,66,66,92,105,105,131,56,70,70,142,142,152,152,170,7,18,18,37,37,37,72,95,123,150,179,191,203,215,227,239,41,66,66],"floor_reached":56,"playtime":2620,"items_purged":["Strike_R","Strike_R"],"score":2334,"play_id":"1b8bded9-94d5-44fb-8a11-f7e730b0b5d9","local_time":"20190810173928","is_ascension_mode":true,"campfire_choices":[{"data":"Blood for Blood","floor":6.0,"key":"SMITH"},{"data":"Uppercut","floor":8.0,"key":"SMITH"},{"data":"Shrug It Off","floor":12.0,"key":"SMITH"},{"data":"Sword Boomerang","floor":15.0,"key":"SMITH"},{"floor":23.0,"key":"REST"},{"floor":25.0,"key":"REST"},{"data":"Hemokinesis","floor":28.0,"key":"SMITH"},{"floor":32.0,"key":"REST"},{"data":"Corruption","floor":40.0,"key":"SMITH"},{"data":"Impervious","floor":42.0,"key":"SMITH"},{"floor":49,"key":"RECALL"},{"data":"Feel No Pain","floor":53,"key":"SMITH"}],"neow_cost":"NONE","seed_source_timestamp":608826490725700,"circlet_count":0,"master_deck":["AscendersBane","Strike_R","Defend_R","Defend_R","Defend_R","Defend_R","Bash+1","Blood for Blood+1","Battle Trance","Uppercut+1","Corruption+1","Shrug It Off+1","Sword Boomerang+1","Impervious","Hemokinesis+1","RitualDagger","Whirlwind","Flame Barrier","Offering","Impervious+1","Shockwave","Spot Weakness","Reaper","Feel No Pain+1","Ghostly Armor","Fiend Fire","Juggernaut"],"special_seed":0,"relics":["Burning Blood","Happy Flower","Red Skull","Vajra","Bag of Preparation","Philosopher\u0027s Stone","Nilry\u0027s Codex","PreservedInsect","Centennial Puzzle","Paper Frog","Runic Pyramid","MawBank","Oddly Smooth Stone"],"potions_floor_usage":[],"damage_taken":[{"damage":7.0,"enemies":"Jaw Worm","floor":1.0,"turns":3.0},{"damage":1.0,"enemies":"Cultist","floor":4.0,"turns":3.0},{"damage":6.0,"enemies":"2 Louse","floor":5.0,"turns":4.0},{"damage":6.0,"enemies":"Looter","floor":7.0,"turns":2.0},{"damage":27.0,"enemies":"Gremlin Nob","floor":10.0,"turns":4.0},{"damage":0.0,"enemies":"Large Slime","floor":14.0,"turns":4.0},{"damage":14.0,"enemies":"The Guardian","floor":16.0,"turns":7.0},{"damage":15.0,"enemies":"Chosen","floor":18.0,"turns":4.0},{"damage":51.0,"enemies":"Gremlin Leader","floor":24.0,"turns":6.0},{"damage":6.0,"enemies":"Shell Parasite","floor":27.0,"turns":3.0},{"damage":14.0,"enemies":"Slavers","floor":29.0,"turns":2.0},{"damage":0.0,"enemies":"Snake Plant","floor":31.0,"turns":3.0},{"damage":54.0,"enemies":"Champ","floor":33.0,"turns":11.0},{"damage":0.0,"enemies":"Orb Walker","floor":35.0,"turns":3.0},{"damage":24.0,"enemies":"3 Darklings","floor":37.0,"turns":4.0},{"damage":1.0,"enemies":"4 Shapes","floor":39.0,"turns":10.0},{"damage":4.0,"enemies":"Maw","floor":41.0,"turns":7.0},{"damage":5.0,"enemies":"Reptomancer","floor":44.0,"turns":4.0},{"damage":7.0,"enemies":"Writhing Mass","floor":45.0,"turns":5.0},{"damage":15.0,"enemies":"4 Shapes","floor":46.0,"turns":4.0},{"damage":3.0,"enemies":"3 Darklings","floor":47.0,"turns":4.0},{"damage":6,"enemies":"Jaw Worm Horde","floor":48,"turns":3},{"damage":54,"enemies":"Time Eater","floor":50,"turns":8},{"damage":51,"enemies":"Awakened One","floor":51,"turns":13},{"damage":18,"enemies":"Shield and Spear","floor":55,"turns":6},{"damage":102,"enemies":"The Heart","floor":56,"turns":8}],"seed_played":"-4543393200688858789","potions_obtained":[{"floor":10.0,"key":"Explosive Potion"},{"floor":14.0,"key":"Fruit Juice"},{"floor":16.0,"key":"SpeedPotion"},{"floor":27.0,"key":"Poison Potion"},{"floor":31.0,"key":"Dexterity Potion"},{"floor":33.0,"key":"Regen Potion"},{"floor":46.0,"key":"BloodPotion"}],"is_trial":false,"path_per_floor":["M","?","?","M","M","R","M","R","T","E","$","R","$","M","R","B",null,"M","?","$","?","$","R","E","R","T","M","R","E","?","M","R","B",null,"M","?","M","$","M","R","M","R","T","E","M","M","M","M","R","B","B",null,"R","$","E","B"],"character_chosen":"IRONCLAD","items_purchased":["Bag of Preparation","Shrug It Off","Impervious","Fiend Fire","Fire Potion"],"campfire_rested":3,"item_purchase_floors":[11,11,38,54,54],"current_hp_per_floor":[67,41,41,46,46,46,46,46,46,25,25,25,25,31,31,28,67,58,52,52,31,31,55,10,34,34,34,34,26,26,32,56,8,62,68,68,50,50,55,55,57,57,57,58,57,78,80,80,80,66,36,69,69,69,80,0],"gold":66,"neow_bonus":"UPGRADE_CARD","is_prod":false,"is_daily":false,"chose_seed":false,"campfire_upgraded":8,"win_rate":0,"timestamp":1565483968,"path_taken":["M","?","?","M","M","R","M","R","T","E","$","R","$","?","R","BOSS","M","?","$","?","$","R","E","R","T","M","R","E","?","M","R","BOSS","M","?","M","$","M","R","M","R","T","E","M","M","M","M","R","BOSS","BOSS","R","$","E","BOSS"],"build_version":"2019-07-17","purchased_purges":2,"victory":false,"max_hp_per_floor":[75,75,75,75,75,75,75,75,75,75,75,75,75,75,75,80,80,80,80,80,80,80,80,80,80,80,80,80,80,80,80,80,80,80,80,80,80,80,80,80,80,80,80,80,80,80,80,80,80,80,80,80,80,80,80,80],"card_choices":[{"not_picked":["Havoc","Armaments"],"picked":"Blood for Blood","floor":1.0},{"not_picked":["Intimidate","Pommel Strike"],"picked":"Battle Trance","floor":4.0},{"not_picked":["Heavy Blade","Fire Breathing","Sword Boomerang"],"picked":"SKIP","floor":5.0},{"not_picked":["Heavy Blade","Fire Breathing","Sword Boomerang"],"picked":"SKIP","floor":5.0},{"not_picked":["Pummel","Thunderclap"],"picked":"Uppercut","floor":7.0},{"not_picked":["Clash","Reckless Charge"],"picked":"Corruption","floor":10.0},{"not_picked":["Corruption","Havoc"],"picked":"Sword Boomerang","floor":14.0},{"not_picked":["Dark Embrace","Limit Break"],"picked":"Impervious","floor":16.0},{"not_picked":["Iron Wave","Searing Blow"],"picked":"Hemokinesis","floor":18.0},{"not_picked":["Blood for Blood","Whirlwind","Heavy Blade+1"],"picked":"SKIP","floor":24.0},{"not_picked":["Blood for Blood","Heavy Blade+1"],"picked":"Whirlwind","floor":24.0},{"not_picked":["Iron Wave","Bloodletting"],"picked":"Flame Barrier","floor":27.0},{"not_picked":["Wild Strike","Intimidate","Sword Boomerang"],"picked":"SKIP","floor":29.0},{"not_picked":["Body Slam","Searing Blow","Headbutt"],"picked":"SKIP","floor":31.0},{"not_picked":["Juggernaut","Brutality"],"picked":"Offering","floor":33.0},{"not_picked":["Warcry","Clothesline","Flex"],"picked":"SKIP","floor":35.0},{"not_picked":["Heavy Blade","Pommel Strike","Havoc"],"picked":"SKIP","floor":37.0},{"not_picked":["Havoc","Rage","Warcry"],"picked":"SKIP","floor":39.0},{"not_picked":["Hemokinesis+1","Heavy Blade"],"picked":"Shockwave","floor":41.0},{"not_picked":["Pommel Strike","Infernal Blade"],"picked":"Spot Weakness","floor":44.0},{"not_picked":["Flame Barrier","Dropkick"],"picked":"Reaper","floor":45.0},{"not_picked":["Blood for Blood","Body Slam","Wild Strike"],"picked":"SKIP","floor":46.0},{"not_picked":["Twin Strike","Heavy Blade+1"],"picked":"Feel No Pain","floor":47.0},{"not_picked":["Uppercut","Entrench"],"picked":"Ghostly Armor","floor":48},{"not_picked":["Sword Boomerang","Burning Pact"],"picked":"Juggernaut","floor":55}],"player_experience":764449,"relics_obtained":[{"floor":9.0,"key":"Red Skull"},{"floor":10.0,"key":"Vajra"},{"floor":21.0,"key":"Nilry\u0027s Codex"},{"floor":24.0,"key":"PreservedInsect"},{"floor":26.0,"key":"Centennial Puzzle"},{"floor":29.0,"key":"Paper Frog"},{"floor":44.0,"key":"MawBank"},{"floor":55,"key":"Oddly Smooth Stone"}],"event_choices":[{"damage_healed":0.0,"max_hp_gain":0.0,"max_hp_loss":0.0,"gold_gain":0.0,"event_name":"Scrap Ooze","player_choice":"Success","floor":2.0,"gold_loss":0.0,"damage_taken":26.0,"relics_obtained":["Happy Flower"]},{"damage_healed":0.0,"max_hp_gain":0.0,"max_hp_loss":0.0,"gold_gain":100.0,"event_name":"Wheel of Change","player_choice":"Gold","floor":3.0,"gold_loss":0.0,"damage_taken":0.0},{"damage_healed":0.0,"max_hp_gain":0.0,"max_hp_loss":0.0,"gold_gain":0.0,"event_name":"Nest","player_choice":"Joined the Cult","floor":19.0,"gold_loss":0.0,"damage_taken":6.0,"cards_obtained":["RitualDagger"]},{"damage_healed":0.0,"max_hp_gain":0.0,"max_hp_loss":0.0,"gold_gain":0.0,"event_name":"Cursed Tome","player_choice":"Obtained Book","floor":21.0,"gold_loss":0.0,"damage_taken":21.0},{"cards_removed":["Strike_R"],"damage_healed":0.0,"max_hp_gain":0.0,"max_hp_loss":0.0,"gold_gain":0.0,"event_name":"Beggar","player_choice":"Gave Gold","floor":30.0,"gold_loss":75.0,"damage_taken":0.0},{"cards_removed":["Strike_R"],"damage_healed":0.0,"max_hp_gain":0.0,"max_hp_loss":0.0,"gold_gain":0.0,"event_name":"Falling","player_choice":"Removed Attack","floor":36.0,"gold_loss":0.0,"damage_taken":0.0}],"is_beta":false,"boss_relics":[{"not_picked":["Lizard Tail","Coffee Dripper"],"picked":"Philosopher\u0027s Stone"},{"not_picked":["Calling Bell","Black Blood"],"picked":"Runic Pyramid"}],"items_purged_floors":[11,20],"is_endless":false,"potions_floor_spawned":[10,14,16,27,31,33,37,44,46,47,48],"killed_by":"The Heart","ascension_level":20}