{"gold_per_floor":[115,133,133,143,0,0,10,85,111,111],"floor_reached":10,"playtime":602,"items_purged":["Regret"],"score":58,"play_id":"5de16201-6f3c-440f-80ec-41d1e60263e8","local_time":"20190831094939","is_ascension_mode":false,"campfire_choices":[{"data":"Infinite Blades","floor":6,"key":"SMITH"}],"neow_cost":"NONE","seed_source_timestamp":1270017667191200,"circlet_count":0,"master_deck":["Strike_G","Strike_G","Strike_G","Strike_G","Strike_G","Defend_G","Defend_G","Defend_G","Defend_G","Defend_G","Survivor","Neutralize+1","Infinite Blades+1","Well Laid Plans","Caltrops","Dodge and Roll"],"relics":["Ring of the Snake","Vajra","Dream Catcher"],"potions_floor_usage":[],"damage_taken":[{"damage":0,"enemies":"2 Louse","floor":1,"turns":3},{"damage":0,"enemies":"Jaw Worm","floor":2,"turns":3},{"damage":5,"enemies":"Cultist","floor":4,"turns":4},{"damage":11,"enemies":"Large Slime","floor":7,"turns":8},{"damage":0,"enemies":"Blue Slaver","floor":10,"turns":2}],"seed_played":"-666403130916687011","potions_obtained":[{"floor":4,"key":"Swift Potion"}],"is_trial":false,"path_per_floor":["M","M","?","M","$","R","M","?","T","M"],"character_chosen":"THE_SILENT","items_purchased":["Caltrops"],"campfire_rested":0,"item_purchase_floors":[5],"current_hp_per_floor":[70,70,70,65,65,65,54,43,43,43],"gold":111,"neow_bonus":"UPGRADE_CARD","is_prod":false,"is_daily":false,"chose_seed":false,"campfire_upgraded":1,"win_rate":0.0,"timestamp":1567270179,"path_taken":["M","M","?","M","$","R","M","?","T","M"],"build_version":"2019-07-17","purchased_purges":1,"victory":false,"max_hp_per_floor":[70,70,70,70,70,70,70,70,70,70],"card_choices":[{"not_picked":["Dagger Spray","Footwork"],"picked":"Infinite Blades","floor":1},{"not_picked":["Backflip","Bane"],"picked":"Well Laid Plans","floor":2},{"not_picked":["PiercingWail","Underhanded Strike","Choke"],"picked":"SKIP","floor":4},{"not_picked":["Acrobatics","Reflex"],"picked":"Dodge and Roll","floor":7}],"player_experience":34724,"relics_obtained":[{"floor":9,"key":"Dream Catcher"}],"event_choices":[{"damage_healed":0,"gold_gain":0,"player_choice":"Box","damage_taken":0,"relics_obtained":["Vajra"],"max_hp_gain":0,"max_hp_loss":0,"event_name":"Big Fish","floor":3,"gold_loss":0,"cards_obtained":["Regret"]},{"damage_healed":0,"gold_gain":75,"player_choice":"Gather Gold","damage_taken":11,"max_hp_gain":0,"max_hp_loss":0,"event_name":"World of Goop","floor":8,"gold_loss":0}],"is_beta":false,"boss_relics":[],"items_purged_floors":[5],"is_endless":false,"potions_floor_spawned":[4],"killed_by":"Blue Slaver","ascension_level":0}