{"gold_per_floor":[118,133,308,233,233,264,264,275,299,299,82,108,118,150,150,255,255,274,286,306,326,326,360,360,394,420,420,420,434,192,207,207,306,306,324,324,324,324,324,324,342,361,361,372,121,221,221,221,221,221],"floor_reached":51,"playtime":3321,"items_purged":["Doubt","Strike_B","Strike_B","Hyperbeam"],"score":678,"play_id":"080408bc-720a-4269-a2e5-8e85f239269c","local_time":"20190905073100","is_ascension_mode":false,"campfire_choices":[{"floor":7,"key":"REST"},{"data":"Sunder","floor":10,"key":"SMITH"},{"floor":15,"key":"REST"},{"data":"Chill","floor":24,"key":"SMITH"},{"data":"Echo Form","floor":27,"key":"SMITH"},{"floor":32,"key":"REST"},{"data":"Turbo","floor":40,"key":"SMITH"},{"data":"Zap","floor":47,"key":"SMITH"},{"floor":49,"key":"REST"}],"neow_cost":"NONE","seed_source_timestamp":580653428200,"circlet_count":0,"master_deck":["Strike_B","Defend_B","Defend_B","Defend_B","Defend_B","Zap+1","Dualcast","Gash","Turbo+1","Sunder+1","Doom and Gloom","Ball Lightning","Ball Lightning","Chill+1","Cold Snap","Echo Form+1","Reinforced Body+1","Self Repair","Cold Snap","J.A.X.","Coolheaded+1","Steam Power+1","FTL","Streamline+1","Madness","Madness","Conserve Battery","Consume+1","Redo+1","Go for the Eyes+1","Cold Snap"],"relics":["Cracked Core","Bronze Scales","Smiling Mask","Pen Nib","Anchor","Ginger","Calipers","Nuclear Battery","Happy Flower","Art of War","Juzu Bracelet","Chemical X","Lizard Tail","Dream Catcher","Runic Capacitor","Prayer Wheel"],"potions_floor_usage":[16,16,16,19,23,23,33,42,50,50],"damage_taken":[{"damage":7,"enemies":"Jaw Worm","floor":1,"turns":3},{"damage":0,"enemies":"Small Slimes","floor":2,"turns":3},{"damage":34,"enemies":"3 Sentries","floor":6,"turns":9},{"damage":0,"enemies":"Cultist","floor":8,"turns":2},{"damage":16,"enemies":"Gremlin Nob","floor":12,"turns":3},{"damage":0,"enemies":"Exordium Wildlife","floor":13,"turns":2},{"damage":16,"enemies":"Lagavulin","floor":14,"turns":5},{"damage":6,"enemies":"Slime Boss","floor":16,"turns":5},{"damage":0,"enemies":"Chosen","floor":18,"turns":3},{"damage":10,"enemies":"Shell Parasite","floor":19,"turns":4},{"damage":0,"enemies":"Sentry and Sphere","floor":20,"turns":5},{"damage":0,"enemies":"Centurion and Healer","floor":21,"turns":4},{"damage":8,"enemies":"Slavers","floor":23,"turns":4},{"damage":17,"enemies":"Book of Stabbing","floor":25,"turns":5},{"damage":12,"enemies":"Snake Plant","floor":29,"turns":3},{"damage":7,"enemies":"Shelled Parasite and Fungi","floor":31,"turns":4},{"damage":27,"enemies":"Automaton","floor":33,"turns":11},{"damage":3,"enemies":"3 Shapes","floor":35,"turns":5},{"damage":7,"enemies":"Orb Walker","floor":41,"turns":4},{"damage":14,"enemies":"3 Darklings","floor":42,"turns":3},{"damage":3,"enemies":"4 Shapes","floor":44,"turns":8},{"damage":6,"enemies":"Mind Bloom Boss Battle","floor":46,"turns":8},{"damage":34,"enemies":"Donu and Deca","floor":50,"turns":10}],"seed_played":"8095488960562254153","potions_obtained":[{"floor":2,"key":"Poison Potion"},{"floor":12,"key":"Strength Potion"},{"floor":13,"key":"FocusPotion"},{"floor":16,"key":"Fruit Juice"},{"floor":20,"key":"Explosive Potion"},{"floor":21,"key":"Block Potion"},{"floor":31,"key":"Block Potion"},{"floor":39,"key":"PowerPotion"},{"floor":39,"key":"Explosive Potion"},{"floor":39,"key":"EssenceOfSteel"}],"is_trial":false,"path_per_floor":["M","M","?","$","?","E","R","M","T","R","$","E","M","E","R","B",null,"M","M","M","M","?","E","R","E","T","R","?","M","$","M","R","B",null,"M","?","?","?","?","R","M","M","T","M","$","?","R","?","R","B",null],"character_chosen":"DEFECT","items_purchased":["Ball Lightning","Anchor","Chemical X","Runic Capacitor"],"campfire_rested":4,"item_purchase_floors":[11,11,30,45],"current_hp_per_floor":[68,68,68,68,61,27,49,49,49,49,49,33,33,17,39,33,75,75,70,77,80,80,79,79,69,69,69,69,64,64,64,80,60,80,80,80,80,70,70,70,70,56,56,67,67,68,68,68,80,53],"gold":221,"neow_bonus":"RANDOM_COMMON_RELIC","is_prod":false,"is_daily":false,"chose_seed":false,"campfire_upgraded":5,"win_rate":0,"timestamp":1567639860,"path_taken":["M","M","?","$","?","E","R","M","T","R","$","E","M","E","R","BOSS","M","M","M","M","?","E","R","E","T","R","?","M","$","M","R","BOSS","M","?","?","?","?","R","M","M","T","M","$","?","R","?","R","BOSS"],"build_version":"2019-07-17","purchased_purges":4,"victory":true,"max_hp_per_floor":[75,75,75,75,75,75,75,75,75,75,75,75,75,75,75,75,75,75,80,80,80,80,80,80,80,80,80,80,80,80,80,80,80,80,80,80,80,80,80,80,80,80,80,80,80,80,80,80,80,80],"card_choices":[{"not_picked":["Sweeping Beam","Doom and Gloom"],"picked":"Gash","floor":1},{"not_picked":["Loop","BootSequence"],"picked":"Turbo","floor":2},{"not_picked":["Storm","Reboot"],"picked":"Sunder","floor":6},{"not_picked":["Barrage","Reinforced Body"],"picked":"Doom and Gloom","floor":8},{"not_picked":["Fusion","Gash"],"picked":"Ball Lightning","floor":12},{"not_picked":["Doom and Gloom","Sweeping Beam"],"picked":"Chill","floor":13},{"not_picked":["Auto Shields","Barrage"],"picked":"Cold Snap","floor":14},{"not_picked":["Creative AI","Rainbow"],"picked":"Echo Form","floor":16},{"not_picked":["Aggregate","Steam Power"],"picked":"Reinforced Body+1","floor":18},{"not_picked":["Sweeping Beam+1","Undo+1"],"picked":"Self Repair","floor":19},{"not_picked":["Redo","Barrage"],"picked":"Cold Snap","floor":20},{"not_picked":["Streamline","Force Field+1","Aggregate"],"picked":"SKIP","floor":21},{"not_picked":["Blizzard","Sweeping Beam+1"],"picked":"Coolheaded+1","floor":23},{"not_picked":["Blizzard","Scrape"],"picked":"Steam Power+1","floor":25},{"not_picked":["Ball Lightning","Streamline","Rip and Tear"],"picked":"SKIP","floor":29},{"not_picked":["Cold Snap","Redo"],"picked":"FTL","floor":31},{"not_picked":["Biased Cognition","Thunder Strike"],"picked":"Hyperbeam","floor":33},{"not_picked":["Hologram+1","Ball Lightning+1"],"picked":"Streamline+1","floor":35},{"not_picked":["Storm+1","Leap+1"],"picked":"Conserve Battery","floor":41},{"not_picked":["Rebound+1","Cold Snap"],"picked":"Consume+1","floor":42},{"not_picked":["Creative AI","Fusion"],"picked":"Redo+1","floor":44},{"not_picked":["Steam+1","Turbo+1"],"picked":"Go for the Eyes+1","floor":46},{"not_picked":["Sweeping Beam","Reprogram+1"],"picked":"Cold Snap","floor":49}],"player_experience":289401,"relics_obtained":[{"floor":6,"key":"Smiling Mask"},{"floor":9,"key":"Pen Nib"},{"floor":12,"key":"Ginger"},{"floor":14,"key":"Calipers"},{"floor":23,"key":"Happy Flower"},{"floor":25,"key":"Art of War"},{"floor":26,"key":"Juzu Bracelet"},{"floor":43,"key":"Dream Catcher"},{"floor":46,"key":"Prayer Wheel"}],"event_choices":[{"damage_healed":0,"gold_gain":175,"player_choice":"AGREE","damage_taken":0,"max_hp_gain":0,"max_hp_loss":0,"event_name":"Liars Game","floor":3,"gold_loss":0,"cards_obtained":["Doubt"]},{"cards_removed":["Strike_B"],"damage_healed":0,"gold_gain":0,"player_choice":"Card Removal","damage_taken":7,"max_hp_gain":0,"max_hp_loss":0,"event_name":"Golden Wing","floor":5,"gold_loss":0},{"damage_healed":0,"gold_gain":0,"player_choice":"Obtain J.A.X.","damage_taken":0,"max_hp_gain":0,"max_hp_loss":0,"event_name":"Drug Dealer","floor":22,"gold_loss":0,"cards_obtained":["J.A.X."]},{"damage_healed":0,"gold_gain":0,"player_choice":"Ignored","damage_taken":0,"max_hp_gain":0,"max_hp_loss":0,"event_name":"Vampires","floor":28,"gold_loss":0},{"damage_healed":0,"gold_gain":0,"player_choice":"Ignored","damage_taken":0,"max_hp_gain":0,"max_hp_loss":0,"event_name":"SecretPortal","floor":36,"gold_loss":0},{"damage_healed":0,"gold_gain":0,"player_choice":"Ignored","damage_taken":0,"max_hp_gain":0,"max_hp_loss":0,"event_name":"Tomb of Lord Red Mask","floor":37,"gold_loss":0},{"damage_healed":0,"gold_gain":0,"player_choice":"Embrace Madness","damage_taken":10,"max_hp_gain":0,"max_hp_loss":0,"event_name":"Winding Halls","floor":38,"gold_loss":0,"cards_obtained":["Madness","Madness"]},{"damage_healed":0,"gold_gain":0,"player_choice":"Got Potions","damage_taken":0,"max_hp_gain":0,"max_hp_loss":0,"event_name":"Lab","floor":39,"gold_loss":0},{"damage_healed":0,"gold_gain":0,"player_choice":"Fight","damage_taken":0,"max_hp_gain":0,"max_hp_loss":0,"event_name":"MindBloom","floor":46,"gold_loss":0},{"damage_healed":0,"gold_gain":0,"player_choice":"Ignored","damage_taken":0,"max_hp_gain":0,"max_hp_loss":0,"event_name":"Mysterious Sphere","floor":48,"gold_loss":0}],"is_beta":false,"boss_relics":[{"not_picked":["Astrolabe","Fusion Hammer"],"picked":"Nuclear Battery"},{"not_picked":["Orrery","Pandora\u0027s Box"],"picked":"Lizard Tail"}],"items_purged_floors":[4,11,30,45],"is_endless":false,"potions_floor_spawned":[2,12,13,14,16,20,21,31,41],"ascension_level":0}