{"gold_per_floor":[110,110,110,120,70,70,105,105,105,132,150,170,170,182,182,283,283,303,303,322,341,341,373,373,373,373,76,96,131,151,168,168,268,268,282,302,302,319,339,339,5,19,19,45,57,74,92,111,111,111,111,111,11,39,39],"floor_reached":55,"playtime":3140,"items_purged":["Strike_B","Defend_B"],"score":735,"play_id":"b099e0a4-e8ce-4958-895d-b3ae53ff4c50","local_time":"20181230041608","is_ascension_mode":false,"campfire_choices":[{"data":"Gash","floor":6,"key":"SMITH"},{"data":"Redo","floor":8,"key":"SMITH"},{"data":"Dualcast","floor":13,"key":"SMITH"},{"data":"Hologram","floor":15,"key":"SMITH"},{"floor":24,"key":"REST"},{"floor":32,"key":"RECALL"},{"floor":40,"key":"REST"},{"floor":49,"key":"REST"},{"floor":52,"key":"REST"}],"neow_cost":"NONE","seed_source_timestamp":213493905232416,"circlet_count":0,"master_deck":["Defend_B","Zap+1","Dualcast+1","Echo Form","Cold Snap","Gash+1","Redo+1","Rebound","Beam Cell","Storm+1","Hologram+1","Electrodynamics","Hologram","Sweeping Beam+1","Rebound","Glacier","Heatsinks+1","Loop","Gash+1","Static Discharge+1","Chill+1","Sweeping Beam+1","All For One+1","Melter+1","Scrape+1","Steam+1","Loop","Capacitor+1","Hologram+1","Stack+1","Coolheaded+1","Go for the Eyes+1","Go for the Eyes+1","Skim+1"],"relics":["Cracked Core","Bird Faced Urn","Cables","Bronze Scales","Fusion Hammer","Boot","Meat on the Bone","PreservedInsect","Incense Burner","Astrolabe","Kunai","Shuriken","StoneCalendar"],"potions_floor_usage":[16,16,21,23,31,55,55,55],"damage_taken":[{"damage":0,"enemies":"Cultist","floor":1,"turns":3},{"damage":0,"enemies":"2 Louse","floor":4,"turns":2},{"damage":23,"enemies":"3 Sentries","floor":7,"turns":7},{"damage":25,"enemies":"Lagavulin","floor":10,"turns":5},{"damage":3,"enemies":"Small Slimes","floor":11,"turns":2},{"damage":0,"enemies":"Blue Slaver","floor":12,"turns":3},{"damage":3,"enemies":"Lots of Slimes","floor":14,"turns":2},{"damage":4,"enemies":"Hexaghost","floor":16,"turns":8},{"damage":10,"enemies":"2 Thieves","floor":18,"turns":2},{"damage":2,"enemies":"Spheric Guardian","floor":20,"turns":3},{"damage":20,"enemies":"Snake Plant","floor":21,"turns":3},{"damage":40,"enemies":"Book of Stabbing","floor":23,"turns":4},{"damage":11,"enemies":"Centurion and Healer","floor":28,"turns":4},{"damage":29,"enemies":"Gremlin Leader","floor":29,"turns":5},{"damage":6,"enemies":"Cultist and Chosen","floor":30,"turns":6},{"damage":3,"enemies":"3 Cultists","floor":31,"turns":3},{"damage":56,"enemies":"Automaton","floor":33,"turns":7},{"damage":1,"enemies":"Orb Walker","floor":35,"turns":3},{"damage":1,"enemies":"3 Shapes","floor":36,"turns":4},{"damage":10,"enemies":"Jaw Worm Horde","floor":38,"turns":3},{"damage":11,"enemies":"4 Shapes","floor":39,"turns":3},{"damage":3,"enemies":"Transient","floor":42,"turns":5},{"damage":36,"enemies":"Nemesis","floor":44,"turns":5},{"damage":17,"enemies":"3 Darklings","floor":45,"turns":4},{"damage":40,"enemies":"Writhing Mass","floor":46,"turns":4},{"damage":16,"enemies":"Spire Growth","floor":47,"turns":4},{"damage":6,"enemies":"4 Shapes","floor":48,"turns":4},{"damage":58,"enemies":"Time Eater","floor":50,"turns":11},{"damage":27,"enemies":"Shield and Spear","floor":54,"turns":4},{"damage":72,"enemies":"The Heart","floor":55,"turns":6}],"seed_played":"8814679050712439850","potions_obtained":[{"floor":11,"key":"Regen Potion"},{"floor":14,"key":"Weak Potion"},{"floor":20,"key":"EssenceOfSteel"},{"floor":21,"key":"LiquidBronze"},{"floor":29,"key":"Energy Potion"},{"floor":33,"key":"SpeedPotion"},{"floor":35,"key":"FearPotion"},{"floor":38,"key":"Poison Potion"},{"floor":46,"key":"FocusPotion"},{"floor":48,"key":"SkillPotion"}],"is_trial":false,"path_per_floor":["M","?","?","M","?","R","E","R","T","E","M","M","R","M","R","B",null,"M","?","M","M","?","E","R","?","T","$","M","E","M","M","R","B",null,"M","M","?","M","M","R","$","M","T","E","M","M","M","M","R","B",null,"R","$","E","B"],"character_chosen":"DEFECT","items_purchased":["Loop","PreservedInsect","Kunai","Loop"],"campfire_rested":4,"item_purchase_floors":[27,27,41,41],"current_hp_per_floor":[75,68,68,68,68,68,45,45,45,22,19,19,19,16,16,31,75,65,65,67,49,49,13,35,35,35,35,44,37,49,56,56,22,75,74,75,85,79,72,85,85,83,83,61,56,36,50,52,77,47,85,85,85,60,0],"gold":39,"neow_bonus":"ONE_RANDOM_RARE_CARD","is_prod":false,"is_daily":false,"chose_seed":false,"campfire_upgraded":4,"win_rate":0,"timestamp":1546164968,"path_taken":["M","?","?","?","?","R","E","R","T","E","M","M","R","M","R","BOSS","M","?","M","?","?","E","R","?","T","$","M","E","M","?","R","BOSS","M","M","?","M","M","R","$","M","T","E","M","M","M","?","R","BOSS","R","$","E","BOSS"],"build_version":"2018-12-20","purchased_purges":2,"victory":false,"max_hp_per_floor":[75,75,75,75,75,75,75,75,75,75,75,75,75,75,75,75,75,75,75,75,75,75,75,75,75,75,75,75,75,75,75,75,75,75,75,75,85,85,85,85,85,85,85,85,85,85,85,85,85,85,85,85,85,85,85],"card_choices":[{"not_picked":["Go for the Eyes","Sweeping Beam"],"picked":"Cold Snap","floor":1},{"not_picked":["Cold Snap","Sweeping Beam"],"picked":"Gash","floor":4},{"not_picked":["Consume","Rip and Tear"],"picked":"Redo","floor":7},{"not_picked":["Ball Lightning","Consume"],"picked":"Rebound","floor":10},{"not_picked":["Heatsinks","Gash"],"picked":"Beam Cell","floor":11},{"not_picked":["Force Field","FTL"],"picked":"Storm","floor":12},{"not_picked":["Multi-Cast","Stack"],"picked":"Hologram","floor":14},{"not_picked":["Thunder Strike","Hyperbeam"],"picked":"Electrodynamics","floor":16},{"not_picked":["Gash","Turbo"],"picked":"Hologram","floor":18},{"not_picked":["Go for the Eyes","BootSequence"],"picked":"Sweeping Beam+1","floor":20},{"not_picked":["Go for the Eyes","Beam Cell"],"picked":"Rebound","floor":21},{"not_picked":["All For One","Compile Driver"],"picked":"Heatsinks+1","floor":23},{"not_picked":["Go for the Eyes","Scrape","Rebound"],"picked":"SKIP","floor":28},{"not_picked":["Tempest","Go for the Eyes","Turbo"],"picked":"SKIP","floor":29},{"not_picked":["Cold Snap","Hologram"],"picked":"Gash+1","floor":30},{"not_picked":["Gash+1","Cold Snap+1"],"picked":"Static Discharge+1","floor":31},{"not_picked":["Seek","Thunder Strike"],"picked":"All For One","floor":33},{"not_picked":["Tempest","Recycle"],"picked":"Melter+1","floor":35},{"not_picked":["Turbo","Redo","Reprogram+1"],"picked":"SKIP","floor":36},{"not_picked":["Chaos+1","Chill"],"picked":"Scrape+1","floor":38},{"not_picked":["Lockon+1","Rebound"],"picked":"Steam+1","floor":39},{"not_picked":["Turbo","Leap+1"],"picked":"Capacitor+1","floor":42},{"not_picked":["Aggregate+1","Sweeping Beam"],"picked":"Hologram+1","floor":44},{"not_picked":["Barrage","Rebound"],"picked":"Stack+1","floor":45},{"not_picked":["Reinforced Body","Reboot"],"picked":"Coolheaded+1","floor":46},{"not_picked":["Ball Lightning+1","Cold Snap"],"picked":"Go for the Eyes+1","floor":47},{"not_picked":["Compile Driver","Ball Lightning"],"picked":"Go for the Eyes+1","floor":48},{"not_picked":["Barrage","Conserve Battery+1"],"picked":"Skim+1","floor":54}],"player_experience":60399,"relics_obtained":[{"floor":7,"key":"Bird Faced Urn"},{"floor":9,"key":"Cables"},{"floor":10,"key":"Bronze Scales"},{"floor":23,"key":"Boot"},{"floor":26,"key":"Meat on the Bone"},{"floor":29,"key":"Incense Burner"},{"floor":44,"key":"Shuriken"},{"floor":54,"key":"StoneCalendar"}],"event_choices":[{"cards_removed":["Strike_B"],"damage_healed":0,"gold_gain":0,"player_choice":"Card Removal","damage_taken":7,"max_hp_gain":0,"max_hp_loss":0,"event_name":"Golden Wing","floor":2,"gold_loss":0},{"damage_healed":0,"gold_gain":0,"player_choice":"Upgraded","damage_taken":0,"max_hp_gain":0,"max_hp_loss":0,"event_name":"Upgrade Shrine","floor":3,"gold_loss":0,"cards_upgraded":["Zap"]},{"cards_removed":["Strike_B"],"damage_healed":0,"gold_gain":0,"player_choice":"Card Removal","damage_taken":0,"max_hp_gain":0,"max_hp_loss":0,"event_name":"The Cleric","floor":5,"gold_loss":50},{"damage_healed":0,"gold_gain":0,"player_choice":"Upgraded","damage_taken":0,"max_hp_gain":0,"max_hp_loss":0,"event_name":"Upgrade Shrine","floor":19,"gold_loss":0,"cards_upgraded":["Storm"]},{"damage_healed":0,"gold_gain":0,"player_choice":"Read","damage_taken":0,"max_hp_gain":0,"max_hp_loss":0,"event_name":"The Library","floor":22,"gold_loss":0,"cards_obtained":["Glacier"]},{"cards_removed":["Strike_B"],"damage_healed":0,"gold_gain":0,"player_choice":"Took Card","damage_taken":0,"max_hp_gain":0,"max_hp_loss":0,"event_name":"NoteForYourself","floor":25,"gold_loss":0,"cards_obtained":["Strike_B"]},{"cards_removed":["All For One"],"damage_healed":0,"gold_gain":0,"player_choice":"Offered Rare","damage_taken":0,"max_hp_gain":10,"max_hp_loss":0,"event_name":"Bonfire Elementals","floor":37,"gold_loss":0}],"is_beta":false,"boss_relics":[{"not_picked":["Calling Bell","Tiny House"],"picked":"Fusion Hammer"},{"not_picked":["Eternal Feather","Snecko Eye"],"picked":"Astrolabe"}],"items_purged_floors":[27,53],"is_endless":false,"potions_floor_spawned":[11,14,20,21,29,33,35,38,46,48],"killed_by":"The Heart","ascension_level":0}