{"gold_per_floor":[20,31,47,62,8,8,39,39,64,80,94,94,94,19,19,19],"floor_reached":16,"playtime":513,"items_purged":["Strike_B"],"score":128,"play_id":"92c59730-855c-43a0-8f3f-9d8d654f84a6","local_time":"20190112071042","is_ascension_mode":true,"campfire_choices":[{"data":"Zap","floor":6,"key":"SMITH"},{"data":"Redo","floor":8,"key":"SMITH"},{"data":"Capacitor","floor":13,"key":"SMITH"},{"floor":15,"key":"REST"}],"neow_cost":"NO_GOLD","seed_source_timestamp":1349730731159352,"circlet_count":0,"master_deck":["Strike_B","Strike_B","Defend_B+1","Defend_B","Defend_B","Defend_B","Zap+1","Dualcast","Hologram+1","Leap","Capacitor+1","Steam","Redo+1","Leap","Cold Snap","Barrage"],"relics":["Cracked Core","Shovel","Anchor","War Paint"],"potions_floor_usage":[11,16,16],"damage_taken":[{"damage":0,"enemies":"Cultist","floor":1,"turns":3},{"damage":7,"enemies":"Jaw Worm","floor":2,"turns":3},{"damage":0,"enemies":"Small Slimes","floor":3,"turns":3},{"damage":11,"enemies":"Exordium Wildlife","floor":4,"turns":6},{"damage":40,"enemies":"Lagavulin","floor":7,"turns":7},{"damage":8,"enemies":"Exordium Thugs","floor":10,"turns":6},{"damage":0,"enemies":"Gremlin Gang","floor":11,"turns":4},{"damage":39,"enemies":"Slime Boss","floor":16,"turns":9}],"seed_played":"-6618306034646968450","potions_obtained":[{"floor":3,"key":"SkillPotion"},{"floor":4,"key":"Poison Potion"},{"floor":10,"key":"Block Potion"}],"is_trial":false,"path_per_floor":["M","M","M","M","$","R","E","R","T","M","M","?","R","$","R","B"],"character_chosen":"DEFECT","items_purchased":["Redo"],"campfire_rested":1,"item_purchase_floors":[5],"current_hp_per_floor":[75,68,68,57,57,57,17,17,17,9,9,9,9,9,31,0],"gold":19,"neow_bonus":"ONE_RARE_RELIC","is_prod":false,"is_daily":false,"chose_seed":false,"campfire_upgraded":3,"win_rate":0,"timestamp":1547298642,"path_taken":["M","M","M","M","$","R","E","R","T","?","M","?","R","?","R","BOSS"],"build_version":"2019-01-10","purchased_purges":1,"victory":false,"max_hp_per_floor":[75,75,75,75,75,75,75,75,75,75,75,75,75,75,75,75],"card_choices":[{"not_picked":["Go for the Eyes","Fusion"],"picked":"Hologram","floor":1},{"not_picked":["Redo","Go for the Eyes"],"picked":"Leap","floor":2},{"not_picked":["Rebound","Turbo"],"picked":"Capacitor","floor":3},{"not_picked":["Tempest","Redo"],"picked":"Steam","floor":4},{"not_picked":["Reinforced Body","Ball Lightning"],"picked":"Leap","floor":7},{"not_picked":["Barrage","Meteor Strike"],"picked":"Cold Snap","floor":10},{"not_picked":["Lockon","Capacitor"],"picked":"Barrage","floor":11}],"player_experience":129714,"relics_obtained":[{"floor":7,"key":"Anchor"},{"floor":9,"key":"War Paint"}],"event_choices":[{"cards_removed":["Strike_B"],"damage_healed":0,"gold_gain":0,"player_choice":"Offered Basic","damage_taken":0,"max_hp_gain":0,"max_hp_loss":0,"event_name":"Bonfire Elementals","floor":12,"gold_loss":0}],"is_beta":false,"boss_relics":[],"items_purged_floors":[14],"is_endless":false,"potions_floor_spawned":[3,4,10],"killed_by":"Slime Boss","ascension_level":5}