{"gold_per_floor":[109,109,109,123,133,163,163,197,244,244],"floor_reached":10,"playtime":219,"items_purged":[],"score":152,"play_id":"bb868645-bc6a-4810-b6bb-77313dc7153d","local_time":"20190719012409","is_ascension_mode":true,"campfire_choices":[{"data":"Armaments","floor":7.0,"key":"SMITH"}],"neow_cost":"NONE","seed_source_timestamp":151992985092400,"circlet_count":0,"master_deck":["AscendersBane","Strike_R","Strike_R","Strike_R","Strike_R","Defend_R","Defend_R","Defend_R","Defend_R","Bash","Pommel Strike","Hemokinesis","Decay","Armaments+1","Inflame","Demon Form"],"special_seed":0,"relics":["Burning Blood","NeowsBlessing","Gremlin Horn","Strawberry","Lantern"],"potions_floor_usage":[10],"damage_taken":[{"damage":0.0,"enemies":"Cultist","floor":1.0,"turns":1.0},{"damage":0.0,"enemies":"2 Louse","floor":4.0,"turns":1.0},{"damage":0.0,"enemies":"Jaw Worm","floor":5.0,"turns":1.0},{"damage":32.0,"enemies":"Lagavulin","floor":6.0,"turns":7.0},{"damage":40.0,"enemies":"3 Sentries","floor":8.0,"turns":5.0},{"damage":22,"enemies":"Lagavulin","floor":10,"turns":5}],"seed_played":"-8261460345393672643","potions_obtained":[{"floor":4.0,"key":"Fire Potion"},{"floor":8.0,"key":"FearPotion"}],"is_trial":false,"path_per_floor":["M","?","?","M","M","E","R","E","T","E"],"character_chosen":"IRONCLAD","items_purchased":[],"campfire_rested":0,"item_purchase_floors":[],"current_hp_per_floor":[74,74,74,75,75,49,49,22,22,0],"gold":244,"neow_bonus":"THREE_ENEMY_KILL","is_prod":false,"is_daily":false,"chose_seed":false,"campfire_upgraded":1,"win_rate":0,"timestamp":1563524649,"path_taken":["M","?","?","M","?","E","R","E","T","E"],"build_version":"2019-07-17","purchased_purges":0,"victory":false,"max_hp_per_floor":[75,75,75,75,75,75,75,82,82,82],"card_choices":[{"not_picked":["Thunderclap","Warcry"],"picked":"Pommel Strike","floor":1.0},{"not_picked":["Havoc","Reckless Charge"],"picked":"Armaments","floor":4.0},{"not_picked":["Headbutt","Perfected Strike"],"picked":"Inflame","floor":5.0},{"not_picked":["Flex","Armaments"],"picked":"Demon Form","floor":6.0},{"not_picked":["Armaments","Bloodletting","Perfected Strike"],"picked":"SKIP","floor":8.0}],"player_experience":673927,"relics_obtained":[{"floor":6.0,"key":"Gremlin Horn"},{"floor":8.0,"key":"Strawberry"},{"floor":9.0,"key":"Lantern"}],"event_choices":[{"damage_healed":0.0,"max_hp_gain":0.0,"max_hp_loss":0.0,"gold_gain":0.0,"cards_transformed":["Strike_R"],"event_name":"Living Wall","player_choice":"Change","floor":2.0,"gold_loss":0.0,"damage_taken":0.0,"cards_obtained":["Hemokinesis"]},{"damage_healed":0.0,"max_hp_gain":0.0,"max_hp_loss":0.0,"gold_gain":0.0,"event_name":"Wheel of Change","player_choice":"Cursed","floor":3.0,"gold_loss":0.0,"damage_taken":0.0,"cards_obtained":["Decay"]}],"is_beta":false,"boss_relics":[],"items_purged_floors":[],"is_endless":false,"potions_floor_spawned":[4,8],"killed_by":"Lagavulin","ascension_level":20}