{"gold_per_floor":[115,135,145,160,179,179,213,231,258,258,277,277,312,332,332,332],"floor_reached":16,"playtime":732,"items_purged":[],"score":232,"play_id":"4a8367a8-d052-435a-af32-ec6813055f51","local_time":"20190814134353","is_ascension_mode":true,"campfire_choices":[{"floor":6,"key":"REST"},{"floor":10,"key":"REST"},{"floor":12,"key":"REST"},{"floor":15,"key":"REST"}],"neow_cost":"PERCENT_DAMAGE","seed_source_timestamp":563489732757600,"circlet_count":0,"master_deck":["AscendersBane","Strike_G","Strike_G","Strike_G","Strike_G","Strike_G","Defend_G","Defend_G","Defend_G","Defend_G","Defend_G","Survivor","Neutralize","Dagger Spray","Terror","Sucker Punch","Footwork","Deflect","Slice","Dash","Blur","Deflect","Predator"],"special_seed":0,"relics":["Ring of the Snake","Ginger","Kunai","Lantern","Oddly Smooth Stone"],"potions_floor_usage":[7,8,16],"damage_taken":[{"damage":19.0,"enemies":"Jaw Worm","floor":1.0,"turns":10.0},{"damage":3.0,"enemies":"2 Louse","floor":2.0,"turns":3.0},{"damage":1.0,"enemies":"Cultist","floor":3.0,"turns":3.0},{"damage":10.0,"enemies":"Red Slaver","floor":4.0,"turns":3.0},{"damage":2.0,"enemies":"3 Louse","floor":5.0,"turns":4.0},{"damage":18,"enemies":"Lagavulin","floor":7,"turns":9},{"damage":7,"enemies":"Exordium Wildlife","floor":8,"turns":3},{"damage":0,"enemies":"Blue Slaver","floor":11,"turns":3},{"damage":11,"enemies":"Gremlin Nob","floor":13,"turns":4},{"damage":12,"enemies":"3 Louse","floor":14,"turns":3},{"damage":44,"enemies":"Slime Boss","floor":16,"turns":11}],"seed_played":"-5073379163408711331","potions_obtained":[{"floor":3.0,"key":"AttackPotion"},{"floor":4.0,"key":"Block Potion"},{"floor":5,"key":"Energy Potion"},{"floor":7,"key":"SkillPotion"},{"floor":14,"key":"Swift Potion"}],"is_trial":false,"path_per_floor":["M","M","M","M","M","R","E","M","T","R","M","R","E","M","R","B"],"character_chosen":"THE_SILENT","items_purchased":[],"campfire_rested":4,"item_purchase_floors":[],"current_hp_per_floor":[25,22,21,11,9,28,10,3,3,22,22,41,30,18,37,0],"gold":332,"neow_bonus":"ONE_RARE_RELIC","is_prod":false,"is_daily":false,"chose_seed":false,"campfire_upgraded":0,"win_rate":0,"timestamp":1565804633,"path_taken":["M","M","M","M","M","R","E","M","T","R","M","R","E","M","R","BOSS"],"build_version":"2019-07-17","purchased_purges":0,"victory":false,"max_hp_per_floor":[66,66,66,66,66,66,66,66,66,66,66,66,66,66,66,66],"card_choices":[{"not_picked":["Poisoned Stab","Endless Agony"],"picked":"Dagger Spray","floor":1.0},{"not_picked":["Reflex","Blade Dance"],"picked":"Terror","floor":2.0},{"not_picked":["Infinite Blades","Reflex"],"picked":"Sucker Punch","floor":3.0},{"not_picked":["Accuracy","Prepared"],"picked":"Footwork","floor":4.0},{"not_picked":["Slice","Outmaneuver"],"picked":"Deflect","floor":5},{"not_picked":["Masterful Stab","Prepared"],"picked":"Slice","floor":7},{"not_picked":["Masterful Stab","Deflect"],"picked":"Dash","floor":8},{"not_picked":["Deadly Poison","PiercingWail"],"picked":"Blur","floor":11},{"not_picked":["Tools of the Trade","Predator"],"picked":"Deflect","floor":13},{"not_picked":["Prepared","Dagger Spray"],"picked":"Predator","floor":14}],"player_experience":774470,"relics_obtained":[{"floor":7,"key":"Kunai"},{"floor":9,"key":"Lantern"},{"floor":13,"key":"Oddly Smooth Stone"}],"event_choices":[],"is_beta":false,"boss_relics":[],"items_purged_floors":[],"is_endless":false,"potions_floor_spawned":[3,4,5,7,14],"killed_by":"Slime Boss","ascension_level":20}