{"gold_per_floor":[111,111,127,127,145,145,179,124,124,158,178,178,198,7,7,96,96,115,40,40,40,63,63,63,78,160,160,200,224,224,268,268,364,364,377,393,393,518,92,136,136,171,171,171,171,207,225,89,89,89,89,89,89,4,45,45],"floor_reached":57,"playtime":3761,"items_purged":["Strike_R","Strike_R+1"],"score":2843,"play_id":"3a08db86-c6ca-4f4d-9bd5-0d58f0a67b27","local_time":"20190817005036","is_ascension_mode":true,"campfire_choices":[{"data":"Sword Boomerang","floor":6.0,"key":"SMITH"},{"data":"Armaments","floor":15.0,"key":"SMITH"},{"data":"Double Tap","floor":23.0,"key":"SMITH"},{"floor":27.0,"key":"REST"},{"data":"Limit Break","floor":30,"key":"SMITH"},{"data":"Battle Trance","floor":32,"key":"SMITH"},{"data":"Exhume","floor":41,"key":"SMITH"},{"floor":44,"key":"RECALL"},{"data":"Corruption","floor":49,"key":"SMITH"},{"data":"Brutality","floor":53,"key":"SMITH"}],"neow_cost":"NONE","seed_source_timestamp":1152008079701200,"circlet_count":0,"master_deck":["AscendersBane","Defend_R+1","Defend_R+1","Defend_R+1","Defend_R+1","Bash","Inflame","Sword Boomerang+1","Iron Wave","Inflame","Disarm","Anger","Battle Trance+1","Armaments+1","Double Tap+1","Iron Wave","Flame Barrier","Limit Break+1","Feed","Feel No Pain","Reaper","Pommel Strike+1","Ghostly Armor","Brutality+1","Shockwave+1","Feel No Pain+1","Corruption+1","Disarm","Exhume+1","Flame Barrier","Impervious","Limit Break"],"special_seed":0,"relics":["Burning Blood","Bronze Scales","Darkstone Periapt","Golden Idol","Gremlin Horn","Blue Candle","Shuriken","Philosopher\u0027s Stone","Mercury Hourglass","Sundial","Unceasing Top","Kunai","Runic Cube","StoneCalendar","Bag of Preparation","FossilizedHelix","Boot","Happy Flower","Letter Opener"],"potions_floor_usage":[36,56,56],"damage_taken":[{"damage":1.0,"enemies":"Cultist","floor":1.0,"turns":4.0},{"damage":9.0,"enemies":"2 Louse","floor":3.0,"turns":3.0},{"damage":14.0,"enemies":"Small Slimes","floor":5.0,"turns":4.0},{"damage":25.0,"enemies":"3 Sentries","floor":7.0,"turns":9.0},{"damage":39.0,"enemies":"Lagavulin","floor":10.0,"turns":8.0},{"damage":13.0,"enemies":"Blue Slaver","floor":11.0,"turns":2.0},{"damage":0.0,"enemies":"2 Fungi Beasts","floor":13.0,"turns":2.0},{"damage":10.0,"enemies":"Hexaghost","floor":16.0,"turns":7.0},{"damage":20.0,"enemies":"Shell Parasite","floor":18.0,"turns":4.0},{"damage":13.0,"enemies":"Spheric Guardian","floor":22.0,"turns":4.0},{"damage":24.0,"enemies":"Shelled Parasite and Fungi","floor":25.0,"turns":5.0},{"damage":35.0,"enemies":"Slavers","floor":28.0,"turns":4.0},{"damage":4,"enemies":"3 Cultists","floor":29,"turns":4},{"damage":0,"enemies":"Gremlin Leader","floor":31,"turns":4},{"damage":46,"enemies":"Automaton","floor":33,"turns":8},{"damage":16,"enemies":"3 Shapes","floor":35,"turns":12},{"damage":67,"enemies":"3 Darklings","floor":36,"turns":5},{"damage":26,"enemies":"Mind Bloom Boss Battle","floor":38,"turns":12},{"damage":5,"enemies":"Giant Head","floor":40,"turns":6},{"damage":4,"enemies":"Nemesis","floor":42,"turns":7},{"damage":37,"enemies":"Reptomancer","floor":46,"turns":6},{"damage":0,"enemies":"4 Shapes","floor":47,"turns":7},{"damage":44,"enemies":"Donu and Deca","floor":50,"turns":8},{"damage":61,"enemies":"Time Eater","floor":51,"turns":11},{"damage":47,"enemies":"Shield and Spear","floor":55,"turns":5},{"damage":65,"enemies":"The Heart","floor":56,"turns":9}],"seed_played":"2025332295299448546","potions_obtained":[{"floor":5.0,"key":"Block Potion"},{"floor":10.0,"key":"BloodPotion"},{"floor":11.0,"key":"Fruit Juice"},{"floor":22.0,"key":"Poison Potion"},{"floor":25.0,"key":"Block Potion"},{"floor":28.0,"key":"Poison Potion"},{"floor":29,"key":"Weak Potion"},{"floor":36,"key":"EssenceOfSteel"},{"floor":38,"key":"Regen Potion"}],"is_trial":false,"path_per_floor":["M","T","M","?","M","R","E","$","T","E","M","?","M","$","R","B",null,"M","$","?","?","M","R","?","M","T","R","E","M","R","E","R","B",null,"M","M","?","?","$","E","R","E","T","R","?","E","M","$","R","B","B",null,"R","$","E","B",null],"character_chosen":"IRONCLAD","items_purchased":["Fire Potion","Battle Trance","Armaments","SkillPotion","Corruption","Bag of Preparation","Disarm","Limit Break","PowerPotion","Ancient Potion"],"campfire_rested":1,"item_purchase_floors":[8,14,14,14,39,39,39,48,48,54],"current_hp_per_floor":[73,73,70,68,60,60,41,41,41,8,18,18,24,24,24,20,56,42,42,42,42,35,35,35,25,25,47,18,47,47,65,65,25,66,60,30,30,50,50,90,90,93,93,93,93,97,100,100,100,104,96,102,102,102,107,97],"gold":45,"neow_bonus":"RANDOM_COMMON_RELIC","is_prod":false,"is_daily":false,"chose_seed":false,"campfire_upgraded":8,"win_rate":0,"timestamp":1566028236,"path_taken":["M","?","M","?","M","R","E","$","T","E","M","?","M","?","R","BOSS","M","$","?","?","?","R","?","M","T","R","E","M","R","E","R","BOSS","M","M","?","?","?","E","R","E","T","R","?","E","?","$","R","BOSS","BOSS","R","$","E","BOSS"],"build_version":"2019-07-17","purchased_purges":2,"victory":true,"max_hp_per_floor":[75,75,75,68,68,68,68,68,68,68,68,68,68,68,68,68,68,68,68,68,68,68,68,68,76,76,76,76,79,79,79,79,79,79,83,87,87,90,90,90,90,93,93,93,93,97,100,100,100,104,104,104,104,104,107,107],"card_choices":[{"not_picked":["Twin Strike","Clash"],"picked":"Inflame","floor":1.0},{"not_picked":["Flex","Havoc"],"picked":"Sword Boomerang","floor":3.0},{"not_picked":["Ghostly Armor","Clothesline"],"picked":"Iron Wave","floor":5.0},{"not_picked":["Clash","Brutality","Heavy Blade"],"picked":"SKIP","floor":7.0},{"not_picked":["Infernal Blade","Combust"],"picked":"Inflame","floor":10.0},{"not_picked":["Searing Blow","Clothesline"],"picked":"Disarm","floor":11.0},{"not_picked":["Armaments","Rampage"],"picked":"Anger","floor":13.0},{"not_picked":["Demon Form","Berserk"],"picked":"Double Tap","floor":16.0},{"not_picked":["Wild Strike","Second Wind"],"picked":"Iron Wave","floor":18.0},{"not_picked":["Perfected Strike","Anger"],"picked":"Flame Barrier","floor":22.0},{"not_picked":["Headbutt","Havoc"],"picked":"Feel No Pain","floor":25.0},{"not_picked":["Sword Boomerang","Heavy Blade"],"picked":"Reaper","floor":28.0},{"not_picked":["Searing Blow","Clash"],"picked":"Pommel Strike+1","floor":29},{"not_picked":["Combust","Sword Boomerang"],"picked":"Ghostly Armor","floor":31},{"not_picked":["Barricade","Limit Break"],"picked":"Brutality","floor":33},{"not_picked":["Havoc","Shrug It Off"],"picked":"Shockwave+1","floor":35},{"not_picked":["Iron Wave+1","Cleave","Anger"],"picked":"SKIP","floor":36},{"not_picked":["Perfected Strike","Cleave"],"picked":"Feel No Pain+1","floor":38},{"not_picked":["Shockwave","Clash"],"picked":"Exhume","floor":40},{"not_picked":["Rampage","Clash+1","Twin Strike"],"picked":"SKIP","floor":42},{"not_picked":["Burning Pact","Anger"],"picked":"Flame Barrier","floor":46},{"not_picked":["Sword Boomerang","Perfected Strike"],"picked":"Impervious","floor":47},{"not_picked":["Pommel Strike+1","Flex","Havoc+1"],"picked":"SKIP","floor":55}],"player_experience":793766,"relics_obtained":[{"floor":2.0,"key":"Darkstone Periapt"},{"floor":7.0,"key":"Gremlin Horn"},{"floor":9.0,"key":"Blue Candle"},{"floor":10.0,"key":"Shuriken"},{"floor":21.0,"key":"Mercury Hourglass"},{"floor":26.0,"key":"Sundial"},{"floor":28.0,"key":"Unceasing Top"},{"floor":31,"key":"Kunai"},{"floor":38,"key":"StoneCalendar"},{"floor":40,"key":"FossilizedHelix"},{"floor":42,"key":"Boot"},{"floor":46,"key":"Happy Flower"},{"floor":55,"key":"Letter Opener"}],"event_choices":[{"damage_healed":0.0,"max_hp_gain":0.0,"max_hp_loss":7.0,"gold_gain":0.0,"event_name":"Golden Idol","player_choice":"Lose Max HP","floor":4.0,"gold_loss":0.0,"damage_taken":0.0,"relics_obtained":["Golden Idol"]},{"damage_healed":0.0,"max_hp_gain":0.0,"max_hp_loss":0.0,"gold_gain":0.0,"event_name":"Liars Game","player_choice":"Ignored","floor":12.0,"gold_loss":0.0,"damage_taken":0.0},{"damage_healed":0.0,"max_hp_gain":0.0,"max_hp_loss":0.0,"gold_gain":0.0,"event_name":"Back to Basics","player_choice":"Simplicity","floor":20.0,"gold_loss":0.0,"damage_taken":0.0,"cards_upgraded":["Strike_R","Strike_R","Strike_R","Strike_R","Defend_R","Defend_R","Defend_R","Defend_R"]},{"damage_healed":0.0,"max_hp_gain":0.0,"max_hp_loss":0.0,"gold_gain":0.0,"event_name":"Wheel of Change","player_choice":"Relic","floor":21.0,"gold_loss":0.0,"damage_taken":0.0},{"damage_healed":0.0,"max_hp_gain":0.0,"max_hp_loss":0.0,"gold_gain":0.0,"cards_transformed":["Strike_R","Strike_R"],"event_name":"Drug Dealer","player_choice":"Became Test Subject","floor":24.0,"gold_loss":0.0,"damage_taken":0.0,"cards_obtained":["Limit Break","Feed"]},{"damage_healed":0,"gold_gain":0,"player_choice":"Memory 1","damage_taken":0,"max_hp_gain":0,"max_hp_loss":0,"event_name":"SensoryStone","floor":37,"gold_loss":0},{"damage_healed":0,"gold_gain":0,"player_choice":"Fight","damage_taken":0,"max_hp_gain":0,"max_hp_loss":0,"event_name":"MindBloom","floor":38,"gold_loss":0},{"cards_removed":["Strike_R"],"damage_healed":0,"gold_gain":0,"player_choice":"Offered Basic","damage_taken":0,"max_hp_gain":0,"max_hp_loss":0,"event_name":"Bonfire Elementals","floor":45,"gold_loss":0}],"is_beta":false,"boss_relics":[{"not_picked":["White Beast Statue","Calling Bell"],"picked":"Philosopher\u0027s Stone"},{"not_picked":["Coffee Dripper","Tiny House"],"picked":"Runic Cube"}],"items_purged_floors":[19,39],"is_endless":false,"potions_floor_spawned":[5,10,11,22,25,28,29,36,38,42,47,55],"ascension_level":20}