{"gold_per_floor":[218,235,73,148,159,159,171,171,171,243,261,261,261,4,4,76,76,92,75,75,86,1,1,14,14,14,14,14,14,14,14,14,14],"floor_reached":33,"playtime":1108,"items_purged":["Strike_R"],"score":419,"play_id":"b0a79731-1228-4bef-bcab-e1ea466525f0","local_time":"20181223142542","is_ascension_mode":true,"campfire_choices":[{"data":"Armaments","floor":6.0,"key":"SMITH"},{"data":"Searing Blow","floor":8.0,"key":"SMITH"},{"data":"Searing Blow+2","floor":13.0,"key":"SMITH"},{"floor":15.0,"key":"REST"},{"floor":23.0,"key":"REST"},{"floor":25.0,"key":"REST"},{"data":"Searing Blow+3","floor":27.0,"key":"SMITH"},{"floor":32.0,"key":"REST"}],"neow_cost":"NONE","seed_source_timestamp":168792968536700,"circlet_count":0,"master_deck":["AscendersBane","Strike_R","Strike_R","Strike_R","Strike_R","Defend_R","Defend_R","Defend_R","Defend_R","Bash","Iron Wave","Searing Blow+4","Armaments+1","Shrug It Off","Flame Barrier","Impervious","Uppercut","Pommel Strike","Bloodletting","Battle Trance","Shrug It Off","Armaments+1"],"special_seed":0,"relics":["Burning Blood","Happy Flower","The Courier","Pen Nib","Orrery","Molten Egg 2","Potion Belt"],"potions_floor_usage":[33,33],"damage_taken":[{"damage":5.0,"enemies":"Small Slimes","floor":1.0,"turns":5.0},{"damage":0.0,"enemies":"2 Louse","floor":2.0,"turns":4.0},{"damage":1.0,"enemies":"Cultist","floor":5.0,"turns":3.0},{"damage":37.0,"enemies":"Large Slime","floor":7.0,"turns":8.0},{"damage":1.0,"enemies":"Looter","floor":11.0,"turns":3.0},{"damage":46.0,"enemies":"The Guardian","floor":16.0,"turns":12.0},{"damage":23.0,"enemies":"Shell Parasite","floor":18.0,"turns":5.0},{"damage":5.0,"enemies":"2 Thieves","floor":19.0,"turns":4.0},{"damage":27.0,"enemies":"Sentry and Sphere","floor":21.0,"turns":8.0},{"damage":36.0,"enemies":"Shelled Parasite and Fungi","floor":24.0,"turns":9.0},{"damage":71,"enemies":"Collector","floor":33,"turns":10}],"seed_played":"-2192200426299933189","potions_obtained":[{"floor":2.0,"key":"Explosive Potion"},{"floor":5.0,"key":"Strength Potion"},{"floor":16.0,"key":"Strength Potion"},{"floor":24.0,"key":"SkillPotion"}],"is_trial":false,"path_per_floor":["M","M","$","?","M","R","M","R","T","?","M","?","R","$","R","B",null,"M","M","$","M","?","R","M","R","T","R","$","?","?","$","R","B"],"character_chosen":"IRONCLAD","items_purchased":["Happy Flower","Flame Barrier","Pen Nib"],"campfire_rested":4,"item_purchase_floors":[3,14,14],"current_hp_per_floor":[69,75,75,64,69,69,38,38,38,38,43,43,43,43,65,25,63,46,47,47,26,26,48,18,40,40,40,40,40,40,40,62,0],"gold":14,"neow_bonus":"HUNDRED_GOLD","is_prod":false,"is_daily":false,"chose_seed":false,"campfire_upgraded":4,"win_rate":0,"timestamp":1545603942,"path_taken":["M","M","$","?","M","R","M","R","T","?","M","?","R","$","R","BOSS","M","?","$","M","?","R","M","R","T","R","$","?","?","?","R","BOSS"],"build_version":"2018-12-20","purchased_purges":1,"victory":false,"max_hp_per_floor":[75,75,75,75,75,75,75,75,75,75,75,75,75,75,75,75,75,75,75,75,75,75,75,75,75,75,75,75,75,75,75,75,75],"card_choices":[{"not_picked":["Sword Boomerang","Cleave"],"picked":"Iron Wave","floor":1.0},{"not_picked":["Seeing Red","Flex"],"picked":"Searing Blow","floor":2.0},{"not_picked":["Entrench","Rage"],"picked":"Armaments","floor":5.0},{"not_picked":["Heavy Blade","Brutality","Searing Blow"],"picked":"SKIP","floor":7.0},{"not_picked":["Heavy Blade","Cleave"],"picked":"Shrug It Off","floor":11.0},{"not_picked":["Juggernaut","Demon Form"],"picked":"Impervious","floor":16.0},{"not_picked":["Whirlwind","Inflame"],"picked":"Uppercut","floor":17.0},{"not_picked":["Iron Wave","Intimidate"],"picked":"Pommel Strike","floor":17.0},{"not_picked":["Anger","Sentinel"],"picked":"Bloodletting","floor":17.0},{"not_picked":["Seeing Red","True Grit"],"picked":"Battle Trance","floor":18.0},{"not_picked":["Fire Breathing","Uppercut+1"],"picked":"Shrug It Off","floor":19.0},{"not_picked":["Second Wind","Pommel Strike+1"],"picked":"Armaments+1","floor":21.0},{"not_picked":["Rage+1","Body Slam+1","Flame Barrier"],"picked":"SKIP","floor":24.0}],"player_experience":180063,"relics_obtained":[{"floor":9.0,"key":"The Courier"},{"floor":26.0,"key":"Potion Belt"}],"event_choices":[{"damage_healed":0.0,"max_hp_gain":0.0,"max_hp_loss":0.0,"gold_gain":75.0,"event_name":"World of Goop","player_choice":"Gather Gold","floor":4.0,"gold_loss":0.0,"damage_taken":11.0},{"damage_healed":0.0,"max_hp_gain":0.0,"max_hp_loss":0.0,"gold_gain":72.0,"event_name":"Golden Wing","player_choice":"Gained Gold","floor":10.0,"gold_loss":0.0,"damage_taken":0.0},{"damage_healed":0.0,"max_hp_gain":0.0,"max_hp_loss":0.0,"gold_gain":0.0,"event_name":"Accursed Blacksmith","player_choice":"Forge","floor":12.0,"gold_loss":0.0,"damage_taken":0.0,"cards_upgraded":["Searing Blow"]},{"damage_healed":0.0,"max_hp_gain":0.0,"max_hp_loss":0.0,"gold_gain":0.0,"event_name":"Addict","player_choice":"Obtained Relic","floor":22.0,"gold_loss":85.0,"damage_taken":0.0,"relics_obtained":["Molten Egg 2"]},{"damage_healed":0.0,"max_hp_gain":0.0,"max_hp_loss":0.0,"gold_gain":0.0,"event_name":"Vampires","player_choice":"Ignored","floor":29.0,"gold_loss":0.0,"damage_taken":0.0},{"damage_healed":0.0,"max_hp_gain":0.0,"max_hp_loss":0.0,"gold_gain":0.0,"event_name":"Cursed Tome","player_choice":"Ignored","floor":30.0,"gold_loss":0.0,"damage_taken":0.0}],"is_beta":false,"boss_relics":[{"not_picked":["Tiny House","Pandora\u0027s Box"],"picked":"Orrery"}],"items_purged_floors":[14],"is_endless":false,"potions_floor_spawned":[2,5,7,16,24],"killed_by":"Collector","ascension_level":16}