{"gold_per_floor":[112,112,132,132,132,132,132,146,146,163,163,194,206,237,237,308,308,321,321,336,336,347,347,373,100,100,100,100,120,131,51,51,129,129,148,48,59,75,75,75],"floor_reached":40,"playtime":1721,"items_purged":["Strike_R","Strike_R","Strike_R"],"score":832,"play_id":"9a25154a-c6d5-4f66-a743-df664a8e8096","local_time":"20190812151943","is_ascension_mode":true,"campfire_choices":[{"data":"True Grit","floor":6,"key":"SMITH"},{"data":"Uppercut","floor":15,"key":"SMITH"},{"floor":23,"key":"REST"},{"floor":27,"key":"REST"},{"floor":32,"key":"RECALL"}],"neow_cost":"NONE","seed_source_timestamp":774264705972400,"circlet_count":0,"master_deck":["AscendersBane","Strike_R","Strike_R","Defend_R","Defend_R","Defend_R","Defend_R","Bash+1","Pommel Strike+1","True Grit+1","Feel No Pain","Uppercut+1","Shrug It Off","Wild Strike","Barricade","Armaments+1","True Grit","Fiend Fire","Armaments+1","Demon Form","Anger","Impervious","Metallicize+1","Feel No Pain","Dual Wield"],"relics":["Burning Blood","Dodecahedron","Pocketwatch","Question Card","The Courier","Ornamental Fan","Lantern","Fusion Hammer","Nilry\u0027s Codex","Meat on the Bone","Self Forming Clay","Champion Belt","Cursed Key"],"potions_floor_usage":[14,16,18,24,40],"damage_taken":[{"damage":9,"enemies":"2 Louse","floor":1,"turns":4},{"damage":6,"enemies":"Small Slimes","floor":3,"turns":3},{"damage":0,"enemies":"Cultist","floor":8,"turns":3},{"damage":22,"enemies":"Exordium Wildlife","floor":10,"turns":6},{"damage":30,"enemies":"Lagavulin","floor":12,"turns":7},{"damage":7,"enemies":"3 Louse","floor":13,"turns":4},{"damage":4,"enemies":"3 Sentries","floor":14,"turns":7},{"damage":15,"enemies":"Hexaghost","floor":16,"turns":9},{"damage":9,"enemies":"2 Thieves","floor":18,"turns":3},{"damage":1,"enemies":"3 Byrds","floor":20,"turns":7},{"damage":4,"enemies":"Centurion and Healer","floor":22,"turns":6},{"damage":17,"enemies":"Book of Stabbing","floor":24,"turns":4},{"damage":0,"enemies":"Chosen and Byrds","floor":29,"turns":5},{"damage":0,"enemies":"3 Cultists","floor":30,"turns":5},{"damage":36,"enemies":"Champ","floor":33,"turns":11},{"damage":0,"enemies":"3 Shapes","floor":35,"turns":7},{"damage":21,"enemies":"Orb Walker","floor":37,"turns":4},{"damage":0,"enemies":"4 Shapes","floor":38,"turns":8},{"damage":77,"enemies":"Reptomancer","floor":40,"turns":3}],"seed_played":"-8596605684586073704","potions_obtained":[{"floor":3,"key":"EssenceOfSteel"},{"floor":12,"key":"Block Potion"},{"floor":16,"key":"Explosive Potion"},{"floor":18,"key":"Strength Potion"},{"floor":20,"key":"Ancient Potion"},{"floor":24,"key":"Strength Potion"}],"is_trial":false,"path_per_floor":["M","?","M","?","?","R","T","M","T","M","T","E","M","E","R","B",null,"M","?","M","?","M","R","E","$","T","R","$","M","M","$","R","B",null,"M","$","M","M","?","E"],"character_chosen":"IRONCLAD","items_purchased":["Self Forming Clay"],"campfire_rested":2,"item_purchase_floors":[25],"current_hp_per_floor":[65,65,65,70,65,65,65,71,71,55,55,31,30,32,32,23,66,63,42,47,47,49,73,62,62,62,80,80,80,80,80,80,50,73,79,79,64,70,70,0],"gold":75,"neow_bonus":"UPGRADE_CARD","is_prod":false,"is_daily":false,"chose_seed":false,"campfire_upgraded":2,"win_rate":0,"timestamp":1565648383,"path_taken":["M","?","M","?","?","R","?","M","T","?","?","E","M","E","R","BOSS","M","?","M","?","?","R","E","$","T","R","?","?","M","$","R","BOSS","M","$","M","M","?","E"],"build_version":"2019-07-17","purchased_purges":3,"victory":false,"max_hp_per_floor":[75,75,75,80,80,80,80,80,80,80,80,80,80,80,80,80,80,80,80,80,80,80,80,80,80,80,80,80,80,80,80,80,80,80,80,80,80,80,80,80],"card_choices":[{"not_picked":["Clash","Armaments"],"picked":"Pommel Strike","floor":1},{"not_picked":["Sword Boomerang","Havoc"],"picked":"True Grit","floor":3},{"not_picked":["Body Slam","Heavy Blade"],"picked":"Feel No Pain","floor":8},{"not_picked":["Dual Wield","Sever Soul","Flex"],"picked":"Uppercut","floor":10},{"not_picked":["Wild Strike","Blood for Blood","Carnage"],"picked":"Shrug It Off","floor":12},{"not_picked":["Wild Strike","Thunderclap","Reckless Charge"],"picked":"Fiend Fire","floor":13},{"not_picked":["Carnage","Headbutt","Pommel Strike"],"picked":"Wild Strike","floor":14},{"not_picked":["Offering","Limit Break","Exhume"],"picked":"Barricade","floor":16},{"not_picked":["Rampage","Cleave","Disarm"],"picked":"Armaments+1","floor":18},{"not_picked":["Searing Blow","Havoc","True Grit","Thunderclap+1"],"picked":"SKIP","floor":20},{"not_picked":["Searing Blow","Havoc","Thunderclap+1"],"picked":"True Grit","floor":20},{"not_picked":["Evolve","Rage","Twin Strike","Iron Wave"],"picked":"SKIP","floor":22},{"not_picked":["Evolve","Rage","Twin Strike","Iron Wave"],"picked":"SKIP","floor":22},{"not_picked":["Second Wind","Flex+1","Clash"],"picked":"Armaments+1","floor":24},{"not_picked":["Twin Strike","Spot Weakness","Perfected Strike"],"picked":"Demon Form","floor":29},{"not_picked":["Perfected Strike","Flex","Heavy Blade"],"picked":"Anger","floor":30},{"not_picked":["Exhume","Dark Embrace","Feed"],"picked":"Impervious","floor":33},{"not_picked":["Seeing Red+1","Body Slam","Iron Wave"],"picked":"Metallicize+1","floor":35},{"not_picked":["Hemokinesis","Cleave","Flame Barrier"],"picked":"Feel No Pain","floor":37},{"not_picked":["Thunderclap","Shrug It Off+1","Infernal Blade"],"picked":"Dual Wield","floor":38}],"player_experience":777475,"relics_obtained":[{"floor":7,"key":"Pocketwatch"},{"floor":9,"key":"Question Card"},{"floor":11,"key":"The Courier"},{"floor":12,"key":"Ornamental Fan"},{"floor":14,"key":"Lantern"},{"floor":19,"key":"Nilry\u0027s Codex"},{"floor":24,"key":"Meat on the Bone"},{"floor":26,"key":"Champion Belt"}],"event_choices":[{"damage_healed":0,"gold_gain":0,"player_choice":"Grow","damage_taken":0,"max_hp_gain":0,"max_hp_loss":0,"event_name":"Living Wall","floor":2,"gold_loss":0,"cards_upgraded":["Pommel Strike"]},{"damage_healed":0,"gold_gain":0,"player_choice":"Donut","damage_taken":0,"max_hp_gain":5,"max_hp_loss":0,"event_name":"Big Fish","floor":4,"gold_loss":0},{"damage_healed":0,"gold_gain":0,"player_choice":"Success","damage_taken":5,"relics_obtained":["Dodecahedron"],"max_hp_gain":0,"max_hp_loss":0,"event_name":"Scrap Ooze","floor":5,"gold_loss":0},{"damage_healed":0,"gold_gain":0,"player_choice":"Obtained Book","damage_taken":21,"max_hp_gain":0,"max_hp_loss":0,"event_name":"Cursed Tome","floor":19,"gold_loss":0},{"damage_healed":0,"gold_gain":0,"player_choice":"1 cards matched","damage_taken":0,"max_hp_gain":0,"max_hp_loss":0,"event_name":"Match and Keep!","floor":21,"gold_loss":0,"cards_obtained":["Fiend Fire"]},{"cards_removed":["Fiend Fire"],"damage_healed":0,"gold_gain":0,"player_choice":"Removed Attack","damage_taken":0,"max_hp_gain":0,"max_hp_loss":0,"event_name":"Falling","floor":39,"gold_loss":0}],"is_beta":false,"boss_relics":[{"not_picked":["Lizard Tail","Empty Cage"],"picked":"Fusion Hammer"},{"not_picked":["White Beast Statue","Runic Cube"],"picked":"Cursed Key"}],"items_purged_floors":[25,31,36],"is_endless":false,"potions_floor_spawned":[3,12,16,18,20,24,35],"killed_by":"Reptomancer","ascension_level":20}