{"gold_per_floor":[119,130,49,60,79,107,107,126,207,222,222,28,48,58,58,160,160,173,206,206,218,229,229],"floor_reached":23,"playtime":1656,"items_purged":["Strike_G"],"score":197,"play_id":"e59b0374-d3b5-491f-97e7-b3a875662f7e","local_time":"20190903133013","is_ascension_mode":false,"campfire_choices":[{"data":"Accuracy","floor":7,"key":"SMITH"},{"data":"Bandage Up","floor":15,"key":"SMITH"}],"neow_cost":"NONE","seed_source_timestamp":1541397847521600,"circlet_count":0,"master_deck":["Strike_G","Strike_G","Strike_G","Strike_G","Defend_G","Defend_G","Defend_G","Defend_G","Defend_G","Survivor","Neutralize+1","Infinite Blades","Prepared","Accuracy+1","Blade Dance","Blade Dance","Venomology","All Out Attack","Infinite Blades","Bandage Up+1","Prepared","Burst","Backstab","Flechettes+1","Acrobatics","Cloak And Dagger"],"relics":["Ring of the Snake","Bronze Scales","Blue Candle","Philosopher\u0027s Stone","Red Mask","The Specimen"],"potions_floor_usage":[6,6,8,10,10,16,16,16,19,19,19,19,21,21,21,22,23,23],"damage_taken":[{"damage":0,"enemies":"Cultist","floor":1,"turns":5},{"damage":5,"enemies":"Small Slimes","floor":2,"turns":4},{"damage":3,"enemies":"Jaw Worm","floor":4,"turns":6},{"damage":3,"enemies":"2 Fungi Beasts","floor":5,"turns":4},{"damage":22,"enemies":"3 Sentries","floor":6,"turns":7},{"damage":0,"enemies":"Lots of Slimes","floor":8,"turns":1},{"damage":7,"enemies":"Blue Slaver","floor":10,"turns":3},{"damage":15,"enemies":"Exordium Thugs","floor":13,"turns":2},{"damage":10,"enemies":"Looter","floor":14,"turns":2},{"damage":33,"enemies":"The Guardian","floor":16,"turns":7},{"damage":24,"enemies":"3 Byrds","floor":18,"turns":4},{"damage":22,"enemies":"Masked Bandits","floor":19,"turns":5},{"damage":3,"enemies":"Chosen","floor":21,"turns":4},{"damage":27,"enemies":"Sentry and Sphere","floor":22,"turns":5},{"damage":39,"enemies":"Slavers","floor":23,"turns":3}],"seed_played":"9148082352521354941","potions_obtained":[{"floor":2,"key":"AttackPotion"},{"floor":4,"key":"Regen Potion"},{"floor":6,"key":"Ancient Potion"},{"floor":8,"key":"Regen Potion"},{"floor":14,"key":"Poison Potion"},{"floor":18,"key":"EssenceOfSteel"},{"floor":19,"key":"Swift Potion"},{"floor":21,"key":"SteroidPotion"}],"is_trial":false,"path_per_floor":["M","M","$","M","M","E","R","M","T","M","T","$","M","M","R","B",null,"M","?","?","M","M","E"],"character_chosen":"THE_SILENT","items_purchased":["Accuracy","Infinite Blades","Bandage Up"],"campfire_rested":0,"item_purchase_floors":[3,12,12],"current_hp_per_floor":[70,65,65,62,59,52,52,52,52,64,64,64,53,43,43,16,70,52,36,36,48,27,0],"gold":229,"neow_bonus":"UPGRADE_CARD","is_prod":false,"is_daily":false,"chose_seed":false,"campfire_upgraded":2,"win_rate":0,"timestamp":1567542613,"path_taken":["M","M","$","M","M","E","R","M","T","M","?","$","M","?","R","BOSS","M","?","?","M","M","E"],"build_version":"2019-07-17","purchased_purges":1,"victory":false,"max_hp_per_floor":[70,70,70,70,70,70,70,70,70,70,70,70,70,70,70,70,70,70,70,70,70,70,70],"card_choices":[{"not_picked":["Acrobatics","Crippling Poison"],"picked":"Infinite Blades","floor":1},{"not_picked":["Slice","Terror"],"picked":"Prepared","floor":2},{"not_picked":["Dagger Spray","Sucker Punch"],"picked":"Blade Dance","floor":4},{"not_picked":["Poisoned Stab","Storm of Steel"],"picked":"Blade Dance","floor":5},{"not_picked":["Deflect","Reflex"],"picked":"Venomology","floor":6},{"not_picked":["Deadly Poison","Deflect"],"picked":"All Out Attack","floor":8},{"not_picked":["Poisoned Stab","Dodge and Roll","Sucker Punch"],"picked":"SKIP","floor":10},{"not_picked":["Slice","Crippling Poison","Dash"],"picked":"SKIP","floor":13},{"not_picked":["Poisoned Stab","Dagger Throw"],"picked":"Prepared","floor":14},{"not_picked":["Phantasmal Killer","Wraith Form v2"],"picked":"Burst","floor":16},{"not_picked":["Eviscerate","Distraction"],"picked":"Backstab","floor":18},{"not_picked":["Sucker Punch","Reflex"],"picked":"Flechettes+1","floor":19},{"not_picked":["Dagger Spray","Poisoned Stab+1"],"picked":"Acrobatics","floor":21},{"not_picked":["Outmaneuver","Bane+1"],"picked":"Cloak And Dagger","floor":22}],"player_experience":104030,"relics_obtained":[{"floor":6,"key":"Bronze Scales"},{"floor":11,"key":"Blue Candle"},{"floor":19,"key":"Red Mask"}],"event_choices":[{"damage_healed":0,"gold_gain":0,"player_choice":"Fought Bandits","damage_taken":0,"max_hp_gain":0,"max_hp_loss":0,"event_name":"Masked Bandits","floor":19,"gold_loss":0},{"damage_healed":0,"gold_gain":0,"player_choice":"Opened","damage_taken":0,"relics_obtained":["The Specimen"],"max_hp_gain":0,"max_hp_loss":0,"event_name":"The Mausoleum","floor":20,"gold_loss":0}],"is_beta":false,"boss_relics":[{"not_picked":["Eternal Feather","Fusion Hammer"],"picked":"Philosopher\u0027s Stone"}],"items_purged_floors":[12],"is_endless":false,"potions_floor_spawned":[2,4,6,8,14,18,19,21],"killed_by":"Slavers","ascension_level":0}