{"gold_per_floor":[112,112,130,130,21,21,21,52,76,115,135,0,0,23,23,118,118,134,159,179,52,83,83,124,124,124,151,60,79,29,49,49,49],"floor_reached":33,"playtime":1342,"items_purged":["Strike_B","Strike_B","Strike_B","Strike_B"],"score":596,"play_id":"0f958226-1e4e-4ebc-8ac8-56dea023def7","local_time":"20190907155826","is_ascension_mode":true,"campfire_choices":[{"data":"Static Discharge","floor":6.0,"key":"SMITH"},{"floor":15.0,"key":"REST"},{"data":"Defragment","floor":23.0,"key":"SMITH"},{"data":"Self Repair","floor":25.0,"key":"SMITH"},{"data":"Defragment","floor":32.0,"key":"SMITH"}],"neow_cost":"NONE","seed_source_timestamp":0,"circlet_count":0,"master_deck":["AscendersBane","Defend_B","Defend_B","Defend_B","Defend_B","Zap","Dualcast","Compile Driver","Rebound","Cold Snap","Static Discharge+1","Coolheaded+1","Chaos+1","Steam+1","Self Repair+1","Parasite","Electrodynamics","Rainbow+1","Defragment+1","Reprogram+1","Glacier+1","Defragment","Redo+1","Defragment+1","Hologram+1","Coolheaded+1"],"special_seed":0,"relics":["Cracked Core","NeowsBlessing","Golden Idol","Toxic Egg 2","Symbiotic Virus","Lantern","Smiling Mask","Coffee Dripper","Red Mask","Dodecahedron","Shuriken","Regal Pillow"],"potions_floor_usage":[],"damage_taken":[{"damage":0.0,"enemies":"2 Louse","floor":1.0,"turns":1.0},{"damage":0.0,"enemies":"Jaw Worm","floor":3.0,"turns":1.0},{"damage":0.0,"enemies":"3 Sentries","floor":8.0,"turns":1.0},{"damage":26.0,"enemies":"Lagavulin","floor":10.0,"turns":5.0},{"damage":0.0,"enemies":"Cultist","floor":11.0,"turns":3.0},{"damage":14.0,"enemies":"Lots of Slimes","floor":14.0,"turns":4.0},{"damage":23.0,"enemies":"Slime Boss","floor":16.0,"turns":6.0},{"damage":0.0,"enemies":"3 Byrds","floor":18.0,"turns":3.0},{"damage":13.0,"enemies":"2 Thieves","floor":19.0,"turns":2.0},{"damage":15.0,"enemies":"Snecko","floor":20.0,"turns":8.0},{"damage":10.0,"enemies":"Masked Bandits","floor":22.0,"turns":2.0},{"damage":6.0,"enemies":"Slavers","floor":24.0,"turns":4.0},{"damage":13.0,"enemies":"Snake Plant","floor":29.0,"turns":4.0},{"damage":6.0,"enemies":"Cultist and Chosen","floor":31.0,"turns":6.0},{"damage":41,"enemies":"Champ","floor":33,"turns":13}],"seed_played":"-7590881467807949026","potions_obtained":[{"floor":3.0,"key":"GamblersBrew"},{"floor":11.0,"key":"Fire Potion"},{"floor":16.0,"key":"Regen Potion"},{"floor":18.0,"key":"Dexterity Potion"},{"floor":19.0,"key":"SkillPotion"}],"is_trial":false,"path_per_floor":["M","?","M","?","$","R","?","E","T","E","M","$","?","M","R","B",null,"M","M","M","$","?","R","E","R","T","T","$","M","$","M","R","B"],"character_chosen":"DEFECT","items_purchased":["Cold Snap","Static Discharge","Self Repair","Defragment","Defragment"],"campfire_rested":1,"item_purchase_floors":[5,5,12,21,28],"current_hp_per_floor":[64,64,64,40,40,40,40,40,40,14,14,14,31,24,45,29,61,68,55,47,47,37,37,38,38,38,38,38,35,35,39,39,0],"gold":49,"neow_bonus":"THREE_ENEMY_KILL","is_prod":false,"is_daily":false,"chose_seed":false,"campfire_upgraded":4,"win_rate":0,"timestamp":1567886306,"path_taken":["M","?","M","?","$","R","?","E","T","E","M","$","?","M","R","BOSS","M","M","M","$","?","R","E","R","T","?","$","M","?","M","R","BOSS"],"build_version":"2019-07-17","purchased_purges":4,"victory":false,"max_hp_per_floor":[71,71,71,71,71,71,71,71,71,71,71,71,71,71,71,71,71,71,71,71,71,71,71,71,71,71,71,71,71,71,71,71,71],"card_choices":[{"not_picked":["Coolheaded","Leap"],"picked":"Compile Driver","floor":1.0},{"not_picked":["Coolheaded","Hologram"],"picked":"Rebound","floor":3.0},{"not_picked":["Heatsinks","Go for the Eyes"],"picked":"Coolheaded+1","floor":8.0},{"not_picked":["Rebound","Streamline"],"picked":"Chaos+1","floor":10.0},{"not_picked":["Capacitor","Ball Lightning"],"picked":"Steam+1","floor":11.0},{"not_picked":["Undo+1","Reinforced Body+1"],"picked":"Electrodynamics","floor":14.0},{"not_picked":["Thunder Strike","Hyperbeam"],"picked":"Rainbow+1","floor":16.0},{"not_picked":["Force Field+1","Coolheaded+1"],"picked":"Defragment","floor":18.0},{"not_picked":["Ball Lightning","Streamline"],"picked":"Reprogram+1","floor":19.0},{"not_picked":["Capacitor","Chaos+1"],"picked":"Glacier+1","floor":20.0},{"not_picked":["Gash","Sunder"],"picked":"Redo+1","floor":24.0},{"not_picked":["Conserve Battery+1","Melter"],"picked":"Hologram+1","floor":29.0},{"not_picked":["Aggregate+1","Darkness+1"],"picked":"Coolheaded+1","floor":31.0}],"player_experience":784859,"relics_obtained":[{"floor":8.0,"key":"Symbiotic Virus"},{"floor":9.0,"key":"Lantern"},{"floor":10.0,"key":"Smiling Mask"},{"floor":22.0,"key":"Red Mask"},{"floor":24.0,"key":"Dodecahedron"},{"floor":26.0,"key":"Shuriken"},{"floor":27.0,"key":"Regal Pillow"}],"event_choices":[{"damage_healed":0.0,"max_hp_gain":0.0,"max_hp_loss":0.0,"gold_gain":0.0,"event_name":"Shining Light","player_choice":"Ignored","floor":2.0,"gold_loss":0.0,"damage_taken":0.0},{"damage_healed":0.0,"max_hp_gain":0.0,"max_hp_loss":0.0,"gold_gain":0.0,"event_name":"Golden Idol","player_choice":"Take Damage","floor":4.0,"gold_loss":0.0,"damage_taken":24.0,"relics_obtained":["Golden Idol"]},{"damage_healed":0.0,"max_hp_gain":0.0,"max_hp_loss":0.0,"gold_gain":0.0,"event_name":"Dead Adventurer","player_choice":"Searched \u00271\u0027 times","floor":7.0,"gold_loss":0.0,"damage_taken":0.0,"relics_obtained":["Toxic Egg 2"]},{"damage_healed":17.0,"max_hp_gain":0.0,"max_hp_loss":0.0,"gold_gain":0.0,"event_name":"Mushrooms","player_choice":"Healed and dodged fight","floor":13.0,"gold_loss":0.0,"damage_taken":0.0,"cards_obtained":["Parasite"]},{"damage_healed":0.0,"max_hp_gain":0.0,"max_hp_loss":0.0,"gold_gain":0.0,"event_name":"Masked Bandits","player_choice":"Fought Bandits","floor":22.0,"gold_loss":0.0,"damage_taken":0.0}],"is_beta":false,"boss_relics":[{"not_picked":["Ectoplasm","Black Star"],"picked":"Coffee Dripper"}],"items_purged_floors":[12,21,28,30],"is_endless":false,"potions_floor_spawned":[3,11,16,18,19,20,22],"killed_by":"Champ","ascension_level":20}