{"gold_per_floor":[118,131,26,201,201,201,264,280,280,355,355,367,384,398,398,503,503,515,113,38,56,75,86,86,106,106,135,135,135,150,162,162,260,260,273,273,287,1,1,1],"floor_reached":40,"playtime":2591,"items_purged":["Strike_B","Strike_B"],"score":400,"play_id":"6b247d4a-9195-40c5-9682-9949833a7f5d","local_time":"20190826201436","is_ascension_mode":false,"campfire_choices":[{"data":"Zap","floor":6.0,"key":"SMITH"},{"data":"Consume","floor":11.0,"key":"SMITH"},{"data":"Beam Cell","floor":15.0,"key":"SMITH"},{"data":"Defragment","floor":24.0,"key":"SMITH"},{"data":"Capacitor","floor":29.0,"key":"SMITH"},{"floor":32.0,"key":"REST"},{"floor":40,"key":"RECALL"}],"neow_cost":"NONE","seed_source_timestamp":0,"circlet_count":0,"master_deck":["Strike_B+1","Defend_B+1","Defend_B+1","Defend_B+1","Defend_B+1","Zap+1","Dualcast+1","Consume+1","Beam Cell+1","Reinforced Body+1","Cold Snap+1","Conserve Battery+1","Doubt","Compile Driver+1","Conserve Battery+1","Core Surge+1","Glacier+1","Chill+1","Electrodynamics+1","Self Repair+1","Defragment+1","Seek+1","Good Instincts+1","Streamline+1","Rip and Tear+1","Coolheaded+1","Capacitor+1","Go for the Eyes+1","Chill+1","Go for the Eyes+1","Echo Form+1","Auto Shields+1","Rebound+1","Apotheosis+1"],"special_seed":0,"relics":["FrozenCore","Mark of the Bloom"],"potions_floor_usage":[],"damage_taken":[{"damage":1.0,"enemies":"2 Louse","floor":1.0,"turns":3.0},{"damage":0.0,"enemies":"Small Slimes","floor":2.0,"turns":2.0},{"damage":8.0,"enemies":"3 Sentries","floor":7.0,"turns":7.0},{"damage":0.0,"enemies":"Cultist","floor":8.0,"turns":4.0},{"damage":0.0,"enemies":"Large Slime","floor":12.0,"turns":4.0},{"damage":2.0,"enemies":"Red Slaver","floor":13.0,"turns":3.0},{"damage":0.0,"enemies":"Blue Slaver","floor":14.0,"turns":5.0},{"damage":30.0,"enemies":"Hexaghost","floor":16.0,"turns":12.0},{"damage":2.0,"enemies":"3 Byrds","floor":18.0,"turns":4.0},{"damage":7.0,"enemies":"Shell Parasite","floor":21.0,"turns":13.0},{"damage":4.0,"enemies":"Centurion and Healer","floor":22.0,"turns":6.0},{"damage":26.0,"enemies":"Chosen and Byrds","floor":23.0,"turns":6.0},{"damage":10.0,"enemies":"3 Cultists","floor":25.0,"turns":8.0},{"damage":17.0,"enemies":"Gremlin Leader","floor":27.0,"turns":5.0},{"damage":10.0,"enemies":"Colosseum Slavers","floor":28.0,"turns":4.0},{"damage":14.0,"enemies":"Snake Plant","floor":30.0,"turns":5.0},{"damage":11.0,"enemies":"Shelled Parasite and Fungi","floor":31.0,"turns":9.0},{"damage":13.0,"enemies":"Automaton","floor":33.0,"turns":9.0},{"damage":11.0,"enemies":"3 Darklings","floor":35.0,"turns":8.0},{"damage":3,"enemies":"3 Shapes","floor":37,"turns":11}],"seed_played":"9019753777936354805","potions_obtained":[{"floor":2.0,"key":"Explosive Potion"},{"floor":8.0,"key":"PowerPotion"},{"floor":12.0,"key":"PowerPotion"},{"floor":18.0,"key":"FocusPotion"},{"floor":23.0,"key":"Fire Potion"},{"floor":25.0,"key":"FocusPotion"},{"floor":30.0,"key":"Energy Potion"}],"is_trial":false,"path_per_floor":["M","M","$","?","?","R","?","M","T","?","R","M","M","M","R","B",null,"M","$","?","M","M","M","R","M","T","E","?","R","M","M","R","B",null,"M","?","M","$","?","R"],"character_chosen":"DEFECT","items_purchased":["Cold Snap","Conserve Battery","Defragment","Seek","Good Instincts","Apotheosis"],"campfire_rested":1,"item_purchase_floors":[3,3,19,19,19,38],"current_hp_per_floor":[74,74,74,74,79,79,71,71,71,63,63,63,61,61,61,31,80,78,78,78,78,80,61,61,58,58,48,45,45,31,27,51,38,80,76,76,80,80,80,80],"gold":1,"neow_bonus":"THREE_CARDS","is_prod":false,"is_daily":false,"chose_seed":false,"campfire_upgraded":5,"win_rate":0,"timestamp":1566868476,"path_taken":["M","M","$","?","?","R","?","M","T","?","R","M","M","M","R","BOSS","M","$","?","M","M","M","R","M","T","E","?","R","M","M","R","BOSS","M","?","?","$","?","R"],"build_version":"2019-07-17","purchased_purges":2,"victory":false,"max_hp_per_floor":[75,75,75,75,80,80,80,80,80,80,80,80,80,80,80,80,80,80,80,80,80,80,80,80,80,80,80,80,80,80,80,80,80,80,80,80,80,80,80,80],"card_choices":[{"not_picked":["Beam Cell","Rebound"],"picked":"Consume","floor":0.0},{"not_picked":["Redo","Compile Driver"],"picked":"Beam Cell","floor":1.0},{"not_picked":["Sweeping Beam","Sunder"],"picked":"Reinforced Body","floor":2.0},{"not_picked":["Fission","Hologram"],"picked":"Compile Driver","floor":7.0},{"not_picked":["Streamline","Go for the Eyes"],"picked":"Conserve Battery","floor":8.0},{"not_picked":["Hologram","Force Field"],"picked":"Core Surge","floor":12.0},{"not_picked":["Streamline","Hologram"],"picked":"Glacier","floor":13.0},{"not_picked":["Sweeping Beam","Consume"],"picked":"Chill","floor":14.0},{"not_picked":["Thunder Strike","Machine Learning"],"picked":"Electrodynamics","floor":16.0},{"not_picked":["Barrage","Melter"],"picked":"Self Repair","floor":18.0},{"not_picked":["Double Energy","Redo+1"],"picked":"Streamline+1","floor":21.0},{"not_picked":["Heatsinks+1","Beam Cell"],"picked":"Rip and Tear+1","floor":22.0},{"not_picked":["Genetic Algorithm+1","Static Discharge+1"],"picked":"Coolheaded","floor":23.0},{"not_picked":["Turbo","Steam Power"],"picked":"Capacitor","floor":25.0},{"not_picked":["Stack","Tempest"],"picked":"Go for the Eyes+1","floor":27.0},{"not_picked":["Consume","White Noise"],"picked":"Chill+1","floor":30.0},{"not_picked":["Conserve Battery","Steam Power"],"picked":"Go for the Eyes+1","floor":31.0},{"not_picked":["Buffer","All For One"],"picked":"Echo Form","floor":33.0},{"not_picked":["Aggregate+1","Force Field"],"picked":"Auto Shields+1","floor":35.0},{"not_picked":["Barrage","Go for the Eyes"],"picked":"Rebound+1","floor":37}],"player_experience":398362,"relics_obtained":[],"event_choices":[{"damage_healed":0.0,"max_hp_gain":0.0,"max_hp_loss":0.0,"gold_gain":175.0,"event_name":"Liars Game","player_choice":"AGREE","floor":4.0,"gold_loss":0.0,"damage_taken":0.0,"cards_obtained":["Doubt"]},{"damage_healed":0.0,"max_hp_gain":5.0,"max_hp_loss":0.0,"gold_gain":0.0,"event_name":"Big Fish","player_choice":"Donut","floor":5.0,"gold_loss":0.0,"damage_taken":0.0},{"damage_healed":0.0,"max_hp_gain":0.0,"max_hp_loss":0.0,"gold_gain":0.0,"event_name":"Dead Adventurer","player_choice":"Searched \u00271\u0027 times","floor":7.0,"gold_loss":0.0,"damage_taken":0.0},{"damage_healed":0.0,"max_hp_gain":0.0,"max_hp_loss":0.0,"gold_gain":75.0,"event_name":"FaceTrader","player_choice":"Touch","floor":10.0,"gold_loss":0.0,"damage_taken":8.0},{"cards_removed":["Strike_B"],"damage_healed":0.0,"max_hp_gain":0.0,"max_hp_loss":0.0,"gold_gain":0.0,"event_name":"Beggar","player_choice":"Gave Gold","floor":20.0,"gold_loss":75.0,"damage_taken":0.0},{"damage_healed":0.0,"max_hp_gain":0.0,"max_hp_loss":0.0,"gold_gain":0.0,"event_name":"Colosseum","player_choice":"Fight","floor":28.0,"gold_loss":0.0,"damage_taken":0.0},{"damage_healed":0.0,"max_hp_gain":0.0,"max_hp_loss":0.0,"gold_gain":0.0,"event_name":"Colosseum","player_choice":"Fled From Nobs","floor":28.0,"gold_loss":0.0,"damage_taken":0.0},{"damage_healed":0.0,"max_hp_gain":0.0,"max_hp_loss":0.0,"gold_gain":0.0,"event_name":"Accursed Blacksmith","player_choice":"Forge","floor":36.0,"gold_loss":0.0,"damage_taken":0.0,"cards_upgraded":["Echo Form"]},{"damage_healed":0,"gold_gain":0,"player_choice":"Upgrade","damage_taken":0,"relics_obtained":["Mark of the Bloom"],"max_hp_gain":0,"max_hp_loss":0,"event_name":"MindBloom","floor":39,"gold_loss":0,"cards_upgraded":["Strike_B","Defend_B","Defend_B","Defend_B","Defend_B","Dualcast","Reinforced Body","Cold Snap","Conserve Battery","Compile Driver","Conserve Battery","Core Surge","Glacier","Chill","Electrodynamics","Self Repair","Seek","Good Instincts","Coolheaded","Apotheosis"]}],"is_beta":false,"boss_relics":[{"not_picked":["Empty Cage","Orrery","Calling Bell"]},{"not_picked":["Tiny House","White Beast Statue"],"picked":"FrozenCore"}],"items_purged_floors":[19,38],"is_endless":false,"potions_floor_spawned":[2,8,12,18,23,25,28,30],"ascension_level":0}