{"gold_per_floor":[110,33,33,33,44,71,71,88,88,88,120,120,179,193,193,293,293,312,5,15,35,46,46,12,112,138,150,150,150,184,213,225,341,353,385,94,111,111,111,111,122,122,122,0,11,11,31,42,42,42],"floor_reached":51,"playtime":3222,"items_purged":["Strike_B","Strike_B"],"score":775,"play_id":"512851bc-c155-4958-a2ce-8e7f15ecdba3","local_time":"20190105131320","is_ascension_mode":true,"campfire_choices":[{"data":"Defragment","floor":7,"key":"SMITH"},{"data":"Self Repair","floor":12,"key":"SMITH"},{"floor":15,"key":"REST"},{"data":"Double Energy","floor":23,"key":"SMITH"},{"data":"Electrodynamics","floor":28,"key":"SMITH"},{"data":"Hologram","floor":32,"key":"SMITH"},{"data":"Buffer","floor":40,"key":"SMITH"},{"data":"Glacier","floor":49,"key":"SMITH"}],"neow_cost":"NONE","seed_source_timestamp":764002134368017,"circlet_count":0,"master_deck":["Strike_B+1","Defend_B","Defend_B","Defend_B","Defend_B","Zap+1","Dualcast","Gash+1","Defragment+1","Beam Cell","Self Repair+1","Steam Power","FTL","Coolheaded","Hologram+1","Electrodynamics+1","Chill+1","Ball Lightning","Double Energy+1","Glacier+1","Beam Cell","Turbo","BootSequence","Conserve Battery+1","Writhe","Leap","Gash","Buffer+1","Glacier+1","Gash+1","Madness","Tempest+1","Leap","Stack+1"],"relics":["Cracked Core","NeowsBlessing","Ancient Tea Set","Question Card","Kunai","Anchor","Runic Pyramid","Lantern","Bag of Preparation","Oddly Smooth Stone","MawBank","Sozu","ClockworkSouvenir","Mercury Hourglass","Red Mask"],"potions_floor_usage":[48,48],"damage_taken":[{"damage":0,"enemies":"Jaw Worm","floor":1,"turns":1},{"damage":0,"enemies":"2 Louse","floor":5,"turns":1},{"damage":0,"enemies":"Lagavulin","floor":6,"turns":1},{"damage":0,"enemies":"Small Slimes","floor":8,"turns":2},{"damage":44,"enemies":"3 Sentries","floor":11,"turns":9},{"damage":22,"enemies":"3 Sentries","floor":13,"turns":6},{"damage":6,"enemies":"3 Louse","floor":14,"turns":3},{"damage":26,"enemies":"Slime Boss","floor":16,"turns":10},{"damage":15,"enemies":"Spheric Guardian","floor":18,"turns":4},{"damage":15,"enemies":"2 Thieves","floor":20,"turns":3},{"damage":19,"enemies":"Snecko","floor":21,"turns":6},{"damage":0,"enemies":"Centurion and Healer","floor":22,"turns":7},{"damage":3,"enemies":"Snake Plant","floor":27,"turns":4},{"damage":11,"enemies":"Gremlin Leader","floor":30,"turns":7},{"damage":23,"enemies":"3 Cultists","floor":31,"turns":6},{"damage":29,"enemies":"Collector","floor":33,"turns":14},{"damage":22,"enemies":"Orb Walker","floor":35,"turns":4},{"damage":0,"enemies":"3 Darklings","floor":37,"turns":9},{"damage":0,"enemies":"Sphere and 2 Shapes","floor":41,"turns":8},{"damage":1,"enemies":"Transient","floor":45,"turns":5},{"damage":0,"enemies":"Maw","floor":47,"turns":8},{"damage":0,"enemies":"Writhing Mass","floor":48,"turns":4},{"damage":41,"enemies":"Time Eater","floor":50,"turns":13}],"seed_played":"-1059695826773221351","potions_obtained":[{"floor":5,"key":"Weak Potion"},{"floor":6,"key":"SteroidPotion"},{"floor":13,"key":"Block Potion"},{"floor":18,"key":"SkillPotion"},{"floor":22,"key":"PowerPotion"}],"is_trial":false,"path_per_floor":["M","$","?","?","M","E","R","M","T","?","E","R","?","M","R","B",null,"M","$","M","M","M","R","$","?","T","M","R","?","E","M","R","B",null,"M","$","M","?","?","R","M","$","T","?","M","?","M","M","R","B",null],"character_chosen":"DEFECT","items_purchased":["Defragment","Ball Lightning","Double Energy","Lantern","BootSequence","ClockworkSouvenir"],"campfire_rested":1,"item_purchase_floors":[2,19,19,19,24,36],"current_hp_per_floor":[75,75,75,68,68,68,68,75,75,60,23,23,11,15,37,21,75,70,70,65,56,66,66,66,66,66,73,73,73,72,59,59,40,75,63,63,73,73,64,64,74,74,74,74,73,75,75,75,75,44],"gold":42,"neow_bonus":"THREE_ENEMY_KILL","is_prod":false,"is_daily":false,"chose_seed":false,"campfire_upgraded":7,"win_rate":0,"timestamp":1546715600,"path_taken":["M","$","?","?","M","E","R","M","T","?","E","R","?","M","R","BOSS","M","$","M","M","M","R","$","?","T","?","R","?","E","M","R","BOSS","M","$","M","?","?","R","M","$","T","?","M","?","?","?","R","BOSS"],"build_version":"2019-01-03v4","purchased_purges":2,"victory":true,"max_hp_per_floor":[75,75,75,75,75,75,75,75,75,75,75,75,75,75,75,75,75,75,75,75,75,75,75,75,75,75,75,75,75,75,75,75,75,75,75,75,75,75,75,75,75,75,75,75,75,75,75,75,75,75],"card_choices":[{"not_picked":["Redo","Coolheaded"],"picked":"Gash","floor":1},{"not_picked":["Force Field","Self Repair"],"picked":"Beam Cell","floor":5},{"not_picked":["Capacitor","Leap"],"picked":"Self Repair","floor":6},{"not_picked":["Doom and Gloom","Consume"],"picked":"Steam Power","floor":8},{"not_picked":["Gash","White Noise","Fusion"],"picked":"FTL","floor":11},{"not_picked":["Rip and Tear","Consume","White Noise"],"picked":"Coolheaded","floor":13},{"not_picked":["FTL","Static Discharge","Darkness"],"picked":"Hologram","floor":14},{"not_picked":["Biased Cognition","Rainbow","Meteor Strike"],"picked":"Electrodynamics","floor":16},{"not_picked":["Streamline","Consume","Doom and Gloom"],"picked":"Chill+1","floor":18},{"not_picked":["Leap","Coolheaded","Compile Driver"],"picked":"Glacier","floor":20},{"not_picked":["Barrage","Aggregate","Fusion"],"picked":"Beam Cell","floor":21},{"not_picked":["Ball Lightning","Force Field","Streamline"],"picked":"Turbo","floor":22},{"not_picked":["Force Field","Ball Lightning","All For One"],"picked":"Conserve Battery+1","floor":27},{"not_picked":["Turbo+1","Undo","Compile Driver+1"],"picked":"Leap","floor":30},{"not_picked":["Sweeping Beam","Streamline","Coolheaded"],"picked":"Gash","floor":31},{"not_picked":["Machine Learning","Fission","Amplify"],"picked":"Buffer","floor":33},{"not_picked":["Beam Cell","Coolheaded+1","Storm+1"],"picked":"Glacier+1","floor":35},{"not_picked":["Doom and Gloom","Chaos+1","Beam Cell"],"picked":"Gash+1","floor":37},{"not_picked":["Beam Cell+1","White Noise+1","Go for the Eyes"],"picked":"Tempest+1","floor":41},{"not_picked":["Chaos+1","Rip and Tear+1","Darkness+1","Barrage"],"picked":"SKIP","floor":45},{"not_picked":["Thunder Strike","Barrage","Compile Driver+1"],"picked":"Leap","floor":47},{"not_picked":["Recycle+1","Melter+1","Reinforced Body"],"picked":"Stack+1","floor":48}],"player_experience":110540,"relics_obtained":[{"floor":6,"key":"Ancient Tea Set"},{"floor":9,"key":"Question Card"},{"floor":11,"key":"Kunai"},{"floor":13,"key":"Anchor"},{"floor":26,"key":"Bag of Preparation"},{"floor":30,"key":"MawBank"},{"floor":43,"key":"Mercury Hourglass"}],"event_choices":[{"damage_healed":0,"gold_gain":0,"player_choice":"Grow","damage_taken":0,"max_hp_gain":0,"max_hp_loss":0,"event_name":"Living Wall","floor":3,"gold_loss":0,"cards_upgraded":["Zap"]},{"cards_removed":["Strike_B"],"damage_healed":0,"gold_gain":0,"player_choice":"Card Removal","damage_taken":7,"max_hp_gain":0,"max_hp_loss":0,"event_name":"Golden Wing","floor":4,"gold_loss":0},{"damage_healed":0,"gold_gain":0,"player_choice":"Entered Light","damage_taken":15,"max_hp_gain":0,"max_hp_loss":0,"event_name":"Shining Light","floor":10,"gold_loss":0,"cards_upgraded":["Gash","Strike_B"]},{"damage_healed":0,"gold_gain":30,"player_choice":"Searched \u00273\u0027 times","damage_taken":0,"max_hp_gain":0,"max_hp_loss":0,"event_name":"Dead Adventurer","floor":13,"gold_loss":0},{"damage_healed":0,"gold_gain":100,"player_choice":"Pray","damage_taken":0,"max_hp_gain":0,"max_hp_loss":0,"event_name":"Golden Shrine","floor":25,"gold_loss":0},{"damage_healed":0,"gold_gain":0,"player_choice":"Opened","damage_taken":0,"relics_obtained":["Oddly Smooth Stone"],"max_hp_gain":0,"max_hp_loss":0,"event_name":"The Mausoleum","floor":29,"gold_loss":0,"cards_obtained":["Writhe"]},{"damage_healed":0,"gold_gain":0,"player_choice":"Ignored","damage_taken":0,"max_hp_gain":0,"max_hp_loss":0,"event_name":"Mysterious Sphere","floor":38,"gold_loss":0},{"damage_healed":0,"gold_gain":0,"player_choice":"Embrace Madness","damage_taken":9,"max_hp_gain":0,"max_hp_loss":0,"event_name":"Winding Halls","floor":39,"gold_loss":0,"cards_obtained":["Madness","Madness"]},{"damage_healed":0,"gold_gain":0,"player_choice":"Paid","damage_taken":0,"relics_obtained":["Red Mask"],"max_hp_gain":0,"max_hp_loss":0,"event_name":"Tomb of Lord Red Mask","floor":44,"gold_loss":122},{"cards_removed":["Madness"],"damage_healed":2,"gold_gain":0,"player_choice":"Offered Uncommon","damage_taken":0,"max_hp_gain":0,"max_hp_loss":0,"event_name":"Bonfire Elementals","floor":46,"gold_loss":0}],"is_beta":false,"boss_relics":[{"not_picked":["White Beast Statue","Calling Bell"],"picked":"Runic Pyramid"},{"not_picked":["Busted Crown","Inserter"],"picked":"Sozu"}],"items_purged_floors":[19,36],"is_endless":false,"potions_floor_spawned":[5,6,13,16,18,22,27,31,35,48],"ascension_level":3}