{"gold_per_floor":[109,109,109,125,9,41,60,94,94,94,94,111,170,189,189,267,267,277,289,289,39,57,57,92,92,117,67,78,94,120,136,136,212,212,227,243,263,274,30,30,50,61,84,84,84,102,102,102],"floor_reached":48,"playtime":8255,"items_purged":["Strike_R","Clash","Injury"],"score":1022,"play_id":"68583aab-87c2-4605-bd60-241f481e085f","local_time":"20190504212712","is_ascension_mode":true,"campfire_choices":[{"data":"Uppercut","floor":10.0,"key":"SMITH"},{"data":"Spot Weakness","floor":15.0,"key":"SMITH"},{"data":"Immolate","floor":23.0,"key":"SMITH"},{"floor":32.0,"key":"REST"},{"data":"True Grit","floor":47,"key":"SMITH"}],"neow_cost":"NONE","seed_source_timestamp":660456312833200,"circlet_count":0,"master_deck":["AscendersBane","Strike_R","Defend_R","Defend_R","Defend_R","Defend_R","Bash","Pommel Strike+1","Spot Weakness+1","Combust","Uppercut+1","Pummel","Infernal Blade","Burning Pact","Headbutt","Inflame","Immolate+1","Headbutt","Shrug It Off","Shrug It Off","True Grit+1","Feed","Reaper","Metallicize+1","True Grit+1","Battle Trance","Parasite","Decay","Flame Barrier+1"],"special_seed":0,"relics":["Burning Blood","NeowsBlessing","The Courier","Ornamental Fan","Pantograph","Paper Frog","Cursed Key","Vajra","Bronze Scales","Smiling Mask","Ancient Tea Set","Busted Crown","ClockworkSouvenir","Omamori"],"potions_floor_usage":[],"damage_taken":[{"damage":0.0,"enemies":"2 Louse","floor":1.0,"turns":1.0},{"damage":0.0,"enemies":"Jaw Worm","floor":4.0,"turns":1.0},{"damage":0.0,"enemies":"Lagavulin","floor":6.0,"turns":1.0},{"damage":1.0,"enemies":"Cultist","floor":7.0,"turns":3.0},{"damage":6.0,"enemies":"Gremlin Nob","floor":8.0,"turns":3.0},{"damage":4.0,"enemies":"Large Slime","floor":12.0,"turns":3.0},{"damage":41.0,"enemies":"Gremlin Nob","floor":13.0,"turns":4.0},{"damage":7.0,"enemies":"Looter","floor":14.0,"turns":2.0},{"damage":30.0,"enemies":"Slime Boss","floor":16.0,"turns":8.0},{"damage":15.0,"enemies":"3 Byrds","floor":18.0,"turns":3.0},{"damage":11.0,"enemies":"2 Thieves","floor":19.0,"turns":2.0},{"damage":21.0,"enemies":"Snake Plant","floor":22.0,"turns":3.0},{"damage":24.0,"enemies":"Gremlin Leader","floor":24.0,"turns":4.0},{"damage":14.0,"enemies":"Centurion and Healer","floor":28.0,"turns":2.0},{"damage":9.0,"enemies":"Cultist and Chosen","floor":29.0,"turns":3.0},{"damage":14.0,"enemies":"Slavers","floor":30.0,"turns":2.0},{"damage":46.0,"enemies":"Shelled Parasite and Fungi","floor":31.0,"turns":5.0},{"damage":75.0,"enemies":"Champ","floor":33.0,"turns":8.0},{"damage":0.0,"enemies":"3 Shapes","floor":35.0,"turns":1.0},{"damage":7.0,"enemies":"Orb Walker","floor":36.0,"turns":3.0},{"damage":16.0,"enemies":"Sphere and 2 Shapes","floor":37.0,"turns":3.0},{"damage":45.0,"enemies":"4 Shapes","floor":38.0,"turns":3.0},{"damage":25.0,"enemies":"Writhing Mass","floor":41.0,"turns":8.0},{"damage":25.0,"enemies":"Spire Growth","floor":42.0,"turns":5.0},{"damage":21.0,"enemies":"Maw","floor":46.0,"turns":5.0},{"damage":52,"enemies":"Transient","floor":48,"turns":4}],"seed_played":"-2220362389574802388","potions_obtained":[{"floor":6.0,"key":"SpeedPotion"},{"floor":7.0,"key":"Dexterity Potion"},{"floor":12.0,"key":"Poison Potion"},{"floor":13.0,"key":"Energy Potion"},{"floor":16.0,"key":"BloodPotion"},{"floor":18.0,"key":"Fire Potion"},{"floor":19.0,"key":"Regen Potion"},{"floor":24.0,"key":"Block Potion"},{"floor":28.0,"key":"Regen Potion"},{"floor":31.0,"key":"FairyPotion"},{"floor":33.0,"key":"Dexterity Potion"},{"floor":41.0,"key":"Fruit Juice"}],"is_trial":false,"path_per_floor":["M","?","?","M","$","E","M","E","T","R","?","M","?","M","R","B",null,"M","M","?","$","M","R","E","?","T","$","M","M","E","M","R","B",null,"M","M","M","M","$","?","M","M","T","?","?","M","R","M"],"character_chosen":"IRONCLAD","items_purchased":["Combust","Shrug It Off","Vajra","Battle Trance","ClockworkSouvenir"],"campfire_rested":1,"item_purchase_floors":[5,21,21,39,39],"current_hp_per_floor":[74,67,67,73,73,75,75,75,75,75,80,80,45,44,44,45,71,62,57,57,57,42,42,36,80,80,80,72,69,61,21,45,16,64,70,74,67,47,47,47,43,24,24,24,43,50,50,0],"gold":102,"neow_bonus":"THREE_ENEMY_KILL","is_prod":false,"is_daily":false,"chose_seed":false,"campfire_upgraded":4,"win_rate":0,"timestamp":1557019632,"path_taken":["M","?","?","?","$","E","M","E","T","R","?","M","?","M","R","BOSS","M","M","?","$","M","R","E","?","T","$","M","M","E","M","R","BOSS","M","M","?","M","$","?","M","M","T","?","?","M","R","M"],"build_version":"2019-01-23","purchased_purges":3,"victory":false,"max_hp_per_floor":[75,75,75,75,75,75,75,75,75,75,80,80,80,80,80,80,80,80,80,80,80,80,80,80,80,80,80,80,80,80,80,80,80,80,80,80,83,86,86,86,94,94,94,94,94,94,94,94],"card_choices":[{"not_picked":["Armaments","Perfected Strike"],"picked":"Pommel Strike","floor":1.0},{"not_picked":["Fire Breathing","Second Wind"],"picked":"Spot Weakness","floor":4.0},{"not_picked":["Wild Strike","Carnage"],"picked":"Uppercut","floor":6.0},{"not_picked":["Clothesline","Thunderclap"],"picked":"Pummel","floor":7.0},{"not_picked":["Fiend Fire","Metallicize"],"picked":"Infernal Blade","floor":8.0},{"not_picked":["Thunderclap","Entrench"],"picked":"Burning Pact","floor":12.0},{"not_picked":["Rupture","Wild Strike"],"picked":"Headbutt","floor":13.0},{"not_picked":["Clash","Dropkick"],"picked":"Inflame","floor":14.0},{"not_picked":["Brutality","Berserk"],"picked":"Immolate","floor":16.0},{"not_picked":["Cleave","Clothesline","Pommel Strike"],"picked":"SKIP","floor":18.0},{"not_picked":["Pummel","Bloodletting"],"picked":"Headbutt","floor":19.0},{"not_picked":["Fire Breathing","Clothesline","Burning Pact"],"picked":"SKIP","floor":22.0},{"not_picked":["Sword Boomerang","Body Slam"],"picked":"Shrug It Off","floor":24.0},{"not_picked":["Combust","Clash+1","Thunderclap"],"picked":"SKIP","floor":28.0},{"not_picked":["Seeing Red","Sword Boomerang"],"picked":"True Grit+1","floor":29.0},{"not_picked":["Reckless Charge","Ghostly Armor"],"picked":"Feed","floor":30.0},{"not_picked":["Infernal Blade","Flex","Havoc"],"picked":"SKIP","floor":31.0},{"not_picked":["Double Tap","Exhume"],"picked":"Reaper","floor":33.0},{"not_picked":["Cleave"],"picked":"SKIP","floor":35.0},{"not_picked":["Iron Wave"],"picked":"SKIP","floor":36.0},{"not_picked":[],"picked":"Metallicize+1","floor":37.0},{"not_picked":[],"picked":"True Grit","floor":38.0},{"not_picked":["Havoc"],"picked":"SKIP","floor":41.0},{"not_picked":["Thunderclap"],"picked":"SKIP","floor":42.0},{"not_picked":[],"picked":"Flame Barrier+1","floor":46.0}],"player_experience":741127,"relics_obtained":[{"floor":6.0,"key":"The Courier"},{"floor":8.0,"key":"Ornamental Fan"},{"floor":9.0,"key":"Pantograph"},{"floor":13.0,"key":"Paper Frog"},{"floor":24.0,"key":"Bronze Scales"},{"floor":26.0,"key":"Smiling Mask"},{"floor":30.0,"key":"Ancient Tea Set"},{"floor":43.0,"key":"Omamori"}],"event_choices":[{"cards_removed":["Strike_R"],"damage_healed":0.0,"max_hp_gain":0.0,"max_hp_loss":0.0,"gold_gain":0.0,"event_name":"Golden Wing","player_choice":"Card Removal","floor":2.0,"gold_loss":0.0,"damage_taken":7.0},{"damage_healed":0.0,"max_hp_gain":0.0,"max_hp_loss":0.0,"gold_gain":0.0,"event_name":"Accursed Blacksmith","player_choice":"Forge","floor":3.0,"gold_loss":0.0,"damage_taken":0.0,"cards_upgraded":["Pommel Strike"]},{"damage_healed":0.0,"max_hp_gain":5.0,"max_hp_loss":0.0,"gold_gain":0.0,"event_name":"Big Fish","player_choice":"Donut","floor":11.0,"gold_loss":0.0,"damage_taken":0.0},{"damage_healed":0.0,"max_hp_gain":0.0,"max_hp_loss":0.0,"gold_gain":0.0,"event_name":"Dead Adventurer","player_choice":"Searched \u00271\u0027 times","floor":13.0,"gold_loss":0.0,"damage_taken":0.0},{"damage_healed":0.0,"max_hp_gain":0.0,"max_hp_loss":0.0,"gold_gain":0.0,"cards_transformed":["Strike_R","Strike_R"],"event_name":"Drug Dealer","player_choice":"Became Test Subject","floor":20.0,"gold_loss":0.0,"damage_taken":0.0,"cards_obtained":["Bloodletting","Clash"]},{"cards_removed":["Bloodletting"],"damage_healed":44.0,"max_hp_gain":0.0,"max_hp_loss":0.0,"gold_gain":0.0,"event_name":"Bonfire Elementals","player_choice":"Offered Uncommon","floor":25.0,"gold_loss":0.0,"damage_taken":0.0},{"damage_healed":0.0,"max_hp_gain":0.0,"max_hp_loss":0.0,"gold_gain":0.0,"event_name":"Mysterious Sphere","player_choice":"Ignored","floor":40.0,"gold_loss":0.0,"damage_taken":0.0},{"damage_healed":0.0,"max_hp_gain":0.0,"max_hp_loss":0.0,"gold_gain":0.0,"event_name":"SensoryStone","player_choice":"Memory 1","floor":44.0,"gold_loss":0.0,"damage_taken":0.0},{"damage_healed":19.0,"max_hp_gain":0.0,"max_hp_loss":0.0,"gold_gain":0.0,"event_name":"Winding Halls","player_choice":"Writhe","floor":45.0,"gold_loss":0.0,"damage_taken":0.0,"cards_obtained":["Writhe"]}],"is_beta":false,"boss_relics":[{"not_picked":["Black Blood","Fusion Hammer"],"picked":"Cursed Key"},{"not_picked":["Pandora\u0027s Box","Empty Cage"],"picked":"Busted Crown"}],"items_purged_floors":[5,21,27],"is_endless":false,"potions_floor_spawned":[6,7,12,13,14,16,18,19,24,28,31,33,38,41],"killed_by":"Transient","ascension_level":20}