{"gold_per_floor":[115,115,115,40,40,40,57,117,117,117,132,159,19,19,19,121,121,138,138,13,29,40,40,69,69,69,82,93,103,103,115,115,213,213,231,81,81,81,135,164,164,174,201,0,0,0,19,37,37,37],"floor_reached":51,"playtime":1801,"items_purged":["Strike_R","Perfected Strike","Strike_R+1","Defend_R+1"],"score":999,"play_id":"bb29ed06-d2a4-4f4d-b906-c49f877dba24","local_time":"20181213044928","is_ascension_mode":true,"campfire_choices":[{"data":"Twin Strike","floor":6.0,"key":"SMITH"},{"floor":10.0,"key":"REST"},{"data":"Seeing Red","floor":15.0,"key":"SMITH"},{"floor":23.0,"key":"REST"},{"floor":30.0,"key":"REST"},{"data":"Spot Weakness","floor":32.0,"key":"SMITH"},{"floor":41.0,"key":"REST"},{"data":"Feed","floor":45.0,"key":"SMITH"},{"floor":49.0,"key":"REST"}],"neow_cost":"NONE","seed_source_timestamp":82826745792500,"circlet_count":0,"master_deck":["Strike_R+1","Strike_R+1","Defend_R+1","Defend_R+1","Defend_R+1","Bash+1","Twin Strike+1","Whirlwind+1","Spot Weakness+1","Seeing Red+1","Shrug It Off+1","Flex+1","Feed+1","Shrug It Off+1","Warcry+1"],"special_seed":0,"relics":["Burning Blood","Anchor","Tiny Chest","Ancient Tea Set","Orichalcum","Black Star","Pen Nib","Regal Pillow","Mercury Hourglass","Velvet Choker","Bird Faced Urn","Darkstone Periapt","Unceasing Top","PreservedInsect","Red Mask","Kunai"],"potions_floor_usage":[50],"damage_taken":[{"damage":14.0,"enemies":"Jaw Worm","floor":1.0,"turns":5.0},{"damage":5.0,"enemies":"Small Slimes","floor":7.0,"turns":4.0},{"damage":35.0,"enemies":"3 Sentries","floor":8.0,"turns":11.0},{"damage":0.0,"enemies":"2 Louse","floor":11.0,"turns":2.0},{"damage":12.0,"enemies":"Gremlin Nob","floor":12.0,"turns":3.0},{"damage":0.0,"enemies":"Slime Boss","floor":16.0,"turns":6.0},{"damage":32.0,"enemies":"Shell Parasite","floor":18.0,"turns":7.0},{"damage":17.0,"enemies":"2 Thieves","floor":21.0,"turns":3.0},{"damage":18.0,"enemies":"Snake Plant","floor":22.0,"turns":3.0},{"damage":36.0,"enemies":"Gremlin Leader","floor":24.0,"turns":7.0},{"damage":4.0,"enemies":"3 Cultists","floor":27.0,"turns":3.0},{"damage":2.0,"enemies":"Chosen and Byrds","floor":28.0,"turns":4.0},{"damage":0.0,"enemies":"Centurion and Healer","floor":29.0,"turns":4.0},{"damage":0.0,"enemies":"Snake Plant","floor":31.0,"turns":1.0},{"damage":47.0,"enemies":"Collector","floor":33.0,"turns":7.0},{"damage":3.0,"enemies":"3 Shapes","floor":35.0,"turns":6.0},{"damage":31.0,"enemies":"2 Orb Walkers","floor":39.0,"turns":5.0},{"damage":6.0,"enemies":"Reptomancer","floor":40.0,"turns":5.0},{"damage":0.0,"enemies":"Orb Walker","floor":42.0,"turns":2.0},{"damage":0.0,"enemies":"4 Shapes","floor":47.0,"turns":6.0},{"damage":19.0,"enemies":"Maw","floor":48.0,"turns":7.0},{"damage":80,"enemies":"Time Eater","floor":50,"turns":11}],"seed_played":"5558031104167558321","potions_obtained":[{"floor":7.0,"key":"Weak Potion"},{"floor":16.0,"key":"BloodPotion"},{"floor":18.0,"key":"BloodPotion"},{"floor":22.0,"key":"Dexterity Potion"},{"floor":33.0,"key":"BloodPotion"},{"floor":35.0,"key":"SkillPotion"},{"floor":47.0,"key":"Fire Potion"},{"floor":48.0,"key":"Fire Potion"}],"is_trial":false,"path_per_floor":["M","?","?","$","?","R","M","E","T","R","M","E","$","?","R","B",null,"M","?","$","M","M","R","E","?","T","M","M","M","R","M","R","B",null,"M","$","?","?","?","E","R","M","T","?","R","T","M","M","R","B",null],"character_chosen":"IRONCLAD","items_purchased":["Seeing Red"],"campfire_rested":5,"item_purchase_floors":[13],"current_hp_per_floor":[64,69,57,57,57,57,58,29,29,54,60,54,54,54,54,60,79,53,53,53,50,38,63,33,33,33,35,39,45,85,85,85,44,75,78,78,78,78,61,61,81,81,81,81,81,81,85,72,85,11],"gold":37,"neow_bonus":"UPGRADE_CARD","is_prod":false,"is_daily":false,"chose_seed":false,"campfire_upgraded":4,"win_rate":0,"timestamp":1544705368,"path_taken":["M","?","?","$","?","R","?","E","T","R","?","E","$","?","R","BOSS","M","?","$","M","M","R","E","?","T","M","M","M","R","?","R","BOSS","M","$","?","?","?","E","R","M","T","?","R","?","M","M","R","BOSS"],"build_version":"2018-12-06","purchased_purges":4,"victory":true,"max_hp_per_floor":[80,85,85,85,85,85,85,85,85,85,85,85,85,85,85,85,85,85,85,85,85,85,85,85,85,85,85,85,85,85,85,85,85,85,85,85,81,81,81,81,81,81,81,81,81,81,85,85,85,85],"card_choices":[{"not_picked":["Warcry","True Grit"],"picked":"Twin Strike","floor":1.0},{"not_picked":["Thunderclap","Anger"],"picked":"Perfected Strike","floor":7.0},{"not_picked":["Bloodletting","Bludgeon","Rupture"],"picked":"SKIP","floor":8.0},{"not_picked":["Anger","Shrug It Off"],"picked":"Whirlwind","floor":11.0},{"not_picked":["Juggernaut","Headbutt"],"picked":"Spot Weakness","floor":12.0},{"not_picked":["Entrench","Sever Soul+1","Reckless Charge"],"picked":"SKIP","floor":18.0},{"not_picked":["Dual Wield","Armaments","Pummel+1"],"picked":"SKIP","floor":21.0},{"not_picked":["Sentinel","Rupture","Body Slam+1"],"picked":"SKIP","floor":22.0},{"not_picked":["Double Tap","Feel No Pain"],"picked":"Shrug It Off","floor":24.0},{"not_picked":["Havoc","Entrench+1"],"picked":"Flex+1","floor":27.0},{"not_picked":["Twin Strike+1","Intimidate","Pommel Strike"],"picked":"SKIP","floor":28.0},{"not_picked":["Sword Boomerang","Armaments","Disarm"],"picked":"SKIP","floor":29.0},{"not_picked":["Dropkick","Headbutt+1","Bludgeon"],"picked":"SKIP","floor":31.0},{"not_picked":["Barricade","Immolate"],"picked":"Feed","floor":33.0},{"not_picked":["Flame Barrier","Burning Pact+1"],"picked":"Shrug It Off+1","floor":35.0},{"not_picked":["Inflame","Corruption+1"],"picked":"Warcry+1","floor":39.0},{"not_picked":["Shrug It Off","Inflame","Body Slam+1"],"picked":"SKIP","floor":40.0},{"not_picked":["Thunderclap+1","Flex","Warcry"],"picked":"SKIP","floor":42.0},{"not_picked":["Anger+1","Shrug It Off+1","Perfected Strike+1"],"picked":"SKIP","floor":47.0},{"not_picked":["Searing Blow","Thunderclap+1","Flex"],"picked":"SKIP","floor":48.0}],"player_experience":84317,"relics_obtained":[{"floor":8.0,"key":"Tiny Chest"},{"floor":9.0,"key":"Ancient Tea Set"},{"floor":12.0,"key":"Orichalcum"},{"floor":24.0,"key":"Pen Nib"},{"floor":24.0,"key":"Regal Pillow"},{"floor":26.0,"key":"Mercury Hourglass"},{"floor":39.0,"key":"Bird Faced Urn"},{"floor":40.0,"key":"Darkstone Periapt"},{"floor":40.0,"key":"Unceasing Top"},{"floor":43.0,"key":"PreservedInsect"},{"floor":46.0,"key":"Kunai"}],"event_choices":[{"damage_healed":0.0,"max_hp_gain":5.0,"max_hp_loss":0.0,"gold_gain":0.0,"event_name":"Big Fish","player_choice":"Donut","floor":2.0,"gold_loss":0.0,"damage_taken":0.0},{"damage_healed":0.0,"max_hp_gain":0.0,"max_hp_loss":0.0,"gold_gain":0.0,"event_name":"Scrap Ooze","player_choice":"Success","floor":3.0,"gold_loss":0.0,"damage_taken":12.0,"relics_obtained":["Anchor"]},{"cards_removed":["Strike_R"],"damage_healed":0.0,"max_hp_gain":0.0,"max_hp_loss":0.0,"gold_gain":0.0,"event_name":"Wheel of Change","player_choice":"Card Removal","floor":5.0,"gold_loss":0.0,"damage_taken":0.0},{"damage_healed":0.0,"max_hp_gain":0.0,"max_hp_loss":0.0,"gold_gain":0.0,"event_name":"Living Wall","player_choice":"Grow","floor":14.0,"gold_loss":0.0,"damage_taken":0.0,"cards_upgraded":["Whirlwind"]},{"damage_healed":0.0,"max_hp_gain":0.0,"max_hp_loss":0.0,"gold_gain":0.0,"event_name":"Back to Basics","player_choice":"Simplicity","floor":19.0,"gold_loss":0.0,"damage_taken":0.0,"cards_upgraded":["Strike_R","Strike_R","Strike_R","Defend_R","Defend_R","Defend_R","Defend_R"]},{"damage_healed":0.0,"max_hp_gain":0.0,"max_hp_loss":0.0,"gold_gain":0.0,"event_name":"Upgrade Shrine","player_choice":"Upgraded","floor":25.0,"gold_loss":0.0,"damage_taken":0.0,"cards_upgraded":["Shrug It Off"]},{"damage_healed":0.0,"max_hp_gain":0.0,"max_hp_loss":4.0,"gold_gain":0.0,"event_name":"Winding Halls","player_choice":"Max HP","floor":37.0,"gold_loss":0.0,"damage_taken":0.0},{"damage_healed":0.0,"max_hp_gain":0.0,"max_hp_loss":0.0,"gold_gain":0.0,"event_name":"SensoryStone","player_choice":"Memory 1","floor":38.0,"gold_loss":0.0,"damage_taken":0.0},{"damage_healed":0.0,"max_hp_gain":0.0,"max_hp_loss":0.0,"gold_gain":0.0,"event_name":"Mysterious Sphere","player_choice":"Fight","floor":39.0,"gold_loss":0.0,"damage_taken":0.0},{"damage_healed":0.0,"max_hp_gain":0.0,"max_hp_loss":0.0,"gold_gain":0.0,"event_name":"Tomb of Lord Red Mask","player_choice":"Paid","floor":44.0,"gold_loss":201.0,"damage_taken":0.0,"relics_obtained":["Red Mask"]}],"is_beta":false,"boss_relics":[{"not_picked":["Mark of Pain","White Beast Statue"],"picked":"Black Star"},{"not_picked":["Cursed Key","Runic Dome"],"picked":"Velvet Choker"}],"items_purged_floors":[4,13,20,36],"is_endless":false,"potions_floor_spawned":[7,16,18,22,33,35,47,48],"ascension_level":7}