{"gold_per_floor":[114,124,124,124,140,140,172,184,211,227,246,246,246,265,265,367,367,378,378,453,439,455,455,473,473,473,173,190,190,90,90,90,192,192,209,209,222,222,222,222,235,116,163,181,0,100,100,115,115,115,115,115,12,45,45],"floor_reached":56,"playtime":2954,"items_purged":["Regret","Defend_B","Strike_B"],"score":1199,"play_id":"facb2549-25da-416f-b5ed-4fad48b3fcca","local_time":"20190906161240","is_ascension_mode":false,"campfire_choices":[{"data":"Beam Cell","floor":6.0,"key":"SMITH"},{"data":"Blizzard","floor":15.0,"key":"SMITH"},{"data":"Echo Form","floor":23.0,"key":"SMITH"},{"data":"Beam Cell","floor":25.0,"key":"SMITH"},{"data":"Defragment","floor":29.0,"key":"SMITH"},{"floor":32.0,"key":"REST"},{"data":"Self Repair","floor":40,"key":"SMITH"},{"floor":47,"key":"REST"},{"floor":49,"key":"RECALL"},{"data":"Blizzard","floor":52,"key":"SMITH"}],"neow_cost":"NONE","seed_source_timestamp":1808952961027700,"circlet_count":0,"master_deck":["Strike_B","Defend_B","Defend_B","Dualcast","Beam Cell+1","Gash","Cold Snap","Blizzard+1","Glacier+1","Gash","Hologram","Coolheaded","Echo Form+1","Double Energy","Beam Cell+1","Glacier","Coolheaded","Cold Snap+1","Double Energy+1","Self Repair+1","Defragment+1","Madness","Madness","Defragment","Blizzard+1","Gash+1","Gash+1"],"special_seed":0,"relics":["FrozenCore","Boot","Bronze Scales","Happy Flower","Ornamental Fan","War Paint","Lizard Tail","Smiling Mask","Red Mask","Bird Faced Urn","Whetstone"],"potions_floor_usage":[41,50,55,55],"damage_taken":[{"damage":6.0,"enemies":"2 Louse","floor":1.0,"turns":3.0},{"damage":0.0,"enemies":"Small Slimes","floor":2.0,"turns":2.0},{"damage":1.0,"enemies":"Cultist","floor":5.0,"turns":4.0},{"damage":19.0,"enemies":"Lagavulin","floor":7.0,"turns":5.0},{"damage":4.0,"enemies":"Exordium Wildlife","floor":8.0,"turns":3.0},{"damage":14.0,"enemies":"Large Slime","floor":10.0,"turns":6.0},{"damage":2.0,"enemies":"Exordium Thugs","floor":11.0,"turns":4.0},{"damage":0.0,"enemies":"Looter","floor":14.0,"turns":3.0},{"damage":23.0,"enemies":"Slime Boss","floor":16.0,"turns":12.0},{"damage":2.0,"enemies":"Chosen","floor":18.0,"turns":4.0},{"damage":3.0,"enemies":"2 Thieves","floor":21.0,"turns":4.0},{"damage":32.0,"enemies":"Cultist and Chosen","floor":22.0,"turns":9.0},{"damage":3.0,"enemies":"Snake Plant","floor":24.0,"turns":5.0},{"damage":0.0,"enemies":"Snecko","floor":28.0,"turns":7.0},{"damage":13.0,"enemies":"Automaton","floor":33.0,"turns":11.0},{"damage":16.0,"enemies":"Orb Walker","floor":35.0,"turns":5.0},{"damage":8,"enemies":"3 Darklings","floor":37,"turns":5},{"damage":32,"enemies":"4 Shapes","floor":41,"turns":5},{"damage":23,"enemies":"Jaw Worm Horde","floor":44,"turns":6},{"damage":17,"enemies":"Mind Bloom Boss Battle","floor":46,"turns":10},{"damage":0,"enemies":"Maw","floor":48,"turns":10},{"damage":29,"enemies":"Time Eater","floor":50,"turns":14},{"damage":56,"enemies":"Shield and Spear","floor":54,"turns":9},{"damage":95,"enemies":"The Heart","floor":55,"turns":10}],"seed_played":"325711022631753592","potions_obtained":[{"floor":2.0,"key":"LiquidBronze"},{"floor":8.0,"key":"LiquidBronze"},{"floor":16.0,"key":"Ancient Potion"},{"floor":22.0,"key":"Fruit Juice"},{"floor":24.0,"key":"Block Potion"},{"floor":37,"key":"FocusPotion"},{"floor":48,"key":"Regen Potion"},{"floor":54,"key":"Block Potion"}],"is_trial":false,"path_per_floor":["M","M","?","?","M","R","E","M","T","M","M","?","?","M","R","B",null,"M","?","?","M","M","R","M","R","T","$","M","R","$","?","R","B",null,"M","?","M","?","?","R","M","$","T","M","?","?","R","M","R","B",null,"R","$","E","B",null],"character_chosen":"DEFECT","items_purchased":["Self Repair","War Paint","Defragment","Blizzard","Gash"],"campfire_rested":2,"item_purchase_floors":[27,27,42,42,53],"current_hp_per_floor":[76,76,76,76,75,75,56,52,52,38,36,36,36,36,36,13,82,80,80,72,69,42,42,39,39,39,39,46,46,46,29,56,50,92,83,83,89,77,77,77,45,45,45,32,32,35,62,92,92,92,92,92,92,65,33],"gold":45,"neow_bonus":"TEN_PERCENT_HP_BONUS","is_prod":false,"is_daily":false,"chose_seed":false,"campfire_upgraded":7,"win_rate":0,"timestamp":1567811560,"path_taken":["M","M","?","?","M","R","E","?","T","M","M","?","?","?","R","BOSS","M","?","?","?","M","R","M","R","T","$","M","R","$","?","R","BOSS","M","?","M","?","?","R","M","?","T","M","?","?","R","M","R","BOSS","R","$","E","BOSS"],"build_version":"2019-07-17","purchased_purges":3,"victory":true,"max_hp_per_floor":[82,82,82,82,82,82,82,82,82,82,82,82,82,82,82,82,82,82,82,82,82,87,87,87,87,87,87,87,87,87,92,92,92,92,92,92,92,92,92,92,92,92,92,92,92,92,92,92,92,92,92,92,92,92,92],"card_choices":[{"not_picked":["Stack","Storm"],"picked":"Beam Cell","floor":1.0},{"not_picked":["Beam Cell","Cold Snap"],"picked":"Gash","floor":2.0},{"not_picked":["Steam","Thunder Strike"],"picked":"Cold Snap","floor":5.0},{"not_picked":["Glacier","Steam Power"],"picked":"Blizzard","floor":7.0},{"not_picked":["Rebound","Cold Snap"],"picked":"Glacier","floor":8.0},{"not_picked":["Sweeping Beam","Rebound"],"picked":"Gash","floor":10.0},{"not_picked":["Redo","Rebound"],"picked":"Hologram","floor":11.0},{"not_picked":["Conserve Battery","Hello World"],"picked":"Coolheaded","floor":14.0},{"not_picked":["Creative AI","Buffer"],"picked":"Echo Form","floor":16.0},{"not_picked":["Storm","Beam Cell"],"picked":"Double Energy","floor":18.0},{"not_picked":["Lockon+1","Steam"],"picked":"Coolheaded","floor":21.0},{"not_picked":["Conserve Battery+1","Redo"],"picked":"Cold Snap","floor":22.0},{"not_picked":["Stack+1","Go for the Eyes+1"],"picked":"Double Energy","floor":24.0},{"not_picked":["Redo","Self Repair"],"picked":"Defragment","floor":28.0},{"not_picked":["Stack+1","Streamline+1","Go for the Eyes"],"picked":"SKIP","floor":35.0},{"not_picked":["Double Energy+1","Storm+1","Streamline+1"],"picked":"SKIP","floor":37},{"not_picked":["Fusion","Leap","All For One"],"picked":"SKIP","floor":41},{"not_picked":["Chaos","Steam+1","Static Discharge+1"],"picked":"SKIP","floor":44},{"not_picked":["Beam Cell+1","Electrodynamics","Steam+1"],"picked":"SKIP","floor":48},{"not_picked":["Redo","Rebound+1"],"picked":"Gash+1","floor":54}],"player_experience":132472,"relics_obtained":[{"floor":7.0,"key":"Boot"},{"floor":9.0,"key":"Bronze Scales"},{"floor":43,"key":"Smiling Mask"},{"floor":46,"key":"Bird Faced Urn"},{"floor":54,"key":"Whetstone"}],"event_choices":[{"cards_removed":["Strike_B"],"damage_healed":0.0,"max_hp_gain":0.0,"max_hp_loss":0.0,"gold_gain":0.0,"event_name":"Living Wall","player_choice":"Forget","floor":3.0,"gold_loss":0.0,"damage_taken":0.0},{"damage_healed":0.0,"max_hp_gain":0.0,"max_hp_loss":0.0,"gold_gain":0.0,"event_name":"NoteForYourself","player_choice":"Ignored","floor":4.0,"gold_loss":0.0,"damage_taken":0.0},{"damage_healed":0.0,"max_hp_gain":0.0,"max_hp_loss":0.0,"gold_gain":0.0,"event_name":"Big Fish","player_choice":"Box","floor":12.0,"gold_loss":0.0,"damage_taken":0.0,"relics_obtained":["Happy Flower"],"cards_obtained":["Regret"]},{"damage_healed":0.0,"max_hp_gain":0.0,"max_hp_loss":0.0,"gold_gain":0.0,"event_name":"WeMeetAgain","player_choice":"Gave Potion","floor":13.0,"gold_loss":0.0,"damage_taken":0.0,"relics_obtained":["Ornamental Fan"]},{"damage_healed":0.0,"max_hp_gain":0.0,"max_hp_loss":0.0,"gold_gain":0.0,"cards_transformed":["Defend_B","Strike_B"],"event_name":"Drug Dealer","player_choice":"Became Test Subject","floor":19.0,"gold_loss":0.0,"damage_taken":0.0,"cards_obtained":["Beam Cell","Glacier"]},{"damage_healed":0.0,"max_hp_gain":0.0,"max_hp_loss":0.0,"gold_gain":75.0,"event_name":"FaceTrader","player_choice":"Touch","floor":20.0,"gold_loss":0.0,"damage_taken":8.0},{"damage_healed":0.0,"max_hp_gain":5.0,"max_hp_loss":0.0,"gold_gain":0.0,"event_name":"Forgotten Altar","player_choice":"Shed Blood","floor":31.0,"gold_loss":0.0,"damage_taken":22.0},{"damage_healed":0,"gold_gain":0,"player_choice":"Ignored","damage_taken":0,"max_hp_gain":0,"max_hp_loss":0,"event_name":"Mysterious Sphere","floor":36,"gold_loss":0},{"damage_healed":0,"gold_gain":0,"player_choice":"Embrace Madness","damage_taken":12,"max_hp_gain":0,"max_hp_loss":0,"event_name":"Winding Halls","floor":38,"gold_loss":0,"cards_obtained":["Madness","Madness"]},{"cards_removed":["Zap"],"damage_healed":0,"gold_gain":0,"player_choice":"Removed Skill","damage_taken":0,"max_hp_gain":0,"max_hp_loss":0,"event_name":"Falling","floor":39,"gold_loss":0},{"damage_healed":0,"gold_gain":0,"player_choice":"Paid","damage_taken":0,"relics_obtained":["Red Mask"],"max_hp_gain":0,"max_hp_loss":0,"event_name":"Tomb of Lord Red Mask","floor":45,"gold_loss":181},{"damage_healed":0,"gold_gain":0,"player_choice":"Fight","damage_taken":0,"max_hp_gain":0,"max_hp_loss":0,"event_name":"MindBloom","floor":46,"gold_loss":0}],"is_beta":false,"boss_relics":[{"not_picked":["White Beast Statue","Busted Crown"],"picked":"FrozenCore"},{"not_picked":["Snecko Eye","Pandora\u0027s Box"],"picked":"Lizard Tail"}],"items_purged_floors":[27,30,53],"is_endless":false,"potions_floor_spawned":[2,8,16,22,24,37,48,54],"ascension_level":0}