{"gold_per_floor":[112,36,56,66,66,95,20,36,59,84,99,99,116,129,129,227,227,241,241,29,41,41,41,141,154,154,174,194,194,205,205,205,309,309,320,334,43,59,75,75,95,95,95,114,146,161,179,179,179,179],"floor_reached":51,"playtime":9838,"items_purged":["Strike_B","Strike_B","Defend_B"],"score":1001,"play_id":"29aa8ec4-f22c-492f-9c15-6d6caeebc11d","local_time":"20190806192756","is_ascension_mode":true,"campfire_choices":[{"data":"Zap","floor":12,"key":"SMITH"},{"data":"Chaos","floor":15,"key":"SMITH"},{"data":"Defragment","floor":23,"key":"SMITH"},{"data":"Buffer","floor":29,"key":"SMITH"},{"floor":32,"key":"REST"},{"data":"Defragment","floor":40,"key":"SMITH"},{"data":"Rainbow","floor":42,"key":"SMITH"},{"floor":49,"key":"REST"}],"neow_cost":"NONE","seed_source_timestamp":0,"circlet_count":0,"master_deck":["Strike_B+1","Defend_B","Defend_B","Defend_B","Zap+1","Dualcast","Coolheaded","Defragment+1","Self Repair","Coolheaded","Rebound+1","Leap","Conserve Battery","Leap","Ball Lightning","Chaos+1","Core Surge","Ball Lightning+1","Capacitor","Defragment+1","Beam Cell","Redo","Buffer+1","Coolheaded+1","Undo+1","Cold Snap","Rainbow+1","Leap","Defragment+1","Chaos+1","Hologram","Defragment"],"special_seed":0,"relics":["Cracked Core","Art of War","Whetstone","PreservedInsect","Nuclear Battery","Smiling Mask","Oddly Smooth Stone","Inserter","Pantograph","Singing Bowl","Blue Candle"],"potions_floor_usage":[16,38,39,47,50,50],"damage_taken":[{"damage":1.0,"enemies":"Cultist","floor":1.0,"turns":4.0},{"damage":0.0,"enemies":"Small Slimes","floor":3.0,"turns":3.0},{"damage":3.0,"enemies":"2 Louse","floor":4.0,"turns":5.0},{"damage":11.0,"enemies":"Lagavulin","floor":6.0,"turns":10.0},{"damage":0.0,"enemies":"Large Slime","floor":8.0,"turns":6.0},{"damage":13.0,"enemies":"3 Sentries","floor":10.0,"turns":9.0},{"damage":8,"enemies":"Exordium Thugs","floor":11,"turns":6},{"damage":3,"enemies":"2 Fungi Beasts","floor":13,"turns":4},{"damage":18,"enemies":"Lots of Slimes","floor":14,"turns":3},{"damage":0,"enemies":"The Guardian","floor":16,"turns":11},{"damage":17,"enemies":"2 Thieves","floor":18,"turns":4},{"damage":19,"enemies":"Shell Parasite","floor":21,"turns":4},{"damage":8,"enemies":"Snake Plant","floor":25,"turns":4},{"damage":8,"enemies":"Chosen and Byrds","floor":27,"turns":7},{"damage":10,"enemies":"Cultist and Chosen","floor":28,"turns":7},{"damage":11,"enemies":"Centurion and Healer","floor":30,"turns":9},{"damage":6,"enemies":"Champ","floor":33,"turns":12},{"damage":0,"enemies":"3 Shapes","floor":35,"turns":5},{"damage":13,"enemies":"Orb Walker","floor":36,"turns":6},{"damage":0,"enemies":"4 Shapes","floor":38,"turns":7},{"damage":12,"enemies":"3 Darklings","floor":39,"turns":6},{"damage":3,"enemies":"Spire Growth","floor":41,"turns":8},{"damage":0,"enemies":"Sphere and 2 Shapes","floor":44,"turns":9},{"damage":15,"enemies":"Nemesis","floor":45,"turns":7},{"damage":26,"enemies":"Jaw Worm Horde","floor":46,"turns":7},{"damage":0,"enemies":"Maw","floor":47,"turns":8},{"damage":14,"enemies":"Awakened One","floor":50,"turns":12}],"seed_played":"5576957389377594669","potions_obtained":[{"floor":6.0,"key":"Energy Potion"},{"floor":8.0,"key":"SteroidPotion"},{"floor":11,"key":"FocusPotion"},{"floor":13,"key":"Weak Potion"},{"floor":16,"key":"Energy Potion"},{"floor":27,"key":"Fire Potion"},{"floor":30,"key":"PowerPotion"},{"floor":44,"key":"EssenceOfSteel"},{"floor":45,"key":"Fire Potion"},{"floor":46,"key":"FocusPotion"}],"is_trial":false,"path_per_floor":["M","$","M","M","?","E","$","M","T","E","M","R","M","M","R","B",null,"M","?","$","M","?","R","?","M","T","M","M","R","M","?","R","B",null,"M","M","$","M","M","R","M","R","T","M","E","M","M","?","R","B",null],"character_chosen":"DEFECT","items_purchased":["Defragment","Defragment","Beam Cell","Pantograph"],"campfire_rested":2,"item_purchase_floors":[2,20,20,37],"current_hp_per_floor":[67,67,67,71,71,67,67,74,74,68,67,67,64,46,46,53,70,60,60,60,48,48,48,48,47,47,46,36,36,32,32,54,55,70,75,69,69,75,70,70,74,74,74,76,68,51,60,60,81,67],"gold":179,"neow_bonus":"REMOVE_CARD","is_prod":false,"is_daily":false,"chose_seed":false,"campfire_upgraded":6,"win_rate":0,"timestamp":1565137676,"path_taken":["M","?","M","M","?","E","$","M","T","E","M","R","M","M","R","BOSS","M","?","$","M","?","R","?","M","T","M","?","R","M","?","R","BOSS","M","M","$","?","M","R","M","R","T","M","E","M","M","?","R","BOSS"],"build_version":"2019-07-17","purchased_purges":3,"victory":true,"max_hp_per_floor":[75,75,75,75,75,75,75,75,75,75,75,75,75,75,75,75,75,75,75,75,75,75,75,75,75,75,75,75,75,75,75,75,75,75,75,75,75,75,75,75,75,75,75,77,77,79,81,81,81,81],"card_choices":[{"not_picked":["Stack","Rip and Tear"],"picked":"Coolheaded","floor":1.0},{"not_picked":["Stack","Beam Cell"],"picked":"Self Repair","floor":3.0},{"not_picked":["Reprogram","Sunder"],"picked":"Coolheaded","floor":4.0},{"not_picked":["Genetic Algorithm","Steam Power"],"picked":"Rebound","floor":6.0},{"not_picked":["Steam","Skim"],"picked":"Leap","floor":8.0},{"not_picked":["Hologram","FTL"],"picked":"Conserve Battery","floor":10.0},{"not_picked":["Chaos","Barrage"],"picked":"Leap","floor":11},{"not_picked":["Steam","Streamline"],"picked":"Ball Lightning","floor":13},{"not_picked":["Meteor Strike","Genetic Algorithm"],"picked":"Chaos","floor":14},{"not_picked":["Creative AI","Reboot"],"picked":"Core Surge","floor":16},{"not_picked":["Hologram","Stack+1"],"picked":"Ball Lightning+1","floor":18},{"not_picked":["Beam Cell+1","Cold Snap"],"picked":"Redo","floor":21},{"not_picked":["Genetic Algorithm","Capacitor+1"],"picked":"Buffer","floor":25},{"not_picked":["Rebound","Gash","Sweeping Beam+1"],"picked":"SKIP","floor":27},{"not_picked":["Double Energy","Skim"],"picked":"Coolheaded+1","floor":28},{"not_picked":["Coolheaded","Hologram"],"picked":"Undo+1","floor":30},{"not_picked":["Amplify","Multi-Cast"],"picked":"Rainbow","floor":33},{"not_picked":["Compile Driver+1","Rip and Tear"],"picked":"Leap","floor":35},{"not_picked":["Ball Lightning","Stack","Sweeping Beam+1"],"picked":"SKIP","floor":36},{"not_picked":["Barrage","Stack+1"],"picked":"Defragment","floor":38},{"not_picked":["Sweeping Beam","Beam Cell+1"],"picked":"Chaos+1","floor":39},{"not_picked":["Rebound","Steam+1"],"picked":"Hologram","floor":41},{"not_picked":["White Noise","Skim+1","Creative AI"],"picked":"Singing Bowl","floor":44},{"not_picked":["Force Field","Blizzard+1"],"picked":"Defragment","floor":45},{"not_picked":["Go for the Eyes","Blizzard","Redo"],"picked":"Singing Bowl","floor":46},{"not_picked":["Auto Shields","Cold Snap+1","Streamline"],"picked":"Singing Bowl","floor":47}],"player_experience":258184,"relics_obtained":[{"floor":6.0,"key":"Art of War"},{"floor":9.0,"key":"Whetstone"},{"floor":10.0,"key":"PreservedInsect"},{"floor":26,"key":"Oddly Smooth Stone"},{"floor":43,"key":"Singing Bowl"},{"floor":45,"key":"Blue Candle"}],"event_choices":[{"damage_healed":0.0,"max_hp_gain":0.0,"max_hp_loss":0.0,"gold_gain":0.0,"event_name":"Living Wall","player_choice":"Grow","floor":5.0,"gold_loss":0.0,"damage_taken":0.0,"cards_upgraded":["Defragment"]},{"damage_healed":0,"gold_gain":0,"player_choice":"Read","damage_taken":0,"max_hp_gain":0,"max_hp_loss":0,"event_name":"The Library","floor":19,"gold_loss":0,"cards_obtained":["Capacitor"]},{"damage_healed":0,"gold_gain":0,"player_choice":"Opened","damage_taken":0,"relics_obtained":["Smiling Mask"],"max_hp_gain":0,"max_hp_loss":0,"event_name":"The Mausoleum","floor":22,"gold_loss":0},{"damage_healed":0,"gold_gain":100,"player_choice":"Pray","damage_taken":0,"max_hp_gain":0,"max_hp_loss":0,"event_name":"Golden Shrine","floor":24,"gold_loss":0},{"damage_healed":0,"gold_gain":0,"player_choice":"1 cards matched","damage_taken":0,"max_hp_gain":0,"max_hp_loss":0,"event_name":"Match and Keep!","floor":31,"gold_loss":0,"cards_obtained":["Cold Snap"]},{"damage_healed":0,"gold_gain":0,"player_choice":"Ignored","damage_taken":0,"max_hp_gain":0,"max_hp_loss":0,"event_name":"Mysterious Sphere","floor":48,"gold_loss":0}],"is_beta":false,"boss_relics":[{"not_picked":["Pandora\u0027s Box","Runic Pyramid"],"picked":"Nuclear Battery"},{"not_picked":["Coffee Dripper","FrozenCore"],"picked":"Inserter"}],"items_purged_floors":[7,20,37],"is_endless":false,"potions_floor_spawned":[6,8,11,13,16,27,30,35,44,45,46],"ascension_level":8}