{"gold_per_floor":[219,233,233,244,244,244,275,275,275,290,315,344,344,364,364,459,459,483,497,422,447,473,473,512,536,585,585,610,53,94,48,48,48],"floor_reached":33,"playtime":1216,"items_purged":["Strike_R"],"score":590,"play_id":"a55cad7d-9769-4038-9bd4-72b58128e532","local_time":"20190719015805","is_ascension_mode":true,"campfire_choices":[{"data":"Perfected Strike","floor":6.0,"key":"SMITH"},{"floor":8.0,"key":"REST"},{"data":"Shockwave","floor":15,"key":"SMITH"},{"data":"Bludgeon","floor":23,"key":"SMITH"},{"floor":27,"key":"REST"},{"data":"Havoc","floor":32,"key":"SMITH"}],"neow_cost":"NONE","seed_source_timestamp":152990301443200,"circlet_count":0,"master_deck":["AscendersBane","Strike_R","Strike_R+1","Strike_R","Defend_R+1","Defend_R","Defend_R","Defend_R","Bash","Perfected Strike+1","Wild Strike+1","Shockwave+1","Twin Strike","Battle Trance","Shrug It Off","Thunderclap","Bludgeon+1","Cleave","Power Through","Havoc+1","Disarm","Evolve","True Grit","Evolve","True Grit"],"special_seed":0,"relics":["Burning Blood","The Courier","Self Forming Clay","Odd Mushroom","StoneCalendar","Golden Idol","Mark of Pain","Bag of Preparation","Blue Candle","Smiling Mask","Lee\u0027s Waffle","Mercury Hourglass","Bottled Lightning"],"potions_floor_usage":[],"damage_taken":[{"damage":6.0,"enemies":"Cultist","floor":1.0,"turns":3.0},{"damage":8.0,"enemies":"Jaw Worm","floor":2.0,"turns":5.0},{"damage":6.0,"enemies":"Small Slimes","floor":4.0,"turns":4.0},{"damage":27.0,"enemies":"Lagavulin","floor":7.0,"turns":5.0},{"damage":4.0,"enemies":"Blue Slaver","floor":10.0,"turns":3.0},{"damage":6.0,"enemies":"The Mushroom Lair","floor":11.0,"turns":5.0},{"damage":6.0,"enemies":"Gremlin Nob","floor":12.0,"turns":3.0},{"damage":6,"enemies":"Exordium Wildlife","floor":14,"turns":3},{"damage":31,"enemies":"The Guardian","floor":16,"turns":9},{"damage":9,"enemies":"3 Byrds","floor":18,"turns":6},{"damage":27,"enemies":"2 Thieves","floor":19,"turns":5},{"damage":9,"enemies":"Cultist and Chosen","floor":21,"turns":6},{"damage":29,"enemies":"Gremlin Leader","floor":24,"turns":7},{"damage":5,"enemies":"Centurion and Healer","floor":25,"turns":4},{"damage":4,"enemies":"3 Cultists","floor":28,"turns":4},{"damage":30,"enemies":"Book of Stabbing","floor":30,"turns":5},{"damage":66,"enemies":"Collector","floor":33,"turns":9}],"seed_played":"-3740792014738653056","potions_obtained":[{"floor":1.0,"key":"SteroidPotion"},{"floor":14,"key":"FairyPotion"},{"floor":16,"key":"Ancient Potion"},{"floor":28,"key":"Swift Potion"}],"is_trial":false,"path_per_floor":["M","M","?","M","?","R","E","R","T","M","?","E","?","M","R","B",null,"M","M","?","M","T","R","E","M","T","R","M","$","E","$","R","B"],"character_chosen":"IRONCLAD","items_purchased":["Evolve","True Grit","Lee\u0027s Waffle","Mercury Hourglass","True Grit"],"campfire_rested":2,"item_purchase_floors":[29,29,29,29,31],"current_hp_per_floor":[68,66,43,43,43,43,22,44,44,46,46,46,46,46,46,21,56,53,32,32,29,29,29,12,13,13,33,35,75,51,51,51,0],"gold":48,"neow_bonus":"HUNDRED_GOLD","is_prod":false,"is_daily":false,"chose_seed":false,"campfire_upgraded":4,"win_rate":0,"timestamp":1563526685,"path_taken":["M","M","?","M","?","R","E","R","T","M","?","E","?","?","R","BOSS","M","M","?","M","?","R","E","M","T","R","M","$","E","$","R","BOSS"],"build_version":"2019-07-17","purchased_purges":1,"victory":false,"max_hp_per_floor":[75,75,75,75,75,75,75,75,75,75,75,75,68,68,68,68,68,68,68,68,68,68,68,68,68,68,68,68,75,75,75,75,75],"card_choices":[{"not_picked":["Seeing Red","Rage","Flex"],"picked":"SKIP","floor":1.0},{"not_picked":["Flex","Burning Pact"],"picked":"Perfected Strike","floor":2.0},{"not_picked":["Dropkick","Sentinel"],"picked":"Wild Strike","floor":4.0},{"not_picked":["Reaper","Power Through"],"picked":"Shockwave","floor":7.0},{"not_picked":["Shockwave","Wild Strike"],"picked":"Twin Strike","floor":10.0},{"not_picked":["Wild Strike","Searing Blow"],"picked":"Battle Trance","floor":11.0},{"not_picked":["Intimidate","Sever Soul"],"picked":"Shrug It Off","floor":12.0},{"not_picked":["Headbutt","Twin Strike"],"picked":"Thunderclap","floor":14},{"not_picked":["Dark Embrace","Impervious"],"picked":"Bludgeon","floor":16},{"not_picked":["Havoc","Iron Wave"],"picked":"Cleave","floor":18},{"not_picked":["Rupture","Iron Wave","Power Through"],"picked":"SKIP","floor":19},{"not_picked":["Rupture","Iron Wave"],"picked":"Power Through","floor":19},{"not_picked":["Warcry","Iron Wave","Rampage"],"picked":"SKIP","floor":21},{"not_picked":["Warcry+1","Twin Strike"],"picked":"Havoc","floor":24},{"not_picked":["Cleave","Berserk","Carnage"],"picked":"SKIP","floor":25},{"not_picked":["Searing Blow","Dual Wield+1"],"picked":"Disarm","floor":28},{"not_picked":["Inflame","Seeing Red"],"picked":"Evolve","floor":30}],"player_experience":674814,"relics_obtained":[{"floor":7.0,"key":"The Courier"},{"floor":9.0,"key":"Self Forming Clay"},{"floor":11.0,"key":"Odd Mushroom"},{"floor":12.0,"key":"StoneCalendar"},{"floor":22,"key":"Bag of Preparation"},{"floor":24,"key":"Blue Candle"},{"floor":26,"key":"Smiling Mask"},{"floor":30,"key":"Bottled Lightning"}],"event_choices":[{"damage_healed":0.0,"max_hp_gain":0.0,"max_hp_loss":0.0,"gold_gain":0.0,"event_name":"Shining Light","player_choice":"Entered Light","floor":3.0,"gold_loss":0.0,"damage_taken":23.0,"cards_upgraded":["Defend_R","Strike_R"]},{"damage_healed":0.0,"max_hp_gain":0.0,"max_hp_loss":0.0,"gold_gain":0.0,"event_name":"Living Wall","player_choice":"Grow","floor":5.0,"gold_loss":0.0,"damage_taken":0.0,"cards_upgraded":["Wild Strike"]},{"damage_healed":0.0,"max_hp_gain":0.0,"max_hp_loss":0.0,"gold_gain":0.0,"event_name":"Mushrooms","player_choice":"Fought Mushrooms","floor":11.0,"gold_loss":0.0,"damage_taken":0.0},{"damage_healed":0,"gold_gain":0,"player_choice":"Lose Max HP","damage_taken":0,"relics_obtained":["Golden Idol"],"max_hp_gain":0,"max_hp_loss":7,"event_name":"Golden Idol","floor":13,"gold_loss":0},{"cards_removed":["Strike_R"],"damage_healed":0,"gold_gain":0,"player_choice":"Gave Gold","damage_taken":0,"max_hp_gain":0,"max_hp_loss":0,"event_name":"Beggar","floor":20,"gold_loss":75}],"is_beta":false,"boss_relics":[{"not_picked":["Tiny House","Black Blood"],"picked":"Mark of Pain"}],"items_purged_floors":[29],"is_endless":false,"potions_floor_spawned":[1,14,16,19,28],"killed_by":"Collector","ascension_level":20}