{"gold_per_floor":[140,65,85,85,95,95,130,130,130,143,43,43,53,63,63,63],"floor_reached":16,"playtime":1730,"items_purged":["Strike_G","Strike_G"],"score":102,"play_id":"21d38341-2795-4cdd-bfd6-e22b93987d2d","local_time":"20190903161451","is_ascension_mode":false,"campfire_choices":[{"data":"Footwork","floor":6,"key":"SMITH"},{"data":"Dodge and Roll","floor":8,"key":"SMITH"},{"data":"Dodge and Roll","floor":15,"key":"SMITH"}],"neow_cost":"NONE","seed_source_timestamp":1551200580005000,"circlet_count":0,"master_deck":["Strike_G","Strike_G","Strike_G","Defend_G","Defend_G","Defend_G","Defend_G","Defend_G","Survivor","Neutralize","Dodge and Roll+1","Footwork+1","Backflip","Dagger Throw","Dodge and Roll+1","Flechettes"],"relics":["Ring of the Snake","Tiny Chest","Singing Bowl"],"potions_floor_usage":[5,16,16],"damage_taken":[{"damage":0,"enemies":"Small Slimes","floor":1,"turns":5},{"damage":0,"enemies":"2 Louse","floor":3,"turns":4},{"damage":0,"enemies":"Jaw Worm","floor":5,"turns":8},{"damage":2,"enemies":"3 Sentries","floor":7,"turns":21},{"damage":2,"enemies":"Exordium Thugs","floor":10,"turns":11},{"damage":0,"enemies":"Red Slaver","floor":13,"turns":5},{"damage":0,"enemies":"Blue Slaver","floor":14,"turns":5},{"damage":83,"enemies":"Slime Boss","floor":16,"turns":23}],"seed_played":"9201697348481309734","potions_obtained":[{"floor":5,"key":"Fruit Juice"},{"floor":13,"key":"SkillPotion"},{"floor":14,"key":"Swift Potion"}],"is_trial":false,"path_per_floor":["M","$","M","$","M","R","E","R","T","M","$","?","M","M","R","B"],"character_chosen":"THE_SILENT","items_purchased":[],"campfire_rested":0,"item_purchase_floors":[],"current_hp_per_floor":[70,70,70,70,75,75,73,73,73,71,71,76,76,78,78,0],"gold":63,"neow_bonus":"RANDOM_COMMON_RELIC","is_prod":false,"is_daily":false,"chose_seed":false,"campfire_upgraded":3,"win_rate":0,"timestamp":1567552491,"path_taken":["M","$","M","$","M","R","E","R","T","M","$","?","M","M","R","BOSS"],"build_version":"2019-07-17","purchased_purges":2,"victory":false,"max_hp_per_floor":[70,70,70,70,75,75,75,75,75,75,75,80,80,82,82,82],"card_choices":[{"not_picked":["Underhanded Strike","Dagger Spray"],"picked":"Dodge and Roll","floor":1},{"not_picked":["Bane","Backflip"],"picked":"Footwork","floor":3},{"not_picked":["Underhanded Strike","PiercingWail"],"picked":"Backflip","floor":5},{"not_picked":["Heel Hook","Corpse Explosion"],"picked":"Dagger Throw","floor":7},{"not_picked":["Flechettes","Bouncing Flask"],"picked":"Dodge and Roll","floor":10},{"not_picked":["Noxious Fumes","Expertise"],"picked":"Flechettes","floor":13},{"not_picked":["Cloak And Dagger","Acrobatics","Eviscerate"],"picked":"Singing Bowl","floor":14}],"player_experience":106750,"relics_obtained":[{"floor":7,"key":"Singing Bowl"}],"event_choices":[{"damage_healed":0,"gold_gain":0,"player_choice":"Donut","damage_taken":0,"max_hp_gain":5,"max_hp_loss":0,"event_name":"Big Fish","floor":12,"gold_loss":0}],"is_beta":false,"boss_relics":[],"items_purged_floors":[2,11],"is_endless":false,"potions_floor_spawned":[5,13,14],"killed_by":"Slime Boss","ascension_level":0}