{"gold_per_floor":[110,110,35,52,70,70,70,20,20,20,46,46,60,78,78,177,177,189,89,101,114,144,178,53,53,79,79,79,129,129,219,219,219],"floor_reached":33,"playtime":1608,"items_purged":["Defend_B","Strike_B","Defend_B"],"score":286,"play_id":"8e5fedd8-1a33-4ceb-9918-514fbe24b4c9","local_time":"20190906145830","is_ascension_mode":false,"campfire_choices":[{"data":"Chill","floor":6,"key":"SMITH"},{"data":"Capacitor","floor":15,"key":"SMITH"},{"data":"Self Repair","floor":25,"key":"SMITH"},{"data":"Redo","floor":27,"key":"SMITH"},{"data":"Electrodynamics","floor":30,"key":"SMITH"},{"floor":32,"key":"REST"}],"neow_cost":"NONE","seed_source_timestamp":1805947139724800,"circlet_count":0,"master_deck":["Strike_B","Defend_B","Defend_B","Zap","Dualcast","Cold Snap","Chill+1","Redo+1","Capacitor+1","Electrodynamics+1","Seek","BootSequence+1","Self Repair+1","Cold Snap","Redo+1","FTL"],"relics":["Cracked Core","Bronze Scales","Sundial","FossilizedHelix","Mummified Hand","Velvet Choker","Red Mask","WingedGreaves","Lantern","Cables","Smiling Mask"],"potions_floor_usage":[14,16,18],"damage_taken":[{"damage":0,"enemies":"Small Slimes","floor":1,"turns":3},{"damage":6,"enemies":"Jaw Worm","floor":4,"turns":4},{"damage":0,"enemies":"2 Louse","floor":5,"turns":3},{"damage":10,"enemies":"3 Sentries","floor":11,"turns":9},{"damage":0,"enemies":"2 Fungi Beasts","floor":13,"turns":3},{"damage":0,"enemies":"Looter","floor":14,"turns":4},{"damage":3,"enemies":"The Guardian","floor":16,"turns":11},{"damage":9,"enemies":"Shell Parasite","floor":18,"turns":6},{"damage":0,"enemies":"2 Thieves","floor":20,"turns":3},{"damage":17,"enemies":"Sentry and Sphere","floor":21,"turns":5},{"damage":18,"enemies":"Masked Bandits","floor":22,"turns":4},{"damage":15,"enemies":"Gremlin Leader","floor":23,"turns":8},{"damage":81,"enemies":"Champ","floor":33,"turns":13}],"seed_played":"-2452665629091623436","potions_obtained":[{"floor":1,"key":"Poison Potion"},{"floor":13,"key":"SpeedPotion"},{"floor":14,"key":"Fruit Juice"},{"floor":18,"key":"Fruit Juice"},{"floor":20,"key":"SteroidPotion"}],"is_trial":false,"path_per_floor":["M","?","$","M","M","R","T","?","T","$","E","?","M","M","R","B",null,"M","$","M","M","?","E","$","R","T","R","?","T","R","?","R","B"],"character_chosen":"DEFECT","items_purchased":[],"campfire_rested":1,"item_purchase_floors":[],"current_hp_per_floor":[82,82,82,76,76,76,76,76,76,76,66,48,48,53,53,50,87,83,83,83,73,62,54,54,54,54,54,54,54,54,36,63,0],"gold":219,"neow_bonus":"TEN_PERCENT_HP_BONUS","is_prod":false,"is_daily":false,"chose_seed":false,"campfire_upgraded":5,"win_rate":0,"timestamp":1567807110,"path_taken":["M","?","$","M","M","R","?","?","T","$","E","?","M","M","R","BOSS","M","$","M","M","?","E","$","R","T","R","?","?","R","?","R","BOSS"],"build_version":"2019-07-17","purchased_purges":3,"victory":false,"max_hp_per_floor":[82,82,82,82,82,82,82,82,82,82,82,82,82,87,87,87,87,92,92,92,92,92,92,92,92,92,92,92,92,92,92,92,92],"card_choices":[{"not_picked":["Chaos","Hologram"],"picked":"Cold Snap","floor":1},{"not_picked":["Auto Shields","Hello World"],"picked":"Chill","floor":4},{"not_picked":["Scrape","Rebound"],"picked":"Redo","floor":5},{"not_picked":["Aggregate","Beam Cell"],"picked":"Capacitor","floor":11},{"not_picked":["Beam Cell","Barrage","Stack"],"picked":"SKIP","floor":13},{"not_picked":["Undo","Sunder"],"picked":"Electrodynamics","floor":14},{"not_picked":["All For One","Fission"],"picked":"Seek","floor":16},{"not_picked":["Sweeping Beam+1","Compile Driver+1"],"picked":"BootSequence+1","floor":18},{"not_picked":["Streamline","BootSequence"],"picked":"Self Repair","floor":20},{"not_picked":["Steam","Go for the Eyes+1"],"picked":"Cold Snap","floor":21},{"not_picked":["Steam Power","Recycle"],"picked":"Redo+1","floor":22},{"not_picked":["Glacier+1","Amplify"],"picked":"FTL","floor":23}],"player_experience":130824,"relics_obtained":[{"floor":7,"key":"Bronze Scales"},{"floor":9,"key":"Sundial"},{"floor":11,"key":"FossilizedHelix"},{"floor":22,"key":"Red Mask"},{"floor":23,"key":"WingedGreaves"},{"floor":26,"key":"Lantern"},{"floor":29,"key":"Smiling Mask"}],"event_choices":[{"cards_removed":["Strike_B"],"damage_healed":0,"gold_gain":0,"player_choice":"Forget","damage_taken":0,"max_hp_gain":0,"max_hp_loss":0,"event_name":"Living Wall","floor":2,"gold_loss":0},{"cards_removed":["Strike_B"],"damage_healed":0,"gold_gain":0,"player_choice":"Card Removal","damage_taken":0,"max_hp_gain":0,"max_hp_loss":0,"event_name":"The Cleric","floor":8,"gold_loss":50},{"damage_healed":0,"gold_gain":0,"player_choice":"Success","damage_taken":18,"relics_obtained":["Mummified Hand"],"max_hp_gain":0,"max_hp_loss":0,"event_name":"Scrap Ooze","floor":12,"gold_loss":0},{"damage_healed":0,"gold_gain":0,"player_choice":"Fought Bandits","damage_taken":0,"max_hp_gain":0,"max_hp_loss":0,"event_name":"Masked Bandits","floor":22,"gold_loss":0},{"damage_healed":0,"gold_gain":0,"player_choice":"Opened","damage_taken":0,"relics_obtained":["Cables"],"max_hp_gain":0,"max_hp_loss":0,"event_name":"The Mausoleum","floor":28,"gold_loss":0},{"damage_healed":0,"gold_gain":90,"player_choice":"GOLD ","damage_taken":18,"max_hp_gain":0,"max_hp_loss":0,"event_name":"Knowing Skull","floor":31,"potions_obtained":[],"gold_loss":0,"cards_obtained":[]}],"is_beta":false,"boss_relics":[{"not_picked":["Runic Pyramid","Ectoplasm"],"picked":"Velvet Choker"}],"items_purged_floors":[3,19,24],"is_endless":false,"potions_floor_spawned":[1,13,14,18,20],"killed_by":"Champ","ascension_level":0}