{"gold_per_floor":[110,33,49,49,49,49,67,99,122,195,195,214,230,230,230,304,304,323,39,59,0,16,48,48,48,48,48,48,68,68,79,79,79],"floor_reached":33,"playtime":1613,"items_purged":[],"score":521,"play_id":"037b90e6-d241-4559-a45f-dfb37a72d64c","local_time":"20190208184558","is_ascension_mode":true,"campfire_choices":[{"floor":6.0,"key":"REST"},{"floor":15.0,"key":"REST"},{"floor":24.0,"key":"REST"},{"data":"Seek","floor":28.0,"key":"SMITH"},{"floor":30.0,"key":"REST"},{"floor":32.0,"key":"REST"}],"neow_cost":"NONE","seed_source_timestamp":510536267501160,"circlet_count":0,"master_deck":["AscendersBane","Defend_B","Defend_B","Defend_B","Zap","Dualcast","Doom and Gloom","Capacitor","Hello World","Loop","Seek+1","White Noise","Reboot","Leap+1","Capacitor+1","Electrodynamics+1","Redo","Redo","Chill","Leap+1","Cold Snap"],"special_seed":0,"relics":["Empty Cage","Centennial Puzzle","Peace Pipe","Ancient Tea Set","Symbiotic Virus","Astrolabe","Bottled Lightning","The Courier","Lantern"],"potions_floor_usage":[],"damage_taken":[{"damage":7.0,"enemies":"Small Slimes","floor":1.0,"turns":3.0},{"damage":13.0,"enemies":"2 Louse","floor":3.0,"turns":3.0},{"damage":0.0,"enemies":"Cultist","floor":7.0,"turns":3.0},{"damage":28.0,"enemies":"Lagavulin","floor":8.0,"turns":6.0},{"damage":9.0,"enemies":"3 Louse","floor":11.0,"turns":2.0},{"damage":7.0,"enemies":"Gremlin Gang","floor":12.0,"turns":4.0},{"damage":14.0,"enemies":"Red Slaver","floor":13.0,"turns":6.0},{"damage":13.0,"enemies":"Hexaghost","floor":16.0,"turns":7.0},{"damage":0.0,"enemies":"Chosen","floor":18.0,"turns":3.0},{"damage":31.0,"enemies":"Shell Parasite","floor":20.0,"turns":4.0},{"damage":13.0,"enemies":"Cultist and Chosen","floor":22.0,"turns":4.0},{"damage":11.0,"enemies":"Slavers","floor":23.0,"turns":4.0},{"damage":1.0,"enemies":"Chosen and Byrds","floor":29.0,"turns":4.0},{"damage":14.0,"enemies":"Centurion and Healer","floor":31.0,"turns":3.0},{"damage":61,"enemies":"Collector","floor":33,"turns":8}],"seed_played":"-4553763813802345365","potions_obtained":[{"floor":1.0,"key":"Poison Potion"},{"floor":3.0,"key":"Dexterity Potion"},{"floor":13.0,"key":"Energy Potion"},{"floor":22.0,"key":"AttackPotion"},{"floor":23.0,"key":"FocusPotion"}],"is_trial":false,"path_per_floor":["M","$","M","?","?","R","M","E","T","?","M","M","M","T","R","B",null,"M","$","M","?","M","E","R","?","T","$","R","M","R","M","R","B"],"character_chosen":"DEFECT","items_purchased":["Capacitor","Bottled Lightning"],"campfire_rested":5,"item_purchase_floors":[2,19],"current_hp_per_floor":[57,57,44,39,39,60,60,32,32,32,23,16,2,2,23,10,56,56,56,25,25,12,1,22,22,22,22,22,21,42,28,49,0],"gold":79,"neow_bonus":"BOSS_RELIC","is_prod":false,"is_daily":false,"chose_seed":false,"campfire_upgraded":1,"win_rate":0,"timestamp":1549669558,"path_taken":["M","$","M","?","?","R","M","E","T","?","M","M","M","?","R","BOSS","M","$","M","?","M","E","R","?","T","$","R","M","R","M","R","BOSS"],"build_version":"2019-01-23","purchased_purges":0,"victory":false,"max_hp_per_floor":[71,71,71,71,71,71,71,71,71,71,71,71,71,71,71,71,71,71,71,71,71,71,71,71,71,71,71,71,71,71,71,71,71],"card_choices":[{"not_picked":["Glacier","Self Repair"],"picked":"Doom and Gloom","floor":1.0},{"not_picked":["Steam","Coolheaded"],"picked":"Hello World","floor":3.0},{"not_picked":["Compile Driver","Cold Snap"],"picked":"Loop","floor":7.0},{"not_picked":["Reprogram","Hologram"],"picked":"Seek","floor":8.0},{"not_picked":["Stack","Barrage","Lockon"],"picked":"SKIP","floor":11.0},{"not_picked":["Stack","Barrage","Lockon"],"picked":"SKIP","floor":11.0},{"not_picked":["Barrage","Rebound","Aggregate"],"picked":"SKIP","floor":12.0},{"not_picked":["Redo","Hologram"],"picked":"White Noise","floor":13.0},{"not_picked":["Creative AI","Fission"],"picked":"Reboot","floor":16.0},{"not_picked":["Barrage","Conserve Battery"],"picked":"Redo","floor":18.0},{"not_picked":["Storm","Aggregate"],"picked":"Redo","floor":20.0},{"not_picked":["Coolheaded","Steam"],"picked":"Chill","floor":22.0},{"not_picked":["Beam Cell","Sunder","Machine Learning"],"picked":"SKIP","floor":23.0},{"not_picked":["Streamline+1","Rebound"],"picked":"Cold Snap","floor":29.0},{"not_picked":["Cold Snap","Stack","Hyperbeam"],"picked":"SKIP","floor":31.0}],"player_experience":635930,"relics_obtained":[{"floor":8.0,"key":"Peace Pipe"},{"floor":9.0,"key":"Ancient Tea Set"},{"floor":14.0,"key":"Symbiotic Virus"},{"floor":23.0,"key":"The Courier"},{"floor":26.0,"key":"Lantern"}],"event_choices":[{"damage_healed":0.0,"max_hp_gain":0.0,"max_hp_loss":0.0,"gold_gain":0.0,"event_name":"Scrap Ooze","player_choice":"Success","floor":4.0,"gold_loss":0.0,"damage_taken":5.0,"relics_obtained":["Centennial Puzzle"]},{"damage_healed":0.0,"max_hp_gain":0.0,"max_hp_loss":0.0,"gold_gain":0.0,"event_name":"Liars Game","player_choice":"Ignored","floor":5.0,"gold_loss":0.0,"damage_taken":0.0},{"damage_healed":0.0,"max_hp_gain":0.0,"max_hp_loss":0.0,"gold_gain":73.0,"event_name":"Golden Wing","player_choice":"Gained Gold","floor":10.0,"gold_loss":0.0,"damage_taken":0.0},{"damage_healed":0.0,"max_hp_gain":0.0,"max_hp_loss":0.0,"gold_gain":0.0,"event_name":"Masked Bandits","player_choice":"Paid Fearfully","floor":21.0,"gold_loss":59.0,"damage_taken":0.0},{"damage_healed":0.0,"max_hp_gain":0.0,"max_hp_loss":0.0,"gold_gain":0.0,"event_name":"Duplicator","player_choice":"Copied","floor":25.0,"gold_loss":0.0,"damage_taken":0.0,"cards_obtained":["Leap"]}],"is_beta":false,"boss_relics":[{"not_picked":["Runic Dome","Lizard Tail"],"picked":"Astrolabe"}],"items_purged_floors":[],"is_endless":false,"potions_floor_spawned":[1,3,13,22,23],"killed_by":"Collector","ascension_level":19}