{"gold_per_floor":[213,230,244,60,75,100,3,3,3,16,16,16,16,46,46,120,120,135,135,151,51,51],"floor_reached":22,"playtime":1094,"items_purged":["Strike_R","Strike_R"],"score":388,"play_id":"5eadb55a-06f5-41da-867c-730fba02410e","local_time":"20190907201038","is_ascension_mode":true,"campfire_choices":[{"data":"Rampage","floor":8.0,"key":"SMITH"},{"data":"True Grit","floor":11.0,"key":"SMITH"},{"data":"True Grit","floor":15.0,"key":"SMITH"}],"neow_cost":"NONE","seed_source_timestamp":246800626892200,"circlet_count":0,"master_deck":["AscendersBane","Strike_R","Strike_R","Strike_R","Defend_R","Defend_R","Defend_R","Defend_R","Bash","Headbutt","Power Through","Rampage+1","True Grit+1","Headbutt","Evolve","True Grit+1","Armaments","Regret","Offering"],"special_seed":0,"relics":["Burning Blood","Bird Faced Urn","Matryoshka","Darkstone Periapt","Calipers","Sozu"],"potions_floor_usage":[],"damage_taken":[{"damage":1.0,"enemies":"Cultist","floor":1.0,"turns":3.0},{"damage":2.0,"enemies":"2 Louse","floor":2.0,"turns":3.0},{"damage":0.0,"enemies":"Small Slimes","floor":3.0,"turns":4.0},{"damage":6.0,"enemies":"Exordium Wildlife","floor":5.0,"turns":4.0},{"damage":25.0,"enemies":"Lagavulin","floor":6.0,"turns":6.0},{"damage":12.0,"enemies":"Lots of Slimes","floor":10.0,"turns":4.0},{"damage":39.0,"enemies":"3 Sentries","floor":14.0,"turns":7.0},{"damage":65.0,"enemies":"The Guardian","floor":16.0,"turns":14.0},{"damage":15.0,"enemies":"Chosen","floor":18.0,"turns":5.0},{"damage":24.0,"enemies":"2 Thieves","floor":20.0,"turns":5.0},{"damage":47,"enemies":"Centurion and Healer","floor":22,"turns":8}],"seed_played":"7888085995568177018","potions_obtained":[{"floor":1.0,"key":"GamblersBrew"},{"floor":2.0,"key":"SmokeBomb"},{"floor":6.0,"key":"BloodPotion"},{"floor":10.0,"key":"BloodPotion"}],"is_trial":false,"path_per_floor":["M","M","M","$","M","E","$","R","T","M","R","?","?","E","R","B",null,"M","?","M","$","M"],"character_chosen":"IRONCLAD","items_purchased":["True Grit","SteroidPotion","Evolve","True Grit"],"campfire_rested":0,"item_purchase_floors":[4,4,7,7],"current_hp_per_floor":[73,75,75,75,75,56,56,56,56,50,50,50,56,25,25,8,63,56,56,40,40,0],"gold":51,"neow_bonus":"HUNDRED_GOLD","is_prod":false,"is_daily":false,"chose_seed":false,"campfire_upgraded":3,"win_rate":0,"timestamp":1567901438,"path_taken":["M","M","M","$","M","E","?","R","T","M","R","?","?","E","R","BOSS","M","?","?","$","M"],"build_version":"2019-07-17","purchased_purges":2,"victory":false,"max_hp_per_floor":[75,75,75,75,75,75,75,75,75,75,75,75,81,81,81,81,81,81,81,81,81,81],"card_choices":[{"not_picked":["Feel No Pain","Fire Breathing"],"picked":"Headbutt","floor":1.0},{"not_picked":["Iron Wave","Pommel Strike"],"picked":"Power Through","floor":2.0},{"not_picked":["Perfected Strike","Metallicize"],"picked":"Rampage","floor":3.0},{"not_picked":["Flame Barrier","Cleave"],"picked":"Headbutt","floor":5.0},{"not_picked":["Thunderclap","Iron Wave","Clothesline"],"picked":"SKIP","floor":6.0},{"not_picked":["Headbutt","Iron Wave"],"picked":"Armaments","floor":10.0},{"not_picked":["Cleave","Sever Soul","Evolve"],"picked":"SKIP","floor":14.0},{"not_picked":["Limit Break","Berserk"],"picked":"Offering","floor":16.0},{"not_picked":["Corruption","Pommel Strike","Body Slam"],"picked":"SKIP","floor":18.0},{"not_picked":["Heavy Blade","Wild Strike","Seeing Red"],"picked":"SKIP","floor":20.0}],"player_experience":786201,"relics_obtained":[{"floor":6.0,"key":"Bird Faced Urn"},{"floor":9.0,"key":"Matryoshka"},{"floor":14.0,"key":"Calipers"}],"event_choices":[{"damage_healed":0.0,"max_hp_gain":0.0,"max_hp_loss":0.0,"gold_gain":0.0,"event_name":"Liars Game","player_choice":"Ignored","floor":12.0,"gold_loss":0.0,"damage_taken":0.0},{"damage_healed":0.0,"max_hp_gain":0.0,"max_hp_loss":0.0,"gold_gain":0.0,"event_name":"Big Fish","player_choice":"Box","floor":13.0,"gold_loss":0.0,"damage_taken":0.0,"relics_obtained":["Darkstone Periapt"],"cards_obtained":["Regret"]},{"damage_healed":0.0,"max_hp_gain":0.0,"max_hp_loss":0.0,"gold_gain":0.0,"event_name":"N\u0027loth","player_choice":"Ignored","floor":19.0,"gold_loss":0.0,"damage_taken":0.0}],"is_beta":false,"boss_relics":[{"not_picked":["Runic Dome","Black Blood"],"picked":"Sozu"}],"items_purged_floors":[4,21],"is_endless":false,"potions_floor_spawned":[1,2,6,10,20],"killed_by":"Centurion and Healer","ascension_level":20}