{"gold_per_floor":[119,119,36,53,70,70,102,132,132,132,132,164,183,203,203,203],"floor_reached":16,"playtime":509,"items_purged":[],"score":220,"play_id":"59a49ed6-4cb2-46ab-a9b3-e8bb83ceaf51","local_time":"20190626204907","is_ascension_mode":true,"campfire_choices":[{"data":"Bash","floor":6,"key":"SMITH"},{"data":"Whirlwind","floor":11,"key":"SMITH"},{"data":"Perfected Strike","floor":15,"key":"SMITH"}],"neow_cost":"NONE","seed_source_timestamp":0,"circlet_count":0,"master_deck":["AscendersBane","Strike_R","Strike_R","Strike_R","Strike_R","Defend_R","Defend_R","Defend_R","Bash+1","Perfected Strike+1","Whirlwind+1","Perfected Strike","Fiend Fire","Spot Weakness+1","Sever Soul","Shrug It Off+1","Uppercut"],"special_seed":0,"relics":["Burning Blood","Toxic Egg 2","Odd Mushroom","Bag of Preparation","Ancient Tea Set"],"potions_floor_usage":[8,16,16,16],"damage_taken":[{"damage":2,"enemies":"2 Louse","floor":1,"turns":3},{"damage":0,"enemies":"Small Slimes","floor":4,"turns":2},{"damage":24,"enemies":"Jaw Worm","floor":5,"turns":4},{"damage":10,"enemies":"Gremlin Nob","floor":7,"turns":3},{"damage":5,"enemies":"The Mushroom Lair","floor":8,"turns":4},{"damage":30,"enemies":"3 Sentries","floor":12,"turns":4},{"damage":0,"enemies":"Lots of Slimes","floor":13,"turns":1},{"damage":13,"enemies":"Exordium Wildlife","floor":14,"turns":4},{"damage":36,"enemies":"The Guardian","floor":16,"turns":8}],"seed_played":"7001254626583338985","potions_obtained":[{"floor":4,"key":"Fire Potion"},{"floor":5,"key":"Fire Potion"},{"floor":13,"key":"EntropicBrew"}],"is_trial":false,"path_per_floor":["M","?","$","M","M","R","E","?","T","?","R","E","M","M","R","B"],"character_chosen":"IRONCLAD","items_purchased":["Whirlwind"],"campfire_rested":0,"item_purchase_floors":[3],"current_hp_per_floor":[79,72,72,78,60,60,56,57,57,57,57,33,39,32,32,0],"gold":203,"neow_bonus":"TEN_PERCENT_HP_BONUS","is_prod":false,"is_daily":false,"chose_seed":false,"campfire_upgraded":3,"win_rate":0,"timestamp":1561607347,"path_taken":["M","?","$","M","M","R","E","?","T","?","R","E","?","M","R","BOSS"],"build_version":"2019-01-23","purchased_purges":0,"victory":false,"max_hp_per_floor":[82,82,82,82,82,82,82,82,82,82,82,82,82,82,82,82],"card_choices":[{"not_picked":["Shrug It Off","Seeing Red"],"picked":"Perfected Strike","floor":1},{"not_picked":["True Grit","Wild Strike","Metallicize"],"picked":"SKIP","floor":4},{"not_picked":["Warcry","Intimidate"],"picked":"Perfected Strike","floor":5},{"not_picked":["Wild Strike","Body Slam"],"picked":"Fiend Fire","floor":7},{"not_picked":["Warcry+1","Rupture"],"picked":"Spot Weakness+1","floor":8},{"not_picked":["Infernal Blade+1","Clothesline","Twin Strike"],"picked":"SKIP","floor":12},{"not_picked":["Cleave","Spot Weakness+1"],"picked":"Shrug It Off+1","floor":13},{"not_picked":["Pummel","Thunderclap"],"picked":"Uppercut","floor":14}],"player_experience":639980,"relics_obtained":[{"floor":7,"key":"Toxic Egg 2"},{"floor":8,"key":"Odd Mushroom"},{"floor":9,"key":"Bag of Preparation"},{"floor":12,"key":"Ancient Tea Set"}],"event_choices":[{"cards_removed":["Defend_R"],"damage_healed":0,"gold_gain":0,"player_choice":"Card Removal","damage_taken":7,"max_hp_gain":0,"max_hp_loss":0,"event_name":"Golden Wing","floor":2,"gold_loss":0},{"damage_healed":0,"gold_gain":0,"player_choice":"Fought Mushrooms","damage_taken":0,"max_hp_gain":0,"max_hp_loss":0,"event_name":"Mushrooms","floor":8,"gold_loss":0},{"damage_healed":0,"gold_gain":0,"cards_transformed":["Strike_R"],"player_choice":"Transformed","damage_taken":0,"max_hp_gain":0,"max_hp_loss":0,"event_name":"Transmorgrifier","floor":10,"gold_loss":0,"cards_obtained":["Sever Soul"]}],"is_beta":false,"boss_relics":[],"items_purged_floors":[],"is_endless":false,"potions_floor_spawned":[4,5,7,13],"killed_by":"The Guardian","ascension_level":20}