{"gold_per_floor":[110,110,90,101,120,120,155,155,178,209,10,10,10,23,23,125,125,105,115,127,1,12,12,12,22,48,48,59,0,0,10,10,10],"floor_reached":33,"playtime":1656,"items_purged":["Strike_B"],"score":461,"play_id":"de3b5e8d-1a27-48e2-82f4-95f0362c8b2a","local_time":"20190826022204","is_ascension_mode":true,"campfire_choices":[{"data":"Zap","floor":6,"key":"SMITH"},{"data":"Undo","floor":8,"key":"SMITH"},{"data":"Defragment","floor":12,"key":"SMITH"},{"floor":15,"key":"REST"},{"data":"Defragment","floor":23,"key":"SMITH"},{"data":"Chaos","floor":27,"key":"SMITH"},{"floor":30,"key":"REST"},{"floor":32,"key":"REST"}],"neow_cost":"NONE","seed_source_timestamp":1754485092886761,"circlet_count":0,"master_deck":["AscendersBane","Strike_B","Strike_B","Strike_B","Defend_B","Defend_B","Defend_B","Defend_B","Zap+1","Dualcast","Ball Lightning","Undo+1","Genetic Algorithm","Consume","Leap","Chaos+1","Defragment+1","Coolheaded","Doom and Gloom","Leap","Seek","Cold Snap","Defragment+1","Stack","Hologram","Ball Lightning","Conserve Battery","Conserve Battery","Beam Cell"],"relics":["Cracked Core","Art of War","Potion Belt","Darkstone Periapt","Velvet Choker","Happy Flower"],"potions_floor_usage":[7,10,16,16,22,33,33],"damage_taken":[{"damage":9,"enemies":"Small Slimes","floor":1,"turns":3},{"damage":0,"enemies":"Cultist","floor":4,"turns":3},{"damage":0,"enemies":"Jaw Worm","floor":5,"turns":3},{"damage":38,"enemies":"Gremlin Nob","floor":7,"turns":4},{"damage":20,"enemies":"Lagavulin","floor":10,"turns":7},{"damage":8,"enemies":"Blue Slaver","floor":14,"turns":3},{"damage":0,"enemies":"Slime Boss","floor":16,"turns":7},{"damage":5,"enemies":"2 Thieves","floor":18,"turns":5},{"damage":8,"enemies":"Chosen","floor":19,"turns":5},{"damage":11,"enemies":"Snake Plant","floor":20,"turns":5},{"damage":24,"enemies":"3 Cultists","floor":22,"turns":5},{"damage":3,"enemies":"Centurion and Healer","floor":25,"turns":7},{"damage":2,"enemies":"Sentry and Sphere","floor":28,"turns":6},{"damage":32,"enemies":"Snake Plant","floor":31,"turns":4},{"damage":40,"enemies":"Collector","floor":33,"turns":10}],"seed_played":"2779058636391931259","potions_obtained":[{"floor":3,"key":"FocusPotion"},{"floor":7,"key":"Explosive Potion"},{"floor":10,"key":"Regen Potion"},{"floor":14,"key":"Fire Potion"},{"floor":19,"key":"Swift Potion"},{"floor":25,"key":"SteroidPotion"},{"floor":31,"key":"Dexterity Potion"}],"is_trial":false,"path_per_floor":["M","?","?","M","M","R","E","R","T","E","$","R","$","M","R","B",null,"M","M","M","$","M","R","$","M","T","R","M","?","R","M","R","B"],"character_chosen":"DEFECT","items_purchased":["Defragment","Coolheaded","Doom and Gloom","Hologram"],"campfire_rested":3,"item_purchase_floors":[11,11,11,21],"current_hp_per_floor":[59,75,75,75,75,75,37,37,37,17,17,17,17,9,31,46,68,63,55,44,44,20,20,20,17,17,17,15,15,37,5,27,0],"gold":10,"neow_bonus":"THREE_CARDS","is_prod":false,"is_daily":false,"chose_seed":false,"campfire_upgraded":5,"win_rate":0,"timestamp":1566804124,"path_taken":["M","?","?","M","M","R","E","R","T","E","$","R","$","M","R","BOSS","M","M","?","$","M","R","?","M","T","R","M","?","R","M","R","BOSS"],"build_version":"2019-07-17","purchased_purges":1,"victory":false,"max_hp_per_floor":[75,75,75,75,75,75,75,75,75,75,75,75,75,75,75,75,75,75,75,75,75,75,75,75,75,75,75,75,75,75,75,75,75],"card_choices":[{"not_picked":["Rebound","Stack"],"picked":"Ball Lightning","floor":0},{"not_picked":["Streamline","Sweeping Beam"],"picked":"Undo","floor":1},{"not_picked":["Stack","Barrage"],"picked":"Genetic Algorithm","floor":4},{"not_picked":["Cold Snap","Ball Lightning"],"picked":"Consume","floor":5},{"not_picked":["Cold Snap","Heatsinks"],"picked":"Leap","floor":7},{"not_picked":["Force Field","Reprogram"],"picked":"Chaos","floor":10},{"not_picked":["Creative AI","Go for the Eyes"],"picked":"Leap","floor":14},{"not_picked":["Meteor Strike","Hyperbeam"],"picked":"Seek","floor":16},{"not_picked":["Coolheaded","Streamline"],"picked":"Cold Snap","floor":18},{"not_picked":["Coolheaded","Go for the Eyes"],"picked":"Defragment","floor":19},{"not_picked":["Gash","Barrage"],"picked":"Stack","floor":20},{"not_picked":["Recycle","Machine Learning"],"picked":"Ball Lightning","floor":22},{"not_picked":["Sunder","Barrage"],"picked":"Conserve Battery","floor":25},{"not_picked":["Compile Driver","Leap"],"picked":"Conserve Battery","floor":28},{"not_picked":["Rebound","Chaos"],"picked":"Beam Cell","floor":31}],"player_experience":384894,"relics_obtained":[{"floor":7,"key":"Art of War"},{"floor":9,"key":"Potion Belt"},{"floor":10,"key":"Darkstone Periapt"},{"floor":26,"key":"Happy Flower"}],"event_choices":[{"damage_healed":25,"gold_gain":0,"player_choice":"Banana","damage_taken":0,"max_hp_gain":0,"max_hp_loss":0,"event_name":"Big Fish","floor":2,"gold_loss":0},{"damage_healed":0,"gold_gain":0,"player_choice":"Bought 1 Potion","damage_taken":0,"max_hp_gain":0,"max_hp_loss":0,"event_name":"The Woman in Blue","floor":3,"gold_loss":0},{"damage_healed":0,"gold_gain":0,"player_choice":"Paid Fearfully","damage_taken":0,"max_hp_gain":0,"max_hp_loss":0,"event_name":"Masked Bandits","floor":29,"gold_loss":59}],"is_beta":false,"boss_relics":[{"not_picked":["Black Star","Tiny House"],"picked":"Velvet Choker"}],"items_purged_floors":[21],"is_endless":false,"potions_floor_spawned":[7,10,14,19,25,31],"killed_by":"Collector","ascension_level":10}