{"gold_per_floor":[365,365,314,332,345,345,375,375,375,406,420,434,23,23,23,97,97,115,115,115,115,27,27,27,59,59,88,98,98,125,141,141,215,215,234,334,334,344,355,355,355],"floor_reached":41,"playtime":1603,"items_purged":[],"score":914,"play_id":"b414fd73-4d0f-4c29-8e09-59abf54216ea","local_time":"20190902013152","is_ascension_mode":true,"campfire_choices":[{"data":"Bash","floor":6.0,"key":"SMITH"},{"data":"Twin Strike","floor":8.0,"key":"SMITH"},{"floor":15.0,"key":"REST"},{"data":"Combust","floor":23.0,"key":"SMITH"},{"data":"Whirlwind","floor":29.0,"key":"SMITH"},{"data":"Dual Wield","floor":32.0,"key":"SMITH"},{"floor":40.0,"key":"REST"}],"neow_cost":"TEN_PERCENT_HP_LOSS","seed_source_timestamp":69226038801400,"circlet_count":0,"master_deck":["AscendersBane","Strike_R","Strike_R","Strike_R+1","Defend_R","Defend_R","Defend_R","Defend_R","Bash+1","Pommel Strike+1","Shockwave","Twin Strike+1","Anger","Combust+1","Impervious","Disarm","Juggernaut","Reaper","Disarm","Whirlwind+1","Thunderclap+1","Shrug It Off","Dual Wield+1","Demon Form","Battle Trance","True Grit+1","Armaments"],"special_seed":0,"relics":["Burning Blood","Magic Flower","Pantograph","Ice Cream","Question Card","Vajra","Bronze Scales","Mark of Pain","Pear","Regal Pillow","Kunai","Matryoshka","Strawberry","Runic Pyramid","Incense Burner"],"potions_floor_usage":[],"damage_taken":[{"damage":6.0,"enemies":"Cultist","floor":1.0,"turns":3.0},{"damage":2.0,"enemies":"Jaw Worm","floor":4.0,"turns":4.0},{"damage":3.0,"enemies":"2 Louse","floor":5.0,"turns":3.0},{"damage":52.0,"enemies":"3 Sentries","floor":7.0,"turns":10.0},{"damage":8.0,"enemies":"Gremlin Nob","floor":10.0,"turns":3.0},{"damage":18.0,"enemies":"Large Slime","floor":11.0,"turns":4.0},{"damage":9.0,"enemies":"Blue Slaver","floor":12.0,"turns":4.0},{"damage":25.0,"enemies":"Slime Boss","floor":16.0,"turns":7.0},{"damage":8.0,"enemies":"Spheric Guardian","floor":18.0,"turns":3.0},{"damage":13.0,"enemies":"Book of Stabbing","floor":25.0,"turns":5.0},{"damage":20.0,"enemies":"Gremlin Leader","floor":27.0,"turns":7.0},{"damage":28.0,"enemies":"Shell Parasite","floor":28.0,"turns":5.0},{"damage":40.0,"enemies":"Slavers","floor":30.0,"turns":5.0},{"damage":12.0,"enemies":"Snake Plant","floor":31.0,"turns":4.0},{"damage":93.0,"enemies":"Collector","floor":33.0,"turns":11.0},{"damage":72.0,"enemies":"3 Darklings","floor":35.0,"turns":6.0},{"damage":4.0,"enemies":"Mind Bloom Boss Battle","floor":36.0,"turns":6.0},{"damage":22.0,"enemies":"3 Shapes","floor":38.0,"turns":7.0},{"damage":89.0,"enemies":"Transient","floor":39.0,"turns":6.0},{"damage":43,"enemies":"Giant Head","floor":41,"turns":6}],"seed_played":"2903954730840621106","potions_obtained":[{"floor":7.0,"key":"GamblersBrew"},{"floor":11.0,"key":"Explosive Potion"},{"floor":18.0,"key":"Fire Potion"},{"floor":31.0,"key":"Ancient Potion"},{"floor":39.0,"key":"Fire Potion"}],"is_trial":false,"path_per_floor":["M","?","?","M","M","R","E","R","T","E","M","M","$","?","R","B",null,"M","?","?","T","$","R","$","E","T","E","M","R","E","M","R","B",null,"M","?","?","M","M","R","E"],"character_chosen":"IRONCLAD","items_purchased":["Combust","Vajra","Bronze Scales","Disarm"],"campfire_rested":2,"item_purchase_floors":[13,13,13,22],"current_hp_per_floor":[68,48,48,55,61,61,18,18,18,19,10,10,10,5,25,47,63,64,64,64,74,74,74,74,78,78,78,59,59,54,51,51,23,70,85,85,85,83,25,65,22],"gold":355,"neow_bonus":"TWO_FIFTY_GOLD","is_prod":false,"is_daily":false,"chose_seed":false,"campfire_upgraded":5,"win_rate":0,"timestamp":1567413112,"path_taken":["M","?","?","M","M","R","E","R","T","E","M","?","$","?","R","BOSS","M","?","?","?","?","R","$","E","T","E","M","R","E","M","R","BOSS","M","?","?","M","M","R","E"],"build_version":"2019-07-17","purchased_purges":0,"victory":false,"max_hp_per_floor":[68,68,68,68,68,68,68,68,68,68,68,68,68,68,68,68,68,68,68,68,78,78,78,78,78,78,78,78,78,85,85,85,85,85,85,85,85,85,85,85,85],"card_choices":[{"not_picked":["Heavy Blade","Wild Strike"],"picked":"Pommel Strike","floor":1.0},{"not_picked":["Body Slam","Clash","Havoc"],"picked":"SKIP","floor":4.0},{"not_picked":["Shrug It Off","Iron Wave"],"picked":"Shockwave","floor":5.0},{"not_picked":["Entrench","Berserk"],"picked":"Twin Strike","floor":7.0},{"not_picked":["Rampage","Hemokinesis","Clash"],"picked":"SKIP","floor":10.0},{"not_picked":["Wild Strike","Twin Strike","Body Slam","Ghostly Armor"],"picked":"SKIP","floor":11.0},{"not_picked":["Perfected Strike","Clothesline","Body Slam"],"picked":"Anger","floor":12.0},{"not_picked":["Barricade","Bludgeon","Fiend Fire"],"picked":"Impervious","floor":16.0},{"not_picked":["Carnage","Fire Breathing","Anger","Clash"],"picked":"SKIP","floor":18.0},{"not_picked":["Pommel Strike","Inflame","Clothesline"],"picked":"Whirlwind","floor":25.0},{"not_picked":["Armaments","Heavy Blade","Metallicize","Thunderclap+1"],"picked":"SKIP","floor":27.0},{"not_picked":["Armaments","Heavy Blade","Metallicize"],"picked":"Thunderclap+1","floor":27.0},{"not_picked":["Cleave","Reckless Charge","Berserk"],"picked":"Shrug It Off","floor":28.0},{"not_picked":["Anger","Iron Wave","Twin Strike","Body Slam"],"picked":"SKIP","floor":30.0},{"not_picked":["Corruption+1","Thunderclap","Havoc"],"picked":"Dual Wield","floor":31.0},{"not_picked":["Double Tap","Brutality","Juggernaut"],"picked":"Demon Form","floor":33.0},{"not_picked":["Rupture","Perfected Strike+1","Warcry+1"],"picked":"Battle Trance","floor":35.0},{"not_picked":["Cleave","Wild Strike","Shrug It Off+1"],"picked":"True Grit+1","floor":36.0},{"not_picked":["Bloodletting","Clothesline","Anger"],"picked":"Armaments","floor":38.0},{"not_picked":["Headbutt","Pummel","Rupture","Uppercut+1"],"picked":"SKIP","floor":39.0}],"player_experience":833334,"relics_obtained":[{"floor":7.0,"key":"Pantograph"},{"floor":9.0,"key":"Ice Cream"},{"floor":10.0,"key":"Question Card"},{"floor":21.0,"key":"Pear"},{"floor":25.0,"key":"Regal Pillow"},{"floor":26.0,"key":"Kunai"},{"floor":27.0,"key":"Matryoshka"},{"floor":30.0,"key":"Strawberry"},{"floor":36.0,"key":"Incense Burner"}],"event_choices":[{"damage_healed":0.0,"max_hp_gain":0.0,"max_hp_loss":0.0,"gold_gain":0.0,"event_name":"Shining Light","player_choice":"Entered Light","floor":2.0,"gold_loss":0.0,"damage_taken":20.0,"cards_upgraded":["Pommel Strike","Strike_R"]},{"damage_healed":0.0,"max_hp_gain":0.0,"max_hp_loss":0.0,"gold_gain":0.0,"event_name":"WeMeetAgain","player_choice":"Paid Gold","floor":3.0,"gold_loss":51.0,"damage_taken":0.0,"relics_obtained":["Magic Flower"]},{"damage_healed":0.0,"max_hp_gain":0.0,"max_hp_loss":0.0,"gold_gain":0.0,"event_name":"Scrap Ooze","player_choice":"Fled","floor":14.0,"gold_loss":0.0,"damage_taken":5.0},{"damage_healed":0.0,"max_hp_gain":0.0,"max_hp_loss":0.0,"gold_gain":0.0,"event_name":"The Library","player_choice":"Read","floor":19.0,"gold_loss":0.0,"damage_taken":0.0,"cards_obtained":["Disarm"]},{"damage_healed":0.0,"max_hp_gain":0.0,"max_hp_loss":0.0,"gold_gain":0.0,"cards_transformed":["Strike_R","Strike_R"],"event_name":"Drug Dealer","player_choice":"Became Test Subject","floor":20.0,"gold_loss":0.0,"damage_taken":0.0,"cards_obtained":["Juggernaut","Reaper"]},{"damage_healed":0.0,"max_hp_gain":0.0,"max_hp_loss":0.0,"gold_gain":0.0,"event_name":"MindBloom","player_choice":"Fight","floor":36.0,"gold_loss":0.0,"damage_taken":0.0},{"damage_healed":0.0,"max_hp_gain":0.0,"max_hp_loss":0.0,"gold_gain":0.0,"event_name":"Tomb of Lord Red Mask","player_choice":"Ignored","floor":37.0,"gold_loss":0.0,"damage_taken":0.0}],"is_beta":false,"boss_relics":[{"not_picked":["Tiny House","Busted Crown"],"picked":"Mark of Pain"},{"not_picked":["Sozu","Pandora\u0027s Box"],"picked":"Runic Pyramid"}],"items_purged_floors":[],"is_endless":false,"potions_floor_spawned":[7,11,12,16,18,25,31,39],"killed_by":"Giant Head","ascension_level":20}