{"gold_per_floor":[113,31,44,219,233,233,5,5,5,5,15,15,15,30,30,126,126,138,152,168,13,24,24,24,24,24,43,76,76,76,92,92,192,192,207,227,227,227,29,54,70,82,82,96,96,123,123,123,123,123],"floor_reached":51,"playtime":3406,"items_purged":["Doubt"],"score":1082,"play_id":"4701d60b-beee-4555-8f33-615b2df60e28","local_time":"20190819201436","is_ascension_mode":true,"campfire_choices":[{"data":"Sunder","floor":6.0,"key":"SMITH"},{"data":"Redo","floor":8.0,"key":"SMITH"},{"data":"Zap","floor":10.0,"key":"SMITH"},{"data":"Buffer","floor":12.0,"key":"SMITH"},{"data":"Leap","floor":15.0,"key":"SMITH"},{"data":"Reinforced Body","floor":23.0,"key":"SMITH"},{"data":"Hologram","floor":30.0,"key":"SMITH"},{"floor":32.0,"key":"REST"},{"data":"Undo","floor":45,"key":"SMITH"},{"floor":49,"key":"REST"}],"neow_cost":"NONE","seed_source_timestamp":0,"circlet_count":0,"master_deck":["Strike_B","Strike_B","Defend_B","Defend_B","Zap+1","Dualcast+1","Rip and Tear","Sunder+1","Hologram+1","Glacier+1","Redo+1","Self Repair","Auto Shields","Buffer+1","Leap+1","Echo Form","Cold Snap+1","Reinforced Body+1","Blizzard+1","Double Energy+1","Ball Lightning","Skim","Defragment+1","Barrage+1","Glacier","Echo Form","Defragment+1","Panacea","Buffer+1","Conserve Battery","Parasite","Sunder+1","Undo+1","Madness","Madness"],"special_seed":0,"relics":["Cracked Core","Matryoshka","Snecko Eye","War Paint","Oddly Smooth Stone","Orichalcum","Peace Pipe","Inserter","DollysMirror","Mango","Juzu Bracelet","Meat on the Bone","Regal Pillow"],"potions_floor_usage":[42,42],"damage_taken":[{"damage":0.0,"enemies":"Small Slimes","floor":1.0,"turns":2.0},{"damage":0.0,"enemies":"2 Louse","floor":3.0,"turns":1.0},{"damage":0.0,"enemies":"Cultist","floor":5.0,"turns":3.0},{"damage":9.0,"enemies":"3 Louse","floor":11.0,"turns":3.0},{"damage":0.0,"enemies":"Large Slime","floor":14.0,"turns":6.0},{"damage":12.0,"enemies":"Slime Boss","floor":16.0,"turns":11.0},{"damage":0.0,"enemies":"Spheric Guardian","floor":18.0,"turns":1.0},{"damage":10.0,"enemies":"3 Byrds","floor":19.0,"turns":4.0},{"damage":8.0,"enemies":"Snake Plant","floor":20.0,"turns":5.0},{"damage":22.0,"enemies":"Centurion and Healer","floor":22.0,"turns":7.0},{"damage":10.0,"enemies":"Shelled Parasite and Fungi","floor":27.0,"turns":5.0},{"damage":23.0,"enemies":"Book of Stabbing","floor":28.0,"turns":6.0},{"damage":11.0,"enemies":"Colosseum Slavers","floor":29.0,"turns":5.0},{"damage":2.0,"enemies":"Snake Plant","floor":31.0,"turns":8.0},{"damage":0.0,"enemies":"Champ","floor":33.0,"turns":14.0},{"damage":0.0,"enemies":"Orb Walker","floor":35.0,"turns":5.0},{"damage":15.0,"enemies":"3 Darklings","floor":36.0,"turns":5.0},{"damage":7.0,"enemies":"Giant Head","floor":40.0,"turns":8.0},{"damage":10,"enemies":"Writhing Mass","floor":41,"turns":5},{"damage":5,"enemies":"Sphere and 2 Shapes","floor":42,"turns":5},{"damage":0,"enemies":"Spire Growth","floor":44,"turns":6},{"damage":19,"enemies":"Donu and Deca","floor":50,"turns":12}],"seed_played":"1625133788359410038","potions_obtained":[{"floor":11.0,"key":"FearPotion"},{"floor":14.0,"key":"SkillPotion"},{"floor":16.0,"key":"Strength Potion"},{"floor":18.0,"key":"PowerPotion"},{"floor":20.0,"key":"Poison Potion"},{"floor":33.0,"key":"SkillPotion"},{"floor":35.0,"key":"Fire Potion"},{"floor":36.0,"key":"Energy Potion"}],"is_trial":false,"path_per_floor":["M","$","M","?","M","R","$","R","T","R","M","R","?","M","R","B",null,"M","M","M","$","M","R","?","?","T","M","E","?","R","M","R","B",null,"M","M","?","?","$","E","M","M","T","M","R","T","?","?","R","B",null],"character_chosen":"DEFECT","items_purchased":["Sunder","Hologram","Self Repair","Auto Shields","War Paint","DollysMirror"],"campfire_rested":2,"item_purchase_floors":[2,2,7,7,21,39],"current_hp_per_floor":[68,68,68,68,68,68,68,68,68,68,66,66,66,73,73,61,72,72,62,68,68,53,53,53,53,53,50,34,30,30,35,57,71,74,74,59,59,59,59,73,63,58,58,65,65,65,65,54,89,77],"gold":123,"neow_bonus":"TRANSFORM_CARD","is_prod":false,"is_daily":false,"chose_seed":false,"campfire_upgraded":8,"win_rate":0,"timestamp":1566263676,"path_taken":["M","$","M","?","M","R","$","R","T","R","M","R","?","M","R","BOSS","M","?","M","$","M","R","?","?","T","M","E","?","R","M","R","BOSS","M","M","?","?","$","E","M","M","T","M","R","?","?","?","R","BOSS"],"build_version":"2019-07-17","purchased_purges":1,"victory":true,"max_hp_per_floor":[75,75,75,75,75,75,75,75,75,75,75,75,75,75,75,75,75,75,75,75,75,75,75,75,75,75,75,75,75,75,75,75,75,75,75,75,75,75,75,89,89,89,89,89,89,89,89,89,89,89],"card_choices":[{"not_picked":["Gash","Coolheaded"],"picked":"Cold Snap","floor":1.0},{"not_picked":["Blizzard","Steam"],"picked":"Glacier","floor":3.0},{"not_picked":["Sunder","Steam Power"],"picked":"Redo","floor":5.0},{"not_picked":["Sweeping Beam","Beam Cell"],"picked":"Buffer","floor":11.0},{"not_picked":["Rebound","Gash"],"picked":"Leap","floor":14.0},{"not_picked":["Hyperbeam","Multi-Cast"],"picked":"Echo Form","floor":16.0},{"not_picked":["Steam Power","Go for the Eyes"],"picked":"Cold Snap+1","floor":18.0},{"not_picked":["Compile Driver","Steam"],"picked":"Reinforced Body","floor":19.0},{"not_picked":["Auto Shields","Rebound"],"picked":"Blizzard+1","floor":20.0},{"not_picked":["Barrage","Leap"],"picked":"Double Energy+1","floor":22.0},{"not_picked":["Consume","Streamline+1"],"picked":"Defragment+1","floor":27.0},{"not_picked":["Auto Shields","Skim+1"],"picked":"Barrage+1","floor":28.0},{"not_picked":["Cold Snap+1","Auto Shields+1"],"picked":"Glacier","floor":31.0},{"not_picked":["Hyperbeam","All For One"],"picked":"Echo Form","floor":33.0},{"not_picked":["Hello World","Hologram+1"],"picked":"Defragment+1","floor":35.0},{"not_picked":["Go for the Eyes","Reprogram+1","Reinforced Body"],"picked":"SKIP","floor":36.0},{"not_picked":["Chrysalis","Magnetism"],"picked":"Panacea","floor":38.0},{"not_picked":["Go for the Eyes","Rip and Tear+1"],"picked":"Conserve Battery","floor":40.0},{"not_picked":["Doom and Gloom","Gash","Darkness+1"],"picked":"SKIP","floor":41},{"not_picked":["Beam Cell","Melter+1"],"picked":"Sunder+1","floor":42},{"not_picked":["Beam Cell","Steam+1"],"picked":"Undo","floor":44}],"player_experience":345415,"relics_obtained":[{"floor":9.0,"key":"Matryoshka"},{"floor":26.0,"key":"Oddly Smooth Stone"},{"floor":26.0,"key":"Orichalcum"},{"floor":28.0,"key":"Peace Pipe"},{"floor":40.0,"key":"Mango"},{"floor":43,"key":"Juzu Bracelet"},{"floor":43,"key":"Meat on the Bone"},{"floor":46,"key":"Regal Pillow"}],"event_choices":[{"damage_healed":0.0,"max_hp_gain":0.0,"max_hp_loss":0.0,"gold_gain":175.0,"event_name":"Liars Game","player_choice":"AGREE","floor":4.0,"gold_loss":0.0,"damage_taken":0.0,"cards_obtained":["Doubt"]},{"cards_removed":["Defend_B"],"damage_healed":0.0,"max_hp_gain":0.0,"max_hp_loss":0.0,"gold_gain":0.0,"event_name":"Purifier","player_choice":"Purged","floor":13.0,"gold_loss":0.0,"damage_taken":0.0},{"damage_healed":0.0,"max_hp_gain":0.0,"max_hp_loss":0.0,"gold_gain":0.0,"cards_transformed":["Strike_B","Defend_B"],"event_name":"Drug Dealer","player_choice":"Became Test Subject","floor":25.0,"gold_loss":0.0,"damage_taken":0.0,"cards_obtained":["Ball Lightning","Skim"]},{"damage_healed":0.0,"max_hp_gain":0.0,"max_hp_loss":0.0,"gold_gain":0.0,"event_name":"Colosseum","player_choice":"Fight","floor":29.0,"gold_loss":0.0,"damage_taken":0.0},{"damage_healed":0.0,"max_hp_gain":0.0,"max_hp_loss":0.0,"gold_gain":0.0,"event_name":"Colosseum","player_choice":"Fled From Nobs","floor":29.0,"gold_loss":0.0,"damage_taken":0.0},{"damage_healed":0.0,"max_hp_gain":0.0,"max_hp_loss":0.0,"gold_gain":0.0,"event_name":"Tomb of Lord Red Mask","player_choice":"Ignored","floor":37.0,"gold_loss":0.0,"damage_taken":0.0},{"damage_healed":0.0,"max_hp_gain":0.0,"max_hp_loss":0.0,"gold_gain":0.0,"event_name":"SensoryStone","player_choice":"Memory 1","floor":38.0,"gold_loss":0.0,"damage_taken":0.0},{"cards_removed":["Cold Snap"],"damage_healed":0,"gold_gain":0,"player_choice":"Removed Attack","damage_taken":0,"max_hp_gain":0,"max_hp_loss":0,"event_name":"Falling","floor":47,"gold_loss":0},{"damage_healed":0,"gold_gain":0,"player_choice":"Embrace Madness","damage_taken":11,"max_hp_gain":0,"max_hp_loss":0,"event_name":"Winding Halls","floor":48,"gold_loss":0,"cards_obtained":["Madness","Madness"]}],"is_beta":false,"boss_relics":[{"not_picked":["Calling Bell","Lizard Tail"],"picked":"Snecko Eye"},{"not_picked":["Orrery","Eternal Feather"],"picked":"Inserter"}],"items_purged_floors":[7],"is_endless":false,"potions_floor_spawned":[11,14,16,18,20,33,35,36],"ascension_level":9}