{"gold_per_floor":[217,217,37,37,112,167,167,197,246,272,46,60,94,109,109,214,214,139,139,139,139,139,139,139,139,139,139,139,64,64,64,64,64,64,64,64,64,64,64,64,14,14,14,14,14,14,14,14,14,14],"floor_reached":51,"playtime":9689,"items_purged":["Strike_B","Defend_B"],"score":855,"play_id":"cac4f18b-bd9f-4744-b0d6-65e966355f84","local_time":"20190910014359","is_ascension_mode":true,"campfire_choices":[{"floor":7.0,"key":"REST"},{"data":"Defragment","floor":15.0,"key":"SMITH"},{"data":"Fission","floor":24.0,"key":"SMITH"},{"data":"Loop","floor":32.0,"key":"SMITH"},{"data":"Coolheaded","floor":40.0,"key":"SMITH"},{"data":"Static Discharge","floor":49,"key":"SMITH"}],"neow_cost":"NONE","seed_source_timestamp":0,"circlet_count":0,"master_deck":["Strike_B","Defend_B+1","Defend_B+1","Zap+1","Dualcast+1","Reinforced Body","Coolheaded+1","Rebound","Fission+1","Defragment+1","BootSequence","Loop+1","White Noise","Cold Snap","All For One","Conserve Battery","Core Surge","Hyperbeam","Defragment+1","Static Discharge+1","Go for the Eyes","Self Repair","Double Energy+1","Core Surge","Compile Driver+1","Hologram+1","Undo+1","Barrage+1","Melter+1","Chaos+1","Blind","Trip","Skim"],"special_seed":0,"relics":["Cracked Core","Centennial Puzzle","Mummified Hand","Tiny Chest","Dream Catcher","Orichalcum","Strawberry","War Paint","Ectoplasm","Shuriken","Omamori","Anchor","Sundial","Smiling Mask","Juzu Bracelet","Sozu","Nunchaku","Calipers","Regal Pillow","Blood Vial"],"potions_floor_usage":[],"damage_taken":[{"damage":2.0,"enemies":"2 Louse","floor":1.0,"turns":2.0},{"damage":11.0,"enemies":"3 Sentries","floor":6.0,"turns":12.0},{"damage":4.0,"enemies":"Gremlin Nob","floor":8.0,"turns":4.0},{"damage":0.0,"enemies":"Jaw Worm","floor":12.0,"turns":3.0},{"damage":8.0,"enemies":"3 Sentries","floor":13.0,"turns":7.0},{"damage":4.0,"enemies":"Cultist","floor":14.0,"turns":4.0},{"damage":0.0,"enemies":"The Guardian","floor":16.0,"turns":14.0},{"damage":6.0,"enemies":"2 Thieves","floor":18.0,"turns":4.0},{"damage":15.0,"enemies":"Slavers","floor":23.0,"turns":4.0},{"damage":0.0,"enemies":"Shell Parasite","floor":25.0,"turns":3.0},{"damage":0.0,"enemies":"Gremlin Leader","floor":30.0,"turns":6.0},{"damage":1.0,"enemies":"Chosen and Byrds","floor":31.0,"turns":6.0},{"damage":20.0,"enemies":"Collector","floor":33.0,"turns":9.0},{"damage":0.0,"enemies":"3 Shapes","floor":35.0,"turns":5.0},{"damage":21.0,"enemies":"Mind Bloom Boss Battle","floor":37.0,"turns":6.0},{"damage":1.0,"enemies":"Orb Walker","floor":38.0,"turns":3.0},{"damage":11.0,"enemies":"2 Orb Walkers","floor":39.0,"turns":5.0},{"damage":23.0,"enemies":"4 Shapes","floor":42.0,"turns":9.0},{"damage":3.0,"enemies":"Writhing Mass","floor":44.0,"turns":4.0},{"damage":0,"enemies":"Spire Growth","floor":46,"turns":4},{"damage":13,"enemies":"Time Eater","floor":50,"turns":10}],"seed_played":"9056363675940210037","potions_obtained":[{"floor":6.0,"key":"FearPotion"},{"floor":8.0,"key":"Block Potion"},{"floor":16.0,"key":"Weak Potion"},{"floor":18.0,"key":"EssenceOfSteel"},{"floor":23.0,"key":"SneckoOil"},{"floor":30.0,"key":"FearPotion"},{"floor":31.0,"key":"SteroidPotion"},{"floor":33.0,"key":"SkillPotion"}],"is_trial":false,"path_per_floor":["M","?","$","?","?","E","R","E","T","T","$","M","E","M","R","B",null,"M","?","T","?","?","E","R","M","T","T","?","?","E","M","R","B",null,"M","?","?","M","?","R","$","M","T","M","?","M","T","?","R","B",null],"character_chosen":"DEFECT","items_purchased":["Centennial Puzzle","Coolheaded","Defragment","BootSequence"],"campfire_rested":1,"item_purchase_floors":[3,3,11,11],"current_hp_per_floor":[73,58,58,55,44,33,55,51,51,58,58,58,50,46,46,46,82,76,76,76,76,76,61,61,61,61,61,61,61,61,67,67,54,82,82,82,68,74,70,70,70,54,54,58,53,60,60,81,81,69],"gold":14,"neow_bonus":"HUNDRED_GOLD","is_prod":false,"is_daily":false,"chose_seed":false,"campfire_upgraded":5,"win_rate":0,"timestamp":1568069039,"path_taken":["M","?","$","?","?","E","R","E","T","?","$","M","E","?","R","BOSS","M","?","?","?","?","E","R","?","T","?","?","?","E","M","R","BOSS","M","?","?","M","?","R","?","M","T","M","?","M","?","?","R","BOSS"],"build_version":"2019-07-17","purchased_purges":2,"victory":true,"max_hp_per_floor":[75,75,75,75,75,75,75,75,75,82,82,82,82,82,82,82,82,82,82,82,82,82,82,82,82,82,82,82,82,82,82,82,82,82,82,82,82,82,82,82,82,82,82,82,82,82,82,82,82,82],"card_choices":[{"not_picked":["Stack","Ball Lightning"],"picked":"Reinforced Body","floor":1.0},{"not_picked":["Compile Driver","Force Field"],"picked":"Rebound","floor":6.0},{"not_picked":["Gash","Force Field"],"picked":"Fission","floor":8.0},{"not_picked":["Beam Cell","Go for the Eyes"],"picked":"Loop","floor":12.0},{"not_picked":["Sunder","Beam Cell"],"picked":"White Noise","floor":13.0},{"not_picked":["Ball Lightning","Stack"],"picked":"Cold Snap","floor":14.0},{"not_picked":["Thunder Strike","Reboot"],"picked":"All For One","floor":16.0},{"not_picked":["Rebound","Blizzard"],"picked":"Conserve Battery","floor":18.0},{"not_picked":["Sunder","Tempest"],"picked":"Static Discharge","floor":23.0},{"not_picked":["Redo","Aggregate"],"picked":"Go for the Eyes","floor":25.0},{"not_picked":["Consume","Compile Driver"],"picked":"Self Repair","floor":30.0},{"not_picked":["Sweeping Beam+1","Coolheaded+1"],"picked":"Double Energy+1","floor":31.0},{"not_picked":["Amplify","Multi-Cast"],"picked":"Core Surge","floor":33.0},{"not_picked":["Gash","Stack+1"],"picked":"Compile Driver+1","floor":35.0},{"not_picked":["Conserve Battery+1","Turbo+1"],"picked":"Hologram+1","floor":37.0},{"not_picked":["Coolheaded","Go for the Eyes+1"],"picked":"Undo+1","floor":38.0},{"not_picked":["Turbo","Reboot"],"picked":"Barrage+1","floor":39.0},{"not_picked":["Tempest+1","Gash"],"picked":"Melter+1","floor":42.0},{"not_picked":["Steam+1","Gash"],"picked":"Chaos+1","floor":44.0},{"not_picked":["Impatience","Transmutation"],"picked":"Blind","floor":45},{"not_picked":["Panacea","Mind Blast"],"picked":"Trip","floor":45},{"not_picked":["Stack+1","Compile Driver"],"picked":"Skim","floor":46}],"player_experience":224296,"relics_obtained":[{"floor":6.0,"key":"Tiny Chest"},{"floor":8.0,"key":"Dream Catcher"},{"floor":9.0,"key":"Orichalcum"},{"floor":10.0,"key":"Strawberry"},{"floor":13.0,"key":"War Paint"},{"floor":20.0,"key":"Shuriken"},{"floor":23.0,"key":"Omamori"},{"floor":26.0,"key":"Anchor"},{"floor":27.0,"key":"Sundial"},{"floor":30.0,"key":"Juzu Bracelet"},{"floor":37.0,"key":"Nunchaku"},{"floor":39.0,"key":"Calipers"},{"floor":43.0,"key":"Regal Pillow"},{"floor":47,"key":"Blood Vial"}],"event_choices":[{"damage_healed":0.0,"max_hp_gain":0.0,"max_hp_loss":0.0,"gold_gain":0.0,"event_name":"Shining Light","player_choice":"Entered Light","floor":2.0,"gold_loss":0.0,"damage_taken":15.0,"cards_upgraded":["Zap","Defend_B"]},{"damage_healed":0.0,"max_hp_gain":0.0,"max_hp_loss":0.0,"gold_gain":0.0,"event_name":"Scrap Ooze","player_choice":"Success","floor":4.0,"gold_loss":0.0,"damage_taken":3.0,"relics_obtained":["Mummified Hand"]},{"damage_healed":0.0,"max_hp_gain":0.0,"max_hp_loss":0.0,"gold_gain":75.0,"event_name":"World of Goop","player_choice":"Gather Gold","floor":5.0,"gold_loss":0.0,"damage_taken":11.0},{"damage_healed":0.0,"max_hp_gain":0.0,"max_hp_loss":0.0,"gold_gain":0.0,"event_name":"Vampires","player_choice":"Ignored","floor":19.0,"gold_loss":0.0,"damage_taken":0.0},{"damage_healed":0.0,"max_hp_gain":0.0,"max_hp_loss":0.0,"gold_gain":0.0,"cards_transformed":["Defend_B","Strike_B"],"event_name":"Drug Dealer","player_choice":"Became Test Subject","floor":21.0,"gold_loss":0.0,"damage_taken":0.0,"cards_obtained":["Core Surge","Hyperbeam"]},{"damage_healed":0.0,"max_hp_gain":0.0,"max_hp_loss":0.0,"gold_gain":0.0,"event_name":"Duplicator","player_choice":"Copied","floor":22.0,"gold_loss":0.0,"damage_taken":0.0,"cards_obtained":["Defragment"]},{"damage_healed":0.0,"max_hp_gain":0.0,"max_hp_loss":0.0,"gold_gain":0.0,"event_name":"Addict","player_choice":"Stole Relic","floor":28.0,"gold_loss":0.0,"damage_taken":0.0,"relics_obtained":["Smiling Mask"],"cards_obtained":["Shame"]},{"cards_removed":["Strike_B"],"damage_healed":0.0,"max_hp_gain":0.0,"max_hp_loss":0.0,"gold_gain":0.0,"event_name":"Beggar","player_choice":"Gave Gold","floor":29.0,"gold_loss":75.0,"damage_taken":0.0},{"damage_healed":0.0,"max_hp_gain":0.0,"max_hp_loss":0.0,"gold_gain":0.0,"event_name":"Lab","player_choice":"Got Potions","floor":36.0,"gold_loss":0.0,"damage_taken":0.0},{"damage_healed":0.0,"max_hp_gain":0.0,"max_hp_loss":0.0,"gold_gain":0.0,"event_name":"MindBloom","player_choice":"Fight","floor":37.0,"gold_loss":0.0,"damage_taken":0.0},{"damage_healed":0.0,"max_hp_gain":0.0,"max_hp_loss":0.0,"gold_gain":0.0,"event_name":"Mysterious Sphere","player_choice":"Fight","floor":39.0,"gold_loss":0.0,"damage_taken":0.0},{"damage_healed":0,"gold_gain":0,"player_choice":"Memory 2","damage_taken":5,"max_hp_gain":0,"max_hp_loss":0,"event_name":"SensoryStone","floor":45,"gold_loss":0},{"damage_healed":21,"gold_gain":0,"player_choice":"Writhe","damage_taken":0,"max_hp_gain":0,"max_hp_loss":0,"event_name":"Winding Halls","floor":48,"gold_loss":0,"cards_obtained":["Writhe"]}],"is_beta":false,"boss_relics":[{"not_picked":["Velvet Choker","FrozenCore"],"picked":"Ectoplasm"},{"not_picked":["Black Star","Busted Crown"],"picked":"Sozu"}],"items_purged_floors":[11,41],"is_endless":false,"potions_floor_spawned":[6,8,16,18,23,30,31,33,35,38,46],"ascension_level":3}