{"gold_per_floor":[117,134,209,209,220,245,245,263,289,324,324,339,140,159,159,258,258,272,288,288,203,203,203,219,219,219,230,244,258,66,0,0,98,98,109,209,209,209,226,226,238,255,255,267,279,291,313,107,107,107,107,107,7,35,35],"floor_reached":55,"playtime":4541,"items_purged":["Writhe","Parasite"],"score":692,"play_id":"747dcda7-0f63-40b5-92d8-8c35d47ad1a1","local_time":"20190831152103","is_ascension_mode":true,"campfire_choices":[{"floor":7.0,"key":"REST"},{"floor":15.0,"key":"RECALL"},{"data":"Biased Cognition","floor":23,"key":"SMITH"},{"data":"Glacier","floor":25,"key":"SMITH"},{"data":"Coolheaded","floor":32,"key":"SMITH"},{"data":"Loop","floor":40,"key":"SMITH"},{"data":"Skim","floor":45,"key":"SMITH"},{"data":"Auto Shields","floor":49,"key":"SMITH"},{"data":"Heatsinks","floor":52,"key":"SMITH"}],"neow_cost":"NONE","seed_source_timestamp":73595985438500,"circlet_count":0,"master_deck":["Strike_B","Strike_B","Strike_B","Defend_B","Defend_B","Defend_B","Zap","Dualcast","Hologram","Sunder","Glacier+1","Gash","Coolheaded+1","Cold Snap","Heatsinks+1","Gash","Biased Cognition+1","Reinforced Body","Double Energy+1","Steam Power","FTL","Loop+1","Lockon+1","Hologram","Blizzard+1","Echo Form","Sweeping Beam+1","Compile Driver","Skim+1","Steam+1","Auto Shields+1","Storm"],"special_seed":0,"relics":["Cracked Core","NeowsBlessing","Pen Nib","Boot","WingedGreaves","TheAbacus","Coffee Dripper","Art of War","Gremlin Horn","OrangePellets","Busted Crown","Bird Faced Urn","MawBank","Potion Belt","Sundial"],"potions_floor_usage":[27,28,33,55,55,55],"damage_taken":[{"damage":0.0,"enemies":"Cultist","floor":1.0,"turns":1.0},{"damage":0.0,"enemies":"Small Slimes","floor":2.0,"turns":1.0},{"damage":0.0,"enemies":"Jaw Worm","floor":5.0,"turns":1.0},{"damage":14.0,"enemies":"3 Sentries","floor":6.0,"turns":8.0},{"damage":0.0,"enemies":"Blue Slaver","floor":8.0,"turns":4.0},{"damage":18.0,"enemies":"Lagavulin","floor":10.0,"turns":8.0},{"damage":0.0,"enemies":"2 Fungi Beasts","floor":12.0,"turns":2.0},{"damage":0.0,"enemies":"Looter","floor":14.0,"turns":1.0},{"damage":26.0,"enemies":"Hexaghost","floor":16.0,"turns":10.0},{"damage":1.0,"enemies":"Shell Parasite","floor":18.0,"turns":4.0},{"damage":7.0,"enemies":"3 Byrds","floor":19.0,"turns":4.0},{"damage":16,"enemies":"Centurion and Healer","floor":24,"turns":9},{"damage":7,"enemies":"Snecko","floor":27,"turns":4},{"damage":5,"enemies":"Chosen and Byrds","floor":28,"turns":4},{"damage":0,"enemies":"Cultist and Chosen","floor":29,"turns":6},{"damage":13,"enemies":"Automaton","floor":33,"turns":12},{"damage":20,"enemies":"Orb Walker","floor":35,"turns":3},{"damage":11,"enemies":"Mind Bloom Boss Battle","floor":36,"turns":8},{"damage":5,"enemies":"3 Shapes","floor":39,"turns":4},{"damage":4,"enemies":"Spire Growth","floor":41,"turns":5},{"damage":8,"enemies":"Sphere and 2 Shapes","floor":42,"turns":7},{"damage":0,"enemies":"Writhing Mass","floor":47,"turns":7},{"damage":63,"enemies":"Time Eater","floor":50,"turns":14},{"damage":41,"enemies":"Shield and Spear","floor":54,"turns":9},{"damage":52,"enemies":"The Heart","floor":55,"turns":11}],"seed_played":"-6533119462382336880","potions_obtained":[{"floor":1.0,"key":"AttackPotion"},{"floor":5.0,"key":"SteroidPotion"},{"floor":14.0,"key":"Swift Potion"},{"floor":19.0,"key":"EssenceOfSteel"},{"floor":27,"key":"Regen Potion"},{"floor":36,"key":"SneckoOil"},{"floor":41,"key":"Fire Potion"},{"floor":42,"key":"PowerPotion"},{"floor":54,"key":"Energy Potion"}],"is_trial":false,"path_per_floor":["M","M","?","?","M","E","R","M","T","E","T","M","$","M","R","B",null,"M","M","?","?","?","R","M","R","T","M","M","M","$","?","R","B",null,"M","?","?","?","M","R","M","M","T","?","R","?","M","$","R","B",null,"R","$","E","B"],"character_chosen":"DEFECT","items_purchased":["TheAbacus","OrangePellets","Potion Belt"],"campfire_rested":1,"item_purchase_floors":[13,30,48],"current_hp_per_floor":[75,75,64,69,69,55,79,79,79,61,61,61,61,61,61,35,80,79,72,72,72,72,72,56,56,56,49,56,56,56,56,56,43,80,60,49,49,49,50,50,56,56,56,76,76,76,80,80,80,25,80,80,77,42,0],"gold":35,"neow_bonus":"THREE_ENEMY_KILL","is_prod":false,"is_daily":false,"chose_seed":false,"campfire_upgraded":7,"win_rate":0,"timestamp":1567282863,"path_taken":["M","?","?","?","M","E","R","M","T","E","?","M","$","M","R","BOSS","M","M","?","?","?","R","M","R","T","M","M","M","$","?","R","BOSS","M","?","?","?","?","R","M","M","T","?","R","?","M","$","R","BOSS","R","$","E","BOSS"],"build_version":"2019-07-17","purchased_purges":2,"victory":false,"max_hp_per_floor":[75,75,75,80,80,80,80,80,80,80,80,80,80,80,80,80,80,80,80,80,80,80,80,80,80,80,80,80,80,80,80,80,80,80,80,80,80,80,80,80,80,80,80,80,80,80,80,80,80,80,80,80,77,77,77],"card_choices":[{"not_picked":["Auto Shields","Force Field"],"picked":"Hologram","floor":1.0},{"not_picked":["Rebound","Stack"],"picked":"Sunder","floor":2.0},{"not_picked":["Force Field","Turbo"],"picked":"Glacier","floor":5.0},{"not_picked":["Rainbow","Rebound"],"picked":"Gash","floor":6.0},{"not_picked":["Turbo","Compile Driver"],"picked":"Coolheaded","floor":8.0},{"not_picked":["Gash","Rebound"],"picked":"Cold Snap","floor":10.0},{"not_picked":["FTL","Barrage"],"picked":"Heatsinks","floor":12.0},{"not_picked":["Machine Learning","Rip and Tear"],"picked":"Gash","floor":14.0},{"not_picked":["Fission","Hyperbeam"],"picked":"Biased Cognition","floor":16.0},{"not_picked":["Lockon","Conserve Battery+1"],"picked":"Reinforced Body","floor":18.0},{"not_picked":["Ball Lightning","Conserve Battery+1"],"picked":"Double Energy+1","floor":19.0},{"not_picked":["Rebound","Doom and Gloom"],"picked":"Loop","floor":24},{"not_picked":["Static Discharge+1","Sweeping Beam+1"],"picked":"Lockon+1","floor":27},{"not_picked":["Static Discharge+1","Scrape"],"picked":"Hologram","floor":28},{"not_picked":["Rebound","Compile Driver"],"picked":"Blizzard+1","floor":29},{"not_picked":["Meteor Strike","Creative AI"],"picked":"Echo Form","floor":33},{"not_picked":[],"picked":"Redo","floor":35},{"not_picked":[],"picked":"Sweeping Beam+1","floor":36},{"not_picked":[],"picked":"Compile Driver","floor":39},{"not_picked":[],"picked":"Skim","floor":41},{"not_picked":[],"picked":"Steam+1","floor":42},{"not_picked":[],"picked":"Auto Shields","floor":47},{"not_picked":[],"picked":"Storm","floor":54}],"player_experience":252726,"relics_obtained":[{"floor":6.0,"key":"Pen Nib"},{"floor":10.0,"key":"Boot"},{"floor":11.0,"key":"WingedGreaves"},{"floor":26,"key":"Gremlin Horn"},{"floor":36,"key":"Bird Faced Urn"},{"floor":43,"key":"MawBank"},{"floor":54,"key":"Sundial"}],"event_choices":[{"damage_healed":0.0,"max_hp_gain":0.0,"max_hp_loss":0.0,"gold_gain":75.0,"event_name":"World of Goop","player_choice":"Gather Gold","floor":3.0,"gold_loss":0.0,"damage_taken":11.0},{"damage_healed":0.0,"max_hp_gain":5.0,"max_hp_loss":0.0,"gold_gain":0.0,"event_name":"Big Fish","player_choice":"Donut","floor":4.0,"gold_loss":0.0,"damage_taken":0.0},{"damage_healed":0.0,"max_hp_gain":0.0,"max_hp_loss":0.0,"gold_gain":0.0,"cards_transformed":["Defend_B","Strike_B"],"event_name":"Drug Dealer","player_choice":"Became Test Subject","floor":20.0,"gold_loss":0.0,"damage_taken":0.0,"cards_obtained":["Steam Power","FTL"]},{"damage_healed":0.0,"max_hp_gain":0.0,"max_hp_loss":0.0,"gold_gain":0.0,"event_name":"Addict","player_choice":"Obtained Relic","floor":21.0,"gold_loss":85.0,"damage_taken":0.0,"relics_obtained":["Art of War"]},{"damage_healed":0.0,"max_hp_gain":0.0,"max_hp_loss":0.0,"gold_gain":0.0,"event_name":"Vampires","player_choice":"Ignored","floor":22.0,"gold_loss":0.0,"damage_taken":0.0},{"damage_healed":0,"gold_gain":0,"player_choice":"Paid Fearfully","damage_taken":0,"max_hp_gain":0,"max_hp_loss":0,"event_name":"Masked Bandits","floor":31,"gold_loss":66},{"damage_healed":0,"gold_gain":0,"player_choice":"Fight","damage_taken":0,"max_hp_gain":0,"max_hp_loss":0,"event_name":"MindBloom","floor":36,"gold_loss":0},{"damage_healed":0,"gold_gain":0,"player_choice":"Ignored","damage_taken":0,"max_hp_gain":0,"max_hp_loss":0,"event_name":"Tomb of Lord Red Mask","floor":37,"gold_loss":0},{"damage_healed":0,"gold_gain":0,"player_choice":"Ignored","damage_taken":0,"max_hp_gain":0,"max_hp_loss":0,"event_name":"Mysterious Sphere","floor":38,"gold_loss":0},{"damage_healed":20,"gold_gain":0,"player_choice":"Writhe","damage_taken":0,"max_hp_gain":0,"max_hp_loss":0,"event_name":"Winding Halls","floor":44,"gold_loss":0,"cards_obtained":["Writhe"]},{"cards_removed":["Redo"],"damage_healed":0,"gold_gain":0,"player_choice":"Removed Skill","damage_taken":0,"max_hp_gain":0,"max_hp_loss":0,"event_name":"Falling","floor":46,"gold_loss":0}],"is_beta":false,"boss_relics":[{"not_picked":["Cursed Key","Calling Bell"],"picked":"Coffee Dripper"},{"not_picked":["Philosopher\u0027s Stone","Nuclear Battery"],"picked":"Busted Crown"}],"items_purged_floors":[48,53],"is_endless":false,"potions_floor_spawned":[1,5,14,19,27,36,41,42,54],"killed_by":"The Heart","ascension_level":2}