{"gold_per_floor":[109,122,139,214,224,224,258,160,160,178,188,188,214,70,70,168,168,185,197,212,224,242,276,276,289,289,306,325,359,377,377,377,474,474,489,504,504,250,266,292,302,333,409,46,63,73,101,120,120,120,120,120,6,33,33],"floor_reached":56,"playtime":4790,"items_purged":[],"score":1510,"play_id":"744b517a-1f07-435c-b8c2-b17205966177","local_time":"20190909214003","is_ascension_mode":true,"campfire_choices":[{"data":"Setup","floor":6.0,"key":"SMITH"},{"data":"Glass Knife","floor":12.0,"key":"SMITH"},{"data":"Footwork","floor":15.0,"key":"SMITH"},{"data":"A Thousand Cuts","floor":24.0,"key":"SMITH"},{"data":"Storm of Steel","floor":32.0,"key":"SMITH"},{"floor":49.0,"key":"RECALL"},{"data":"Apotheosis","floor":52,"key":"SMITH"}],"neow_cost":"NONE","seed_source_timestamp":0,"circlet_count":0,"master_deck":["Strike_G","Strike_G","Strike_G","Defend_G","Defend_G","Defend_G","Survivor","Neutralize","Dramatic Entrance","Blur","Poisoned Stab","Setup+1","Footwork+1","Flying Knee","All Out Attack","Glass Knife+1","Storm of Steel+1","Adrenaline","Acrobatics","Crippling Poison","Concentrate+1","Endless Agony+1","Venomology","A Thousand Cuts+1","Predator","Burst","Backflip+1","Eviscerate","Leg Sweep","Night Terror","Distraction+1","Dodge and Roll+1","Apotheosis+1","Well Laid Plans","Bullet Time","Corpse Explosion","Reflex","Sadistic Nature","Parasite","Heel Hook+1","Blur+1","Riddle With Holes+1","Endless Agony","Escape Plan","Well Laid Plans","Blur+1"],"special_seed":0,"relics":["Ring of the Snake","Vajra","Incense Burner","Bottled Tornado","Shuriken","Anchor","Philosopher\u0027s Stone","PreservedInsect","Mercury Hourglass","Ornamental Fan","Empty Cage","Paper Crane","Ninja Scroll","HandDrill","Meat on the Bone","Snake Skull"],"potions_floor_usage":[50,50,50,50,54,55],"damage_taken":[{"damage":0.0,"enemies":"2 Louse","floor":1.0,"turns":2.0},{"damage":0.0,"enemies":"Small Slimes","floor":2.0,"turns":3.0},{"damage":0.0,"enemies":"Cultist","floor":3.0,"turns":4.0},{"damage":2.0,"enemies":"3 Louse","floor":5.0,"turns":6.0},{"damage":6.0,"enemies":"3 Sentries","floor":7.0,"turns":12.0},{"damage":4.0,"enemies":"Large Slime","floor":10.0,"turns":7.0},{"damage":0.0,"enemies":"Gremlin Gang","floor":11.0,"turns":1.0},{"damage":11.0,"enemies":"Gremlin Nob","floor":13.0,"turns":3.0},{"damage":24.0,"enemies":"The Guardian","floor":16.0,"turns":12.0},{"damage":0.0,"enemies":"2 Thieves","floor":18.0,"turns":4.0},{"damage":0.0,"enemies":"Spheric Guardian","floor":19.0,"turns":3.0},{"damage":0.0,"enemies":"Cultist and Chosen","floor":20.0,"turns":6.0},{"damage":3.0,"enemies":"3 Cultists","floor":21.0,"turns":5.0},{"damage":0.0,"enemies":"Centurion and Healer","floor":22.0,"turns":4.0},{"damage":12.0,"enemies":"Slavers","floor":23.0,"turns":3.0},{"damage":1.0,"enemies":"Snecko","floor":25.0,"turns":4.0},{"damage":0.0,"enemies":"Cultist and Chosen","floor":27.0,"turns":4.0},{"damage":12.0,"enemies":"Snake Plant","floor":28.0,"turns":4.0},{"damage":14.0,"enemies":"Book of Stabbing","floor":29.0,"turns":3.0},{"damage":0.0,"enemies":"3 Cultists","floor":30.0,"turns":3.0},{"damage":9.0,"enemies":"Automaton","floor":33.0,"turns":8.0},{"damage":0.0,"enemies":"3 Shapes","floor":35.0,"turns":2.0},{"damage":0.0,"enemies":"Orb Walker","floor":36.0,"turns":5.0},{"damage":8.0,"enemies":"4 Shapes","floor":39.0,"turns":3.0},{"damage":0.0,"enemies":"Nemesis","floor":40.0,"turns":5.0},{"damage":0.0,"enemies":"Spire Growth","floor":41.0,"turns":4.0},{"damage":0.0,"enemies":"Reptomancer","floor":42.0,"turns":4.0},{"damage":16.0,"enemies":"Writhing Mass","floor":45.0,"turns":5.0},{"damage":0.0,"enemies":"4 Shapes","floor":46.0,"turns":3.0},{"damage":0.0,"enemies":"Nemesis","floor":47.0,"turns":1.0},{"damage":0.0,"enemies":"Jaw Worm Horde","floor":48.0,"turns":3.0},{"damage":28,"enemies":"Donu and Deca","floor":50,"turns":4},{"damage":38,"enemies":"Shield and Spear","floor":54,"turns":5},{"damage":70,"enemies":"The Heart","floor":55,"turns":12}],"seed_played":"-4020394408649241134","potions_obtained":[{"floor":2.0,"key":"Dexterity Potion"},{"floor":10.0,"key":"GamblersBrew"},{"floor":11.0,"key":"AttackPotion"},{"floor":16.0,"key":"Weak Potion"},{"floor":18.0,"key":"Block Potion"},{"floor":21.0,"key":"EntropicBrew"},{"floor":22.0,"key":"Ancient Potion"},{"floor":25.0,"key":"Energy Potion"},{"floor":37.0,"key":"AttackPotion"},{"floor":37.0,"key":"Strength Potion"},{"floor":42.0,"key":"Swift Potion"},{"floor":45.0,"key":"Block Potion"},{"floor":47.0,"key":"Swift Potion"},{"floor":54,"key":"AttackPotion"}],"is_trial":false,"path_per_floor":["M","M","M","?","M","R","E","?","T","M","M","R","E","$","R","B",null,"M","M","M","M","M","E","R","M","T","M","M","E","M","?","R","B",null,"M","M","?","$","M","E","M","E","T","$","M","M","E","M","R","B",null,"R","$","E","B",null],"character_chosen":"THE_SILENT","items_purchased":["Anchor","Apotheosis","Well Laid Plans","HandDrill","Sadistic Nature","Escape Plan","Well Laid Plans"],"campfire_rested":0,"item_purchase_floors":[14,38,38,44,44,53,53],"current_hp_per_floor":[70,70,70,59,57,57,51,51,51,47,47,47,36,36,36,12,70,70,70,70,67,67,55,55,54,54,54,42,40,49,49,49,40,70,70,70,70,70,62,62,62,62,62,62,46,46,46,46,46,30,70,70,70,44,13],"gold":33,"neow_bonus":"RANDOM_COLORLESS","is_prod":false,"is_daily":false,"chose_seed":false,"campfire_upgraded":6,"win_rate":0,"timestamp":1568058003,"path_taken":["M","M","M","?","M","R","E","?","T","M","M","R","E","$","R","BOSS","M","M","M","?","M","E","R","M","T","M","M","E","M","?","R","BOSS","M","M","?","$","M","E","M","E","T","$","?","M","E","M","R","BOSS","R","$","E","BOSS"],"build_version":"2019-07-17","purchased_purges":0,"victory":true,"max_hp_per_floor":[70,70,70,70,70,70,70,70,70,70,70,70,70,70,70,70,70,70,70,70,70,70,70,70,70,70,70,70,70,70,70,70,70,70,70,70,70,70,70,70,70,70,70,70,70,70,70,70,70,70,70,70,70,70,70],"card_choices":[{"not_picked":["Slice","Deflect"],"picked":"Blur","floor":1.0},{"not_picked":["Slice","Bane"],"picked":"Poisoned Stab","floor":2.0},{"not_picked":["Deadly Poison","PiercingWail"],"picked":"Setup","floor":3.0},{"not_picked":["Malaise","Dash"],"picked":"Footwork","floor":5.0},{"not_picked":["Poisoned Stab","PiercingWail"],"picked":"Flying Knee","floor":7.0},{"not_picked":["Prepared","Slice"],"picked":"All Out Attack","floor":10.0},{"not_picked":["Tactician","Underhanded Strike"],"picked":"Glass Knife","floor":11.0},{"not_picked":["Underhanded Strike","Backflip"],"picked":"Storm of Steel","floor":13.0},{"not_picked":["Grand Finale","Doppelganger"],"picked":"Adrenaline","floor":16.0},{"not_picked":["Concentrate","Setup"],"picked":"Acrobatics","floor":18.0},{"not_picked":["Prepared","Flying Knee+1"],"picked":"Crippling Poison","floor":19.0},{"not_picked":["Choke","Expertise"],"picked":"Concentrate+1","floor":20.0},{"not_picked":["Bane","Outmaneuver+1"],"picked":"Endless Agony+1","floor":21.0},{"not_picked":["Prepared","Deflect"],"picked":"Venomology","floor":22.0},{"not_picked":["Flechettes","Sucker Punch"],"picked":"A Thousand Cuts","floor":23.0},{"not_picked":["Outmaneuver","Deflect","Underhanded Strike"],"picked":"SKIP","floor":25.0},{"not_picked":["Blade Dance","Dagger Throw","Flying Knee"],"picked":"SKIP","floor":27.0},{"not_picked":["Endless Agony","Sucker Punch"],"picked":"Predator","floor":28.0},{"not_picked":["Flying Knee+1","Distraction"],"picked":"Burst","floor":29.0},{"not_picked":["Deflect","Deadly Poison+1"],"picked":"Backflip+1","floor":30.0},{"not_picked":["Unload","Bullet Time"],"picked":"Night Terror","floor":33.0},{"not_picked":["Backflip+1","Acrobatics+1"],"picked":"Distraction+1","floor":35.0},{"not_picked":["Quick Slash","All Out Attack+1"],"picked":"Dodge and Roll+1","floor":36.0},{"not_picked":["Flying Knee","Deflect+1"],"picked":"Bullet Time","floor":39.0},{"not_picked":["Reflex","Backflip+1"],"picked":"Corpse Explosion","floor":40.0},{"not_picked":["Poisoned Stab","Underhanded Strike"],"picked":"Reflex","floor":41.0},{"not_picked":["Outmaneuver+1","Dodge and Roll","Eviscerate"],"picked":"SKIP","floor":42.0},{"not_picked":["Acrobatics+1","Underhanded Strike+1"],"picked":"Heel Hook+1","floor":45.0},{"not_picked":["Outmaneuver+1","Quick Slash"],"picked":"Blur+1","floor":46.0},{"not_picked":["Quick Slash+1","Doppelganger"],"picked":"Riddle With Holes+1","floor":47.0},{"not_picked":["Dagger Spray+1","Outmaneuver"],"picked":"Endless Agony","floor":48.0},{"not_picked":["Cloak And Dagger+1","Flechettes"],"picked":"Blur+1","floor":54}],"player_experience":277878,"relics_obtained":[{"floor":7.0,"key":"Vajra"},{"floor":9.0,"key":"Bottled Tornado"},{"floor":13.0,"key":"Shuriken"},{"floor":23.0,"key":"PreservedInsect"},{"floor":26.0,"key":"Mercury Hourglass"},{"floor":29.0,"key":"Ornamental Fan"},{"floor":40.0,"key":"Paper Crane"},{"floor":42.0,"key":"Ninja Scroll"},{"floor":47.0,"key":"Meat on the Bone"},{"floor":54,"key":"Snake Skull"}],"event_choices":[{"damage_healed":0.0,"max_hp_gain":0.0,"max_hp_loss":0.0,"gold_gain":75.0,"event_name":"World of Goop","player_choice":"Gather Gold","floor":4.0,"gold_loss":0.0,"damage_taken":11.0},{"damage_healed":0.0,"max_hp_gain":0.0,"max_hp_loss":0.0,"gold_gain":0.0,"event_name":"WeMeetAgain","player_choice":"Paid Gold","floor":8.0,"gold_loss":98.0,"damage_taken":0.0,"relics_obtained":["Incense Burner"]},{"damage_healed":0.0,"max_hp_gain":0.0,"max_hp_loss":0.0,"gold_gain":0.0,"cards_transformed":["Strike_G","Defend_G"],"event_name":"Drug Dealer","player_choice":"Became Test Subject","floor":31.0,"gold_loss":0.0,"damage_taken":0.0,"cards_obtained":["Eviscerate","Leg Sweep"]},{"damage_healed":0.0,"max_hp_gain":0.0,"max_hp_loss":0.0,"gold_gain":0.0,"event_name":"Lab","player_choice":"Got Potions","floor":37.0,"gold_loss":0.0,"damage_taken":0.0}],"is_beta":false,"boss_relics":[{"not_picked":["White Beast Statue","Lizard Tail"],"picked":"Philosopher\u0027s Stone"},{"not_picked":["HoveringKite","Velvet Choker"],"picked":"Empty Cage"}],"items_purged_floors":[],"is_endless":false,"potions_floor_spawned":[2,10,11,16,18,21,22,25,42,45,46,47,48,54],"ascension_level":3}