{"gold_per_floor":[111,261,279,279,221,248,248,265,265,265,11,21,21,51,51,127,127,145,145,162,162,162,162,193,193,193,193,193,27,27,59,59,59],"floor_reached":33,"playtime":772,"items_purged":["Strike_R"],"score":674,"play_id":"b6602ef6-949e-4335-9a45-06ef3084d807","local_time":"20190808193246","is_ascension_mode":true,"campfire_choices":[{"data":"Perfected Strike","floor":7.0,"key":"SMITH"},{"data":"Headbutt","floor":10.0,"key":"SMITH"},{"data":"Disarm","floor":15.0,"key":"SMITH"},{"floor":23.0,"key":"REST"},{"floor":25.0,"key":"REST"},{"floor":27.0,"key":"REST"},{"floor":32,"key":"RECALL"}],"neow_cost":"NONE","seed_source_timestamp":444785140291800,"circlet_count":0,"master_deck":["AscendersBane","Strike_R","Strike_R","Strike_R","Strike_R","Defend_R","Defend_R","Defend_R","Defend_R","Bash","Anger","Perfected Strike+1","Twin Strike","Corruption","Headbutt+1","Disarm+1","Disarm","Exhume","Feel No Pain","True Grit","Spot Weakness","Shockwave","Power Through+1","Armaments+1","Juggernaut"],"special_seed":0,"relics":["Burning Blood","NeowsBlessing","FossilizedHelix","The Courier","Charon\u0027s Ashes","Thread and Needle","Ornamental Fan","Fusion Hammer","Du-Vu Doll","Toxic Egg 2","Enchiridion","Mercury Hourglass"],"potions_floor_usage":[],"damage_taken":[{"damage":0.0,"enemies":"Small Slimes","floor":1.0,"turns":1.0},{"damage":0.0,"enemies":"Jaw Worm","floor":3.0,"turns":1.0},{"damage":0.0,"enemies":"Lagavulin","floor":6.0,"turns":1.0},{"damage":6.0,"enemies":"Cultist","floor":8.0,"turns":4.0},{"damage":0.0,"enemies":"Blue Slaver","floor":12.0,"turns":3.0},{"damage":8.0,"enemies":"3 Sentries","floor":14.0,"turns":6.0},{"damage":56.0,"enemies":"Hexaghost","floor":16.0,"turns":13.0},{"damage":14.0,"enemies":"2 Thieves","floor":18.0,"turns":4.0},{"damage":0.0,"enemies":"Chosen","floor":20.0,"turns":6.0},{"damage":45.0,"enemies":"Slavers","floor":24.0,"turns":7.0},{"damage":0,"enemies":"Book of Stabbing","floor":31,"turns":7},{"damage":73,"enemies":"Collector","floor":33,"turns":7}],"seed_played":"-6082638943853970228","potions_obtained":[{"floor":14.0,"key":"Swift Potion"},{"floor":16.0,"key":"Fire Potion"},{"floor":19.0,"key":"Fruit Juice"},{"floor":19.0,"key":"LiquidBronze"}],"is_trial":false,"path_per_floor":["M","?","M","?","$","E","R","M","T","R","$","M","?","E","R","B",null,"M","?","M","?","?","R","E","R","T","R","?","$","$","E","R","B"],"character_chosen":"IRONCLAD","items_purchased":["Twin Strike","Charon\u0027s Ashes","Power Through+1","Armaments+1"],"campfire_rested":3,"item_purchase_floors":[5,11,29,29],"current_hp_per_floor":[74,74,75,68,68,74,74,74,74,74,74,75,70,68,68,18,61,53,58,64,64,64,80,41,65,65,80,59,59,59,65,65,0],"gold":59,"neow_bonus":"THREE_ENEMY_KILL","is_prod":false,"is_daily":false,"chose_seed":false,"campfire_upgraded":3,"win_rate":0,"timestamp":1565317966,"path_taken":["M","?","M","?","$","E","R","M","T","R","?","?","?","E","R","BOSS","M","?","?","?","?","R","E","R","T","R","?","?","$","E","R","BOSS"],"build_version":"2019-07-17","purchased_purges":1,"victory":false,"max_hp_per_floor":[75,75,75,75,75,75,75,75,75,75,75,75,75,75,75,75,75,75,80,80,80,80,80,80,80,80,80,80,80,80,80,80,80],"card_choices":[{"not_picked":["Headbutt","Metallicize"],"picked":"Anger","floor":1.0},{"not_picked":["Body Slam","Clothesline"],"picked":"Perfected Strike","floor":3.0},{"not_picked":["Combust","Flex"],"picked":"Corruption","floor":6.0},{"not_picked":["Burning Pact","Iron Wave"],"picked":"Headbutt","floor":8.0},{"not_picked":["Intimidate","Rupture"],"picked":"Disarm","floor":12.0},{"not_picked":["Anger","Dark Embrace"],"picked":"Disarm","floor":14.0},{"not_picked":["Brutality","Reaper"],"picked":"Exhume","floor":16.0},{"not_picked":["Carnage","Iron Wave"],"picked":"Feel No Pain","floor":18.0},{"not_picked":["Clothesline","Anger+1"],"picked":"True Grit","floor":20.0},{"not_picked":["Wild Strike","Thunderclap"],"picked":"Shockwave","floor":24.0},{"not_picked":["Iron Wave","Perfected Strike"],"picked":"Juggernaut","floor":31}],"player_experience":755539,"relics_obtained":[{"floor":6.0,"key":"FossilizedHelix"},{"floor":9.0,"key":"The Courier"},{"floor":14.0,"key":"Ornamental Fan"},{"floor":24.0,"key":"Du-Vu Doll"},{"floor":26.0,"key":"Toxic Egg 2"},{"floor":28,"key":"Enchiridion"},{"floor":31,"key":"Mercury Hourglass"}],"event_choices":[{"damage_healed":0.0,"max_hp_gain":0.0,"max_hp_loss":0.0,"gold_gain":150.0,"event_name":"Liars Game","player_choice":"AGREE","floor":2.0,"gold_loss":0.0,"damage_taken":0.0,"cards_obtained":["Doubt"]},{"cards_removed":["Doubt"],"damage_healed":0.0,"max_hp_gain":0.0,"max_hp_loss":0.0,"gold_gain":0.0,"event_name":"Golden Wing","player_choice":"Card Removal","floor":4.0,"gold_loss":0.0,"damage_taken":7.0},{"damage_healed":0.0,"max_hp_gain":0.0,"max_hp_loss":0.0,"gold_gain":0.0,"event_name":"Scrap Ooze","player_choice":"Success","floor":13.0,"gold_loss":0.0,"damage_taken":5.0,"relics_obtained":["Thread and Needle"]},{"damage_healed":0.0,"max_hp_gain":0.0,"max_hp_loss":0.0,"gold_gain":0.0,"event_name":"Lab","player_choice":"Got Potions","floor":19.0,"gold_loss":0.0,"damage_taken":0.0},{"damage_healed":0.0,"max_hp_gain":0.0,"max_hp_loss":0.0,"gold_gain":0.0,"event_name":"The Library","player_choice":"Read","floor":21.0,"gold_loss":0.0,"damage_taken":0.0,"cards_obtained":["Spot Weakness"]},{"damage_healed":0.0,"max_hp_gain":0.0,"max_hp_loss":0.0,"gold_gain":0.0,"event_name":"Ghosts","player_choice":"Ignored","floor":22.0,"gold_loss":0.0,"damage_taken":0.0},{"damage_healed":0,"gold_gain":0,"player_choice":"Obtained Book","damage_taken":21,"max_hp_gain":0,"max_hp_loss":0,"event_name":"Cursed Tome","floor":28,"gold_loss":0}],"is_beta":false,"boss_relics":[{"not_picked":["Runic Dome","Velvet Choker"],"picked":"Fusion Hammer"}],"items_purged_floors":[29],"is_endless":false,"potions_floor_spawned":[14,16],"killed_by":"Collector","ascension_level":20}