{"gold_per_floor":[116,133,133,20,31,31,31,31,56,77,77,97,97,108,108,204,204,220,39,56,67,87,87,121,121,145,145,165,165,183,195,195,293,293,304,314,331,331,355,355,355,98,180,180,190,49,63,63,63,63,63,63,13,46,46],"floor_reached":56,"playtime":4196,"items_purged":["Strike_R","Strike_R","Bash","Strike_R","Defend_R"],"score":1189,"play_id":"7583dc05-7fc4-44ad-90d6-e1a73df24cdb","local_time":"20181212050809","is_ascension_mode":false,"campfire_choices":[{"data":"Entrench","floor":6.0,"key":"SMITH"},{"data":"Entrench","floor":13.0,"key":"SMITH"},{"floor":15.0,"key":"REST"},{"data":"Whirlwind","floor":23.0,"key":"SMITH"},{"data":"Iron Wave","floor":29.0,"key":"SMITH"},{"data":"Armaments","floor":32.0,"key":"SMITH"},{"floor":40.0,"key":"RECALL"},{"floor":44.0,"key":"REST"},{"floor":49.0,"key":"REST"},{"data":"Entrench","floor":52.0,"key":"SMITH"}],"neow_cost":"NONE","seed_source_timestamp":0,"circlet_count":0,"master_deck":["Strike_R","Strike_R","Defend_R","Defend_R","Defend_R","Barricade+1","Entrench+1","Entrench+1","Shrug It Off+1","Shockwave+1","Demon Form","Whirlwind+1","Iron Wave+1","Disarm+1","Armaments+1","Juggernaut","Shrug It Off","Madness","Madness","Finesse","Entrench+1","Good Instincts","Shrug It Off+1"],"special_seed":0,"relics":["Burning Blood","Gambling Chip","Smiling Mask","Odd Mushroom","Busted Crown","Omamori","Orichalcum","Lizard Tail","War Paint","Question Card","Magic Flower"],"potions_floor_usage":[55,55,55],"damage_taken":[{"damage":12.0,"enemies":"Jaw Worm","floor":1.0,"turns":5.0},{"damage":7.0,"enemies":"2 Louse","floor":2.0,"turns":3.0},{"damage":5.0,"enemies":"Small Slimes","floor":5.0,"turns":3.0},{"damage":3.0,"enemies":"The Mushroom Lair","floor":10.0,"turns":6.0},{"damage":6.0,"enemies":"Looter","floor":12.0,"turns":4.0},{"damage":19.0,"enemies":"Gremlin Gang","floor":14.0,"turns":9.0},{"damage":24.0,"enemies":"The Guardian","floor":16.0,"turns":24.0},{"damage":2.0,"enemies":"Chosen","floor":18.0,"turns":8.0},{"damage":15.0,"enemies":"2 Thieves","floor":20.0,"turns":3.0},{"damage":11.0,"enemies":"Snake Plant","floor":21.0,"turns":9.0},{"damage":0.0,"enemies":"Sentry and Sphere","floor":22.0,"turns":10.0},{"damage":44.0,"enemies":"Gremlin Leader","floor":24.0,"turns":6.0},{"damage":5.0,"enemies":"Chosen and Byrds","floor":28.0,"turns":9.0},{"damage":0.0,"enemies":"Snake Plant","floor":30.0,"turns":7.0},{"damage":3.0,"enemies":"Centurion and Healer","floor":31.0,"turns":7.0},{"damage":0.0,"enemies":"Automaton","floor":33.0,"turns":14.0},{"damage":13.0,"enemies":"Orb Walker","floor":35.0,"turns":4.0},{"damage":9.0,"enemies":"3 Shapes","floor":36.0,"turns":5.0},{"damage":15.0,"enemies":"Jaw Worm Horde","floor":37.0,"turns":7.0},{"damage":44.0,"enemies":"Transient","floor":45.0,"turns":5.0},{"damage":27.0,"enemies":"4 Shapes","floor":47.0,"turns":8.0},{"damage":19.0,"enemies":"Time Eater","floor":50.0,"turns":20.0},{"damage":37.0,"enemies":"Shield and Spear","floor":54.0,"turns":16.0},{"damage":63,"enemies":"The Heart","floor":55,"turns":17}],"seed_played":"-6600695621238448404","potions_obtained":[{"floor":5.0,"key":"AttackPotion"},{"floor":12.0,"key":"Regen Potion"},{"floor":14.0,"key":"Poison Potion"},{"floor":16.0,"key":"Fruit Juice"},{"floor":21.0,"key":"Strength Potion"},{"floor":24.0,"key":"LiquidBronze"},{"floor":28.0,"key":"Fruit Juice"},{"floor":35.0,"key":"Regen Potion"},{"floor":48.0,"key":"Fruit Juice"},{"floor":48.0,"key":"EntropicBrew"}],"is_trial":false,"path_per_floor":["M","M","?","$","M","R","$","?","T","?","T","M","R","M","R","B",null,"M","$","M","M","M","R","E","?","T","?","M","R","M","M","R","B",null,"M","M","M","?","T","R","?","$","T","R","M","$","M","?","R","B",null,"R","$","E","B",null],"character_chosen":"IRONCLAD","items_purchased":["Entrench","Block Potion","Whirlwind","Dexterity Potion","Finesse","Entrench","Good Instincts"],"campfire_rested":3,"item_purchase_floors":[4,19,19,42,42,42,46],"current_hp_per_floor":[74,73,73,73,74,74,74,56,56,59,59,59,59,46,70,52,80,80,85,76,71,77,77,51,51,51,51,57,57,63,66,66,72,90,83,80,71,60,60,60,60,60,60,87,49,49,43,48,76,63,95,95,95,64,10],"gold":46,"neow_bonus":"ONE_RANDOM_RARE_CARD","is_prod":false,"is_daily":false,"chose_seed":false,"campfire_upgraded":6,"win_rate":0,"timestamp":1544620089,"path_taken":["M","M","?","$","M","R","$","?","T","?","?","M","R","M","R","BOSS","M","$","?","M","M","R","E","?","T","?","M","R","M","M","R","BOSS","M","?","?","?","?","R","?","$","T","R","?","$","M","?","R","BOSS","R","$","E","BOSS"],"build_version":"2018-12-06","purchased_purges":5,"victory":true,"max_hp_per_floor":[80,80,80,80,80,80,80,80,80,80,80,80,80,80,80,80,80,80,85,85,85,85,85,85,85,85,85,90,90,90,90,90,90,90,90,90,90,90,90,90,90,90,90,90,90,90,90,95,95,95,95,95,95,95,95],"card_choices":[{"not_picked":["Warcry","Clash","Hemokinesis"],"picked":"SKIP","floor":1.0},{"not_picked":["Flame Barrier","Cleave"],"picked":"Entrench","floor":2.0},{"not_picked":["Corruption","Pommel Strike"],"picked":"Shrug It Off","floor":5.0},{"not_picked":["Heavy Blade","Wild Strike"],"picked":"Shockwave","floor":12.0},{"not_picked":["Shockwave","Searing Blow","Combust"],"picked":"SKIP","floor":14.0},{"not_picked":["Barricade","Limit Break"],"picked":"Demon Form","floor":16.0},{"not_picked":["Havoc"],"picked":"SKIP","floor":18.0},{"not_picked":["Burning Pact"],"picked":"SKIP","floor":20.0},{"not_picked":["Evolve"],"picked":"SKIP","floor":21.0},{"not_picked":["Thunderclap"],"picked":"SKIP","floor":22.0},{"not_picked":[],"picked":"Iron Wave","floor":24.0},{"not_picked":[],"picked":"Disarm+1","floor":28.0},{"not_picked":["Twin Strike"],"picked":"SKIP","floor":30.0},{"not_picked":[],"picked":"Armaments","floor":31.0},{"not_picked":[],"picked":"Juggernaut","floor":33.0},{"not_picked":["Shockwave+1"],"picked":"SKIP","floor":35.0},{"not_picked":["Twin Strike+1"],"picked":"SKIP","floor":36.0},{"not_picked":[],"picked":"Shrug It Off","floor":37.0},{"not_picked":["Twin Strike+1","Havoc+1"],"picked":"SKIP","floor":45.0},{"not_picked":["Armaments"],"picked":"Shrug It Off+1","floor":47.0},{"not_picked":["Wild Strike+1","Fiend Fire"],"picked":"SKIP","floor":54.0}],"player_experience":53412,"relics_obtained":[{"floor":9.0,"key":"Smiling Mask"},{"floor":10.0,"key":"Odd Mushroom"},{"floor":24.0,"key":"Omamori"},{"floor":26.0,"key":"Orichalcum"},{"floor":39.0,"key":"War Paint"},{"floor":43.0,"key":"Question Card"},{"floor":54.0,"key":"Magic Flower"}],"event_choices":[{"damage_healed":0.0,"max_hp_gain":0.0,"max_hp_loss":0.0,"gold_gain":0.0,"event_name":"Living Wall","player_choice":"Grow","floor":3.0,"gold_loss":0.0,"damage_taken":0.0,"cards_upgraded":["Barricade"]},{"damage_healed":0.0,"max_hp_gain":0.0,"max_hp_loss":0.0,"gold_gain":0.0,"event_name":"Scrap Ooze","player_choice":"Success","floor":8.0,"gold_loss":0.0,"damage_taken":18.0,"relics_obtained":["Gambling Chip"]},{"damage_healed":0.0,"max_hp_gain":0.0,"max_hp_loss":0.0,"gold_gain":0.0,"event_name":"Mushrooms","player_choice":"Fought Mushrooms","floor":10.0,"gold_loss":0.0,"damage_taken":0.0},{"damage_healed":0.0,"max_hp_gain":0.0,"max_hp_loss":0.0,"gold_gain":0.0,"event_name":"Forgotten Altar","player_choice":"Smashed Altar","floor":25.0,"gold_loss":0.0,"damage_taken":0.0,"cards_obtained":["Decay"]},{"damage_healed":0.0,"max_hp_gain":0.0,"max_hp_loss":0.0,"gold_gain":0.0,"event_name":"N\u0027loth","player_choice":"Ignored","floor":27.0,"gold_loss":0.0,"damage_taken":0.0},{"damage_healed":0.0,"max_hp_gain":0.0,"max_hp_loss":0.0,"gold_gain":0.0,"event_name":"Winding Halls","player_choice":"Embrace Madness","floor":38.0,"gold_loss":0.0,"damage_taken":11.0,"cards_obtained":["Madness","Madness"]},{"damage_healed":0.0,"max_hp_gain":0.0,"max_hp_loss":0.0,"gold_gain":0.0,"event_name":"Mysterious Sphere","player_choice":"Ignored","floor":41.0,"gold_loss":0.0,"damage_taken":0.0},{"damage_healed":0.0,"max_hp_gain":0.0,"max_hp_loss":0.0,"gold_gain":0.0,"event_name":"Lab","player_choice":"Got Potions","floor":48.0,"gold_loss":0.0,"damage_taken":0.0}],"is_beta":false,"boss_relics":[{"not_picked":["Philosopher\u0027s Stone","Runic Cube"],"picked":"Busted Crown"},{"not_picked":["Black Blood","Coffee Dripper"],"picked":"Lizard Tail"}],"items_purged_floors":[4,19,42,46,53],"is_endless":false,"potions_floor_spawned":[5,12,14,16,21,22,24,28,35,37,45],"ascension_level":0}