{"gold_per_floor":[117,132,147,147,172,207,207,232,255,255,296,296,314,327,327,327],"floor_reached":16,"playtime":501,"items_purged":[],"score":228,"play_id":"2a497455-c823-4e4a-bc4c-3eed6a82e86b","local_time":"20190729161933","is_ascension_mode":true,"campfire_choices":[{"data":"Hemokinesis","floor":7,"key":"SMITH"},{"data":"True Grit","floor":12,"key":"SMITH"},{"data":"Disarm","floor":15,"key":"SMITH"}],"neow_cost":"NONE","seed_source_timestamp":1069455000856800,"circlet_count":0,"master_deck":["AscendersBane","Strike_R+1","Strike_R","Strike_R","Strike_R","Defend_R","Defend_R","Defend_R","Defend_R","Bash+1","Feel No Pain","Metallicize","Hemokinesis+1","Disarm+1","Battle Trance","Second Wind","Second Wind","True Grit+1","Pommel Strike"],"relics":["Burning Blood","Whetstone","Golden Idol","Centennial Puzzle","Dream Catcher","Bag of Preparation"],"potions_floor_usage":[6,11,14,16,16],"damage_taken":[{"damage":6,"enemies":"Cultist","floor":1,"turns":3},{"damage":10,"enemies":"2 Louse","floor":2,"turns":3},{"damage":4,"enemies":"Small Slimes","floor":3,"turns":3},{"damage":28,"enemies":"Red Slaver","floor":5,"turns":4},{"damage":29,"enemies":"Lagavulin","floor":6,"turns":7},{"damage":2,"enemies":"Exordium Wildlife","floor":8,"turns":3},{"damage":9,"enemies":"Gremlin Nob","floor":11,"turns":3},{"damage":2,"enemies":"Looter","floor":13,"turns":3},{"damage":4,"enemies":"Gremlin Gang","floor":14,"turns":3},{"damage":28,"enemies":"Hexaghost","floor":16,"turns":9}],"seed_played":"3005161285837010110","potions_obtained":[{"floor":1,"key":"Poison Potion"},{"floor":5,"key":"Explosive Potion"},{"floor":6,"key":"SteroidPotion"},{"floor":13,"key":"Swift Potion"},{"floor":14,"key":"Block Potion"}],"is_trial":false,"path_per_floor":["M","M","M","?","M","E","R","M","T","?","E","R","M","M","R","B"],"character_chosen":"IRONCLAD","items_purchased":[],"campfire_rested":0,"item_purchase_floors":[],"current_hp_per_floor":[68,64,66,66,44,21,21,25,25,25,22,22,26,28,28,0],"gold":327,"neow_bonus":"RANDOM_COMMON_RELIC","is_prod":false,"is_daily":false,"chose_seed":false,"campfire_upgraded":3,"win_rate":0,"timestamp":1564442373,"path_taken":["M","?","M","?","M","E","R","M","T","?","E","R","M","M","R","BOSS"],"build_version":"2019-07-17","purchased_purges":0,"victory":false,"max_hp_per_floor":[75,75,75,68,68,68,68,68,68,68,68,68,68,68,68,68],"card_choices":[{"not_picked":["Sever Soul","Iron Wave"],"picked":"Feel No Pain","floor":1},{"not_picked":["Wild Strike","Thunderclap"],"picked":"Metallicize","floor":2},{"not_picked":["Ghostly Armor","Perfected Strike"],"picked":"Hemokinesis","floor":3},{"not_picked":["Anger","Iron Wave"],"picked":"Disarm","floor":5},{"not_picked":["Iron Wave","Rampage"],"picked":"Battle Trance","floor":6},{"not_picked":["Clash","Iron Wave"],"picked":"Second Wind","floor":8},{"not_picked":["Clash","Pommel Strike"],"picked":"True Grit","floor":11},{"not_picked":["Seeing Red","Clash","Twin Strike"],"picked":"SKIP","floor":13},{"not_picked":["Body Slam","Warcry"],"picked":"Pommel Strike","floor":14}],"player_experience":719481,"relics_obtained":[{"floor":6,"key":"Centennial Puzzle"},{"floor":9,"key":"Dream Catcher"},{"floor":11,"key":"Bag of Preparation"}],"event_choices":[{"damage_healed":0,"gold_gain":0,"player_choice":"Lose Max HP","damage_taken":0,"relics_obtained":["Golden Idol"],"max_hp_gain":0,"max_hp_loss":7,"event_name":"Golden Idol","floor":4,"gold_loss":0},{"damage_healed":0,"gold_gain":0,"cards_transformed":["Strike_R"],"player_choice":"Transformed","damage_taken":0,"max_hp_gain":0,"max_hp_loss":0,"event_name":"Transmorgrifier","floor":10,"gold_loss":0,"cards_obtained":["Second Wind"]}],"is_beta":false,"boss_relics":[],"items_purged_floors":[],"is_endless":false,"potions_floor_spawned":[1,5,6,13,14],"killed_by":"Hexaghost","ascension_level":20}