{"gold_per_floor":[113,113,113,63,39,39,68,82,82,101,121,121,153,72,72,150,150,163,183,183,183,197,197,217,245,245,170,170,184,218,238,238,315,315,329,29,40,53,153,153,181,201,228,228,228,228,128,161,161,161],"floor_reached":51,"playtime":2903,"items_purged":["Strike_R","Strike_R+1"],"score":1511,"play_id":"7e0ce703-be79-4f15-b98f-4c26e8b8d688","local_time":"20181227005148","is_ascension_mode":true,"campfire_choices":[{"data":"Flex","floor":6,"key":"SMITH"},{"floor":15,"key":"REST"},{"data":"Corruption","floor":23,"key":"SMITH"},{"data":"Offering","floor":28,"key":"SMITH"},{"data":"Seeing Red","floor":32,"key":"SMITH"},{"data":"Offering","floor":40,"key":"SMITH"},{"data":"Sentinel","floor":45,"key":"SMITH"},{"data":"Panache","floor":49,"key":"SMITH"}],"neow_cost":"NONE","seed_source_timestamp":200341715049900,"circlet_count":0,"master_deck":["AscendersBane","Strike_R+1","Strike_R+1","Defend_R","Defend_R","Defend_R","Defend_R","Bash","Sword Boomerang+1","Flex+1","Shrug It Off","Clothesline","Body Slam+1","Corruption+1","Bloodletting","Feel No Pain","Impervious","Ghostly","Ghostly","Ghostly","Offering+1","Battle Trance+1","Injury","Seeing Red+1","Offering+1","Sentinel+1","Body Slam","Body Slam+1","Decay","Panache+1"],"relics":["Black Blood","NeowsBlessing","Incense Burner","Dead Branch","Du-Vu Doll","Cursed Key","Blue Candle","Whetstone","Torii","OrangePellets","Ginger","Mummified Hand","Red Skull","Bag of Preparation"],"potions_floor_usage":[18,50],"damage_taken":[{"damage":0,"enemies":"2 Louse","floor":1,"turns":1},{"damage":0,"enemies":"Lagavulin","floor":7,"turns":1},{"damage":0,"enemies":"Jaw Worm","floor":8,"turns":1},{"damage":0,"enemies":"Cultist","floor":10,"turns":2},{"damage":10,"enemies":"Large Slime","floor":11,"turns":3},{"damage":49,"enemies":"Gremlin Nob","floor":13,"turns":5},{"damage":15,"enemies":"Slime Boss","floor":16,"turns":6},{"damage":47,"enemies":"3 Byrds","floor":18,"turns":6},{"damage":3,"enemies":"2 Thieves","floor":19,"turns":4},{"damage":3,"enemies":"Colosseum Slavers","floor":21,"turns":3},{"damage":4,"enemies":"Sentry and Sphere","floor":22,"turns":4},{"damage":6,"enemies":"Shelled Parasite and Fungi","floor":24,"turns":3},{"damage":19,"enemies":"Book of Stabbing","floor":25,"turns":6},{"damage":1,"enemies":"Cultist and Chosen","floor":29,"turns":2},{"damage":2,"enemies":"Slavers","floor":30,"turns":4},{"damage":1,"enemies":"Snake Plant","floor":31,"turns":3},{"damage":5,"enemies":"Collector","floor":33,"turns":4},{"damage":1,"enemies":"Orb Walker","floor":35,"turns":2},{"damage":3,"enemies":"3 Shapes","floor":37,"turns":4},{"damage":6,"enemies":"3 Darklings","floor":38,"turns":3},{"damage":2,"enemies":"Mind Bloom Boss Battle","floor":39,"turns":3},{"damage":4,"enemies":"Reptomancer","floor":41,"turns":3},{"damage":2,"enemies":"Spire Growth","floor":42,"turns":1},{"damage":5,"enemies":"Nemesis","floor":48,"turns":3},{"damage":27,"enemies":"Donu and Deca","floor":50,"turns":4}],"seed_played":"-8494453390151701735","potions_obtained":[{"floor":7,"key":"BloodPotion"},{"floor":11,"key":"FairyPotion"},{"floor":19,"key":"GamblersBrew"}],"is_trial":false,"path_per_floor":["M","?","?","$","$","R","E","M","T","M","M","?","E","$","R","B",null,"M","M","?","?","M","R","M","E","T","$","R","M","E","M","R","B",null,"M","$","M","M","?","R","E","M","T","?","R","?","$","E","R","B",null],"character_chosen":"IRONCLAD","items_purchased":["Flex","Shrug It Off","Feel No Pain","OrangePellets","Sentinel"],"campfire_rested":1,"item_purchase_floors":[4,5,14,36,36],"current_hp_per_floor":[74,74,51,51,51,51,57,63,63,69,65,65,22,22,44,35,65,31,34,34,37,37,37,37,24,24,24,24,29,33,37,37,37,37,37,37,37,37,37,37,37,37,37,35,35,35,35,35,35,18],"gold":161,"neow_bonus":"THREE_ENEMY_KILL","is_prod":false,"is_daily":false,"chose_seed":false,"campfire_upgraded":7,"win_rate":0,"timestamp":1545900708,"path_taken":["M","?","?","?","$","R","E","M","T","M","?","?","E","$","R","BOSS","M","?","?","?","M","R","M","E","T","$","R","M","E","M","R","BOSS","M","$","M","M","?","R","E","M","T","?","R","?","?","E","R","BOSS"],"build_version":"2018-12-20","purchased_purges":2,"victory":true,"max_hp_per_floor":[75,75,75,75,75,75,75,75,75,75,75,75,75,75,75,75,75,75,75,37,37,37,37,37,37,37,37,37,37,37,37,37,37,37,37,37,37,37,37,37,37,37,37,35,35,35,35,35,35,35],"card_choices":[{"not_picked":["True Grit","Headbutt"],"picked":"Sword Boomerang","floor":1},{"not_picked":["Havoc","Body Slam"],"picked":"Clothesline","floor":7},{"not_picked":["Burning Pact","Clash","Wild Strike"],"picked":"SKIP","floor":8},{"not_picked":["Iron Wave","Cleave"],"picked":"Body Slam","floor":10},{"not_picked":["Headbutt","Clothesline"],"picked":"Corruption","floor":11},{"not_picked":["Corruption","Hemokinesis"],"picked":"Bloodletting","floor":13},{"not_picked":["Offering","Demon Form"],"picked":"Impervious","floor":16},{"not_picked":["Cleave+1","Havoc+1","Pommel Strike"],"picked":"SKIP","floor":18},{"not_picked":["Havoc","Sword Boomerang","Twin Strike+1"],"picked":"SKIP","floor":19},{"not_picked":["Pummel","Shrug It Off"],"picked":"Offering","floor":22},{"not_picked":["Iron Wave","Flex","Dual Wield"],"picked":"SKIP","floor":24},{"not_picked":["Second Wind","Pommel Strike"],"picked":"Battle Trance+1","floor":25},{"not_picked":["Twin Strike","Thunderclap","Dual Wield"],"picked":"SKIP","floor":29},{"not_picked":["Armaments","Whirlwind","Offering"],"picked":"SKIP","floor":30},{"not_picked":["Blood for Blood","Second Wind"],"picked":"Seeing Red","floor":31},{"not_picked":["Double Tap","Demon Form"],"picked":"Offering","floor":33},{"not_picked":["Twin Strike+1","Carnage+1","Perfected Strike"],"picked":"SKIP","floor":35},{"not_picked":["Cleave+1","Sword Boomerang","Thunderclap"],"picked":"SKIP","floor":37},{"not_picked":["Heavy Blade+1","Cleave"],"picked":"Body Slam","floor":38},{"not_picked":["Clash","Iron Wave"],"picked":"Body Slam+1","floor":39},{"not_picked":["Perfected Strike","Feed","Heavy Blade"],"picked":"SKIP","floor":41},{"not_picked":["Flex","Thunderclap","Shrug It Off+1"],"picked":"SKIP","floor":42},{"not_picked":["Sadistic Nature","The Bomb"],"picked":"Panache","floor":46},{"not_picked":["Twin Strike","Carnage","Sword Boomerang"],"picked":"SKIP","floor":48}],"player_experience":210195,"relics_obtained":[{"floor":7,"key":"Incense Burner"},{"floor":9,"key":"Dead Branch"},{"floor":13,"key":"Du-Vu Doll"},{"floor":25,"key":"Blue Candle"},{"floor":26,"key":"Whetstone"},{"floor":30,"key":"Torii"},{"floor":39,"key":"Ginger"},{"floor":41,"key":"Mummified Hand"},{"floor":43,"key":"Red Skull"},{"floor":48,"key":"Bag of Preparation"}],"event_choices":[{"damage_healed":0,"gold_gain":0,"player_choice":"Grow","damage_taken":0,"max_hp_gain":0,"max_hp_loss":0,"event_name":"Living Wall","floor":2,"gold_loss":0,"cards_upgraded":["Sword Boomerang"]},{"damage_healed":0,"gold_gain":0,"player_choice":"Entered Light","damage_taken":23,"max_hp_gain":0,"max_hp_loss":0,"event_name":"Shining Light","floor":3,"gold_loss":0,"cards_upgraded":["Strike_R","Strike_R"]},{"cards_removed":["Strike_R"],"damage_healed":0,"gold_gain":0,"player_choice":"Offered Basic","damage_taken":0,"max_hp_gain":0,"max_hp_loss":0,"event_name":"Bonfire Elementals","floor":12,"gold_loss":0},{"damage_healed":0,"gold_gain":0,"player_choice":"Became a Ghost","damage_taken":0,"max_hp_gain":0,"max_hp_loss":38,"event_name":"Ghosts","floor":20,"gold_loss":0,"cards_obtained":["Ghostly","Ghostly","Ghostly"]},{"damage_healed":0,"gold_gain":0,"player_choice":"Fight","damage_taken":0,"max_hp_gain":0,"max_hp_loss":0,"event_name":"Colosseum","floor":21,"gold_loss":0},{"damage_healed":0,"gold_gain":0,"player_choice":"Fled From Nobs","damage_taken":0,"max_hp_gain":0,"max_hp_loss":0,"event_name":"Colosseum","floor":21,"gold_loss":0},{"damage_healed":0,"gold_gain":0,"player_choice":"Fight","damage_taken":0,"max_hp_gain":0,"max_hp_loss":0,"event_name":"MindBloom","floor":39,"gold_loss":0},{"damage_healed":0,"gold_gain":0,"player_choice":"Max HP","damage_taken":0,"max_hp_gain":0,"max_hp_loss":2,"event_name":"Winding Halls","floor":44,"gold_loss":0},{"damage_healed":0,"gold_gain":0,"player_choice":"Memory 1","damage_taken":0,"max_hp_gain":0,"max_hp_loss":0,"event_name":"SensoryStone","floor":46,"gold_loss":0}],"is_beta":false,"boss_relics":[{"not_picked":["Ectoplasm","Pandora\u0027s Box"],"picked":"Cursed Key"},{"not_picked":["Snecko Eye","Mark of Pain"],"picked":"Black Blood"}],"items_purged_floors":[27,47],"is_endless":false,"potions_floor_spawned":[7,11,19,24,25,29,35,41,42],"ascension_level":17}