{"gold_per_floor":[112,112,130,150,225,260,260,288,314,314,328,385,66,66,66,66],"floor_reached":16,"playtime":593,"items_purged":[],"score":200,"play_id":"d3cec495-42b0-4171-8fae-1d79a34d615b","local_time":"20181227000127","is_ascension_mode":true,"campfire_choices":[{"data":"Armaments","floor":7,"key":"SMITH"},{"floor":10,"key":"REST"},{"floor":15,"key":"REST"}],"neow_cost":"NONE","seed_source_timestamp":199641303633000,"circlet_count":0,"master_deck":["AscendersBane","Strike_R","Strike_R","Strike_R","Strike_R","Strike_R","Defend_R","Defend_R","Defend_R","Defend_R","Bash","Flame Barrier","Flex","Armaments+1","Bloodletting","Headbutt","Cleave","Whirlwind"],"relics":["Burning Blood","Pen Nib","Lantern","Odd Mushroom","Boot","Tiny Chest","Girya"],"potions_floor_usage":[6,8],"damage_taken":[{"damage":17,"enemies":"Small Slimes","floor":1,"turns":4},{"damage":2,"enemies":"2 Louse","floor":3,"turns":4},{"damage":7,"enemies":"Jaw Worm","floor":4,"turns":5},{"damage":34,"enemies":"Lagavulin","floor":6,"turns":7},{"damage":19,"enemies":"The Mushroom Lair","floor":8,"turns":6},{"damage":18,"enemies":"Exordium Wildlife","floor":11,"turns":5},{"damage":10,"enemies":"3 Sentries","floor":12,"turns":8},{"damage":46,"enemies":"Slime Boss","floor":16,"turns":6}],"seed_played":"700549971833978092","potions_obtained":[{"floor":3,"key":"SpeedPotion"},{"floor":8,"key":"Fruit Juice"}],"is_trial":false,"path_per_floor":["M","?","M","M","?","E","R","?","T","R","M","E","$","$","R","B"],"character_chosen":"IRONCLAD","items_purchased":["Girya"],"campfire_rested":2,"item_purchase_floors":[13],"current_hp_per_floor":[57,57,61,60,49,21,21,13,13,37,25,21,21,21,45,0],"gold":66,"neow_bonus":"RANDOM_COMMON_RELIC","is_prod":false,"is_daily":false,"chose_seed":false,"campfire_upgraded":1,"win_rate":0,"timestamp":1545897687,"path_taken":["M","?","M","M","?","E","R","?","T","R","M","E","?","$","R","BOSS"],"build_version":"2018-12-20","purchased_purges":0,"victory":false,"max_hp_per_floor":[75,75,75,75,75,75,75,80,80,80,80,80,80,80,80,80],"card_choices":[{"not_picked":["Wild Strike","Sword Boomerang"],"picked":"Flame Barrier","floor":1},{"not_picked":["Clash","Flame Barrier"],"picked":"Flex","floor":3},{"not_picked":["Intimidate","Wild Strike"],"picked":"Armaments","floor":4},{"not_picked":["Second Wind","Flame Barrier"],"picked":"Bloodletting","floor":6},{"not_picked":["Berserk","Heavy Blade"],"picked":"Headbutt","floor":8},{"not_picked":["Armaments","Infernal Blade"],"picked":"Cleave","floor":11},{"not_picked":["Pommel Strike","Blood for Blood"],"picked":"Whirlwind","floor":12}],"player_experience":209511,"relics_obtained":[{"floor":6,"key":"Lantern"},{"floor":8,"key":"Odd Mushroom"},{"floor":9,"key":"Boot"},{"floor":12,"key":"Tiny Chest"}],"event_choices":[{"damage_healed":0,"gold_gain":0,"player_choice":"Leave","damage_taken":0,"max_hp_gain":0,"max_hp_loss":0,"event_name":"The Cleric","floor":2,"gold_loss":0},{"damage_healed":0,"gold_gain":75,"player_choice":"Gather Gold","damage_taken":11,"max_hp_gain":0,"max_hp_loss":0,"event_name":"World of Goop","floor":5,"gold_loss":0},{"damage_healed":0,"gold_gain":0,"player_choice":"Fought Mushrooms","damage_taken":0,"max_hp_gain":0,"max_hp_loss":0,"event_name":"Mushrooms","floor":8,"gold_loss":0}],"is_beta":false,"boss_relics":[],"items_purged_floors":[],"is_endless":false,"potions_floor_spawned":[3,8],"killed_by":"Slime Boss","ascension_level":17}