{"gold_per_floor":[109,126,17,92,108,108,127,160,160,160,174,174,174,185,185,285,285,298,4,4,21,21],"floor_reached":22,"playtime":811,"items_purged":["Aggregate"],"score":270,"play_id":"b41b8ca7-c876-49c7-bc2f-d9616f6c0d7a","local_time":"20190818191713","is_ascension_mode":true,"campfire_choices":[{"data":"Zap","floor":6,"key":"SMITH"},{"data":"Rebound","floor":10,"key":"SMITH"},{"data":"Redo","floor":13,"key":"SMITH"},{"floor":15,"key":"REST"}],"neow_cost":"NONE","seed_source_timestamp":1125063567341112,"circlet_count":0,"master_deck":["Zap+1","Dualcast","Impatience","Leap","Beam Cell","Bandage Up","Redo+1","Loop","Steam","Rebound+1","Sweeping Beam","Ball Lightning","Electrodynamics","Heatsinks","Glacier","Fission","Beam Cell","Multi-Cast","Conserve Battery","Rip and Tear","Conserve Battery","Self Repair","Undo","Steam","Go for the Eyes","Beam Cell+1"],"relics":["Cracked Core","Nunchaku","Matryoshka","Pandora\u0027s Box"],"potions_floor_usage":[16,16,22],"damage_taken":[{"damage":8,"enemies":"2 Louse","floor":1,"turns":3},{"damage":8,"enemies":"Small Slimes","floor":2,"turns":3},{"damage":6,"enemies":"Cultist","floor":5,"turns":3},{"damage":6,"enemies":"Blue Slaver","floor":7,"turns":3},{"damage":26,"enemies":"Lagavulin","floor":8,"turns":7},{"damage":0,"enemies":"Large Slime","floor":11,"turns":5},{"damage":2,"enemies":"Looter","floor":14,"turns":2},{"damage":37,"enemies":"The Guardian","floor":16,"turns":10},{"damage":38,"enemies":"2 Thieves","floor":18,"turns":3},{"damage":5,"enemies":"3 Byrds","floor":21,"turns":2},{"damage":48,"enemies":"Snecko","floor":22,"turns":4}],"seed_played":"325373211053536128","potions_obtained":[{"floor":5,"key":"SkillPotion"},{"floor":7,"key":"LiquidBronze"},{"floor":21,"key":"Poison Potion"}],"is_trial":false,"path_per_floor":["M","M","$","?","M","R","M","E","T","R","M","?","R","M","R","B",null,"M","$","?","M","M"],"character_chosen":"DEFECT","items_purchased":["Bandage Up","Redo","Self Repair","Undo","Steam","Go for the Eyes"],"campfire_rested":1,"item_purchase_floors":[3,3,19,19,19,19],"current_hp_per_floor":[60,52,52,41,39,39,37,15,15,15,19,19,19,21,43,10,59,25,25,50,45,0],"gold":21,"neow_bonus":"RANDOM_COLORLESS","is_prod":false,"is_daily":false,"chose_seed":false,"campfire_upgraded":3,"win_rate":0,"timestamp":1566173833,"path_taken":["M","M","$","?","M","R","M","E","T","R","M","?","R","M","R","BOSS","M","$","?","M","M"],"build_version":"2019-07-17","purchased_purges":1,"victory":false,"max_hp_per_floor":[75,75,75,75,75,75,75,75,75,75,75,75,75,75,75,75,75,75,75,75,75,75],"card_choices":[{"not_picked":["Sweeping Beam","Stack"],"picked":"Leap","floor":1},{"not_picked":["Barrage","Heatsinks"],"picked":"Beam Cell","floor":2},{"not_picked":["Steam","Hologram"],"picked":"Loop","floor":5},{"not_picked":["Scrape","Turbo"],"picked":"Steam","floor":7},{"not_picked":["Lockon","Sweeping Beam"],"picked":"Rebound","floor":8},{"not_picked":["Reinforced Body","Darkness"],"picked":"Sweeping Beam","floor":11},{"not_picked":["Conserve Battery","Go for the Eyes"],"picked":"Ball Lightning","floor":14},{"not_picked":["Meteor Strike","Buffer"],"picked":"Electrodynamics","floor":16},{"not_picked":["Ball Lightning","Recycle"],"picked":"Conserve Battery","floor":18},{"not_picked":["Turbo","Electrodynamics"],"picked":"Beam Cell+1","floor":21}],"player_experience":327394,"relics_obtained":[{"floor":8,"key":"Nunchaku"},{"floor":9,"key":"Matryoshka"}],"event_choices":[{"damage_healed":0,"gold_gain":75,"player_choice":"Gather Gold","damage_taken":11,"max_hp_gain":0,"max_hp_loss":0,"event_name":"World of Goop","floor":4,"gold_loss":0},{"damage_healed":0,"gold_gain":0,"player_choice":"Ignored","damage_taken":0,"max_hp_gain":0,"max_hp_loss":0,"event_name":"Liars Game","floor":12,"gold_loss":0},{"damage_healed":25,"gold_gain":0,"player_choice":"Heal","damage_taken":0,"max_hp_gain":0,"max_hp_loss":0,"event_name":"The Library","floor":20,"gold_loss":0}],"is_beta":false,"boss_relics":[{"not_picked":["Cursed Key","Philosopher\u0027s Stone"],"picked":"Pandora\u0027s Box"}],"items_purged_floors":[19],"is_endless":false,"potions_floor_spawned":[5,7,21],"killed_by":"Snecko","ascension_level":9}