{"gold_per_floor":[115,40,115,135,135,135,3,3,29,54,70,70,81,106,106,180,180,192,211,3,13,32,32,44,44,69,69,100,112,124,167,179,262,324,356,368,395,752,781,793,831,843,855,902,326,338,338,354,354,354,354,354,354,21,51,51],"floor_reached":56,"playtime":2715,"items_purged":["Regret","Strike_R"],"score":1906,"play_id":"e16b5e95-736d-43a9-9a5f-4343b2cf87dc","local_time":"20190803015358","is_ascension_mode":true,"campfire_choices":[{"data":"Inflame","floor":6.0,"key":"SMITH"},{"data":"Carnage","floor":8.0,"key":"SMITH"},{"data":"Uppercut","floor":12.0,"key":"SMITH"},{"data":"Disarm","floor":15.0,"key":"SMITH"},{"data":"Fiend Fire","floor":23.0,"key":"SMITH"},{"data":"Entrench","floor":25.0,"key":"SMITH"},{"data":"Juggernaut","floor":27.0,"key":"SMITH"},{"data":"Ghostly","floor":30.0,"key":"SMITH"},{"data":"Ghostly","floor":32.0,"key":"SMITH"},{"data":"Ghostly","floor":40.0,"key":"SMITH"},{"data":"Dark Embrace","floor":42.0,"key":"SMITH"},{"floor":49.0,"key":"RECALL"},{"data":"Limit Break","floor":53.0,"key":"SMITH"}],"neow_cost":"CURSE","seed_source_timestamp":1446816001521200,"circlet_count":0,"master_deck":["AscendersBane","Strike_R","Strike_R","Strike_R","Strike_R+1","Defend_R","Defend_R","Defend_R","Defend_R","Pommel Strike","Inflame+1","Uppercut+1","Carnage+1","Disarm+1","Juggernaut+1","Entrench+1","Fiend Fire+1","Ghostly Armor","Feed","Combust","Evolve","Spot Weakness","True Grit+1","Ghostly+1","Ghostly+1","Ghostly+1","Dark Embrace+1","Warcry","Dark Shackles","Feel No Pain+1","Second Wind","Headbutt+1","Limit Break+1","Ghostly Armor","Intimidate","Feel No Pain","True Grit","Rage+1"],"special_seed":0,"relics":["Burning Blood","Charon\u0027s Ashes","Pocketwatch","Omamori","Orichalcum","Meat on the Bone","Sozu","Vajra","Bag of Preparation","MawBank","Regal Pillow","Tiny House","Old Coin","Molten Egg 2","Ornamental Fan","Oddly Smooth Stone","Medical Kit","FossilizedHelix"],"potions_floor_usage":[],"damage_taken":[{"damage":20.0,"enemies":"Jaw Worm","floor":1.0,"turns":6.0},{"damage":1.0,"enemies":"Cultist","floor":4.0,"turns":3.0},{"damage":15.0,"enemies":"3 Sentries","floor":10.0,"turns":6.0},{"damage":7.0,"enemies":"Small Slimes","floor":11.0,"turns":3.0},{"damage":7.0,"enemies":"Looter","floor":13.0,"turns":3.0},{"damage":7.0,"enemies":"Lagavulin","floor":14.0,"turns":6.0},{"damage":8.0,"enemies":"Hexaghost","floor":16.0,"turns":9.0},{"damage":18.0,"enemies":"2 Thieves","floor":18.0,"turns":3.0},{"damage":19.0,"enemies":"3 Byrds","floor":19.0,"turns":4.0},{"damage":15.0,"enemies":"Centurion and Healer","floor":21.0,"turns":3.0},{"damage":15.0,"enemies":"Shelled Parasite and Fungi","floor":22.0,"turns":2.0},{"damage":18.0,"enemies":"Snake Plant","floor":24.0,"turns":2.0},{"damage":9.0,"enemies":"Book of Stabbing","floor":28.0,"turns":4.0},{"damage":28.0,"enemies":"Slavers","floor":31.0,"turns":6.0},{"damage":10.0,"enemies":"Automaton","floor":33.0,"turns":8.0},{"damage":0.0,"enemies":"3 Shapes","floor":35.0,"turns":3.0},{"damage":3.0,"enemies":"3 Darklings","floor":37.0,"turns":4.0},{"damage":31.0,"enemies":"2 Orb Walkers","floor":38.0,"turns":6.0},{"damage":8.0,"enemies":"Transient","floor":39.0,"turns":6.0},{"damage":9.0,"enemies":"Nemesis","floor":41.0,"turns":9.0},{"damage":11.0,"enemies":"Reptomancer","floor":44.0,"turns":7.0},{"damage":22.0,"enemies":"Spire Growth","floor":46.0,"turns":6.0},{"damage":5.0,"enemies":"Sphere and 2 Shapes","floor":48.0,"turns":4.0},{"damage":18.0,"enemies":"Time Eater","floor":50.0,"turns":11.0},{"damage":40.0,"enemies":"Donu and Deca","floor":51.0,"turns":11.0},{"damage":7.0,"enemies":"Shield and Spear","floor":55.0,"turns":6.0},{"damage":46,"enemies":"The Heart","floor":56,"turns":8}],"seed_played":"-4706136635686304235","potions_obtained":[{"floor":11.0,"key":"SpeedPotion"},{"floor":16.0,"key":"Strength Potion"}],"is_trial":false,"path_per_floor":["M","$","?","M","T","R","$","R","T","E","M","R","M","E","R","B",null,"M","M","$","M","M","R","M","R","T","R","E","?","R","E","R","B",null,"M","?","M","?","M","R","E","R","T","E","$","M","?","M","R","B","B",null,"R","$","E","B"],"character_chosen":"IRONCLAD","items_purchased":["Uppercut","Carnage","Vajra","Combust","Oddly Smooth Stone","Headbutt+1","Limit Break","Ghostly Armor","Feel No Pain","Medical Kit","True Grit"],"campfire_rested":0,"item_purchase_floors":[7,7,20,20,45,45,45,45,54,54,54],"current_hp_per_floor":[54,54,43,48,48,48,48,48,48,39,38,38,37,36,36,46,68,56,55,55,49,52,52,52,52,52,52,49,39,39,32,32,28,44,50,50,50,37,35,35,32,32,32,42,42,38,38,42,42,42,20,47,47,47,46,0],"gold":51,"neow_bonus":"ONE_RARE_RELIC","is_prod":false,"is_daily":false,"chose_seed":false,"campfire_upgraded":12,"win_rate":0,"timestamp":1564822438,"path_taken":["M","$","?","M","?","R","$","R","T","E","M","R","?","E","R","BOSS","M","M","$","?","M","R","?","R","T","R","E","?","R","E","R","BOSS","M","?","M","?","M","R","E","R","T","E","$","?","?","M","R","BOSS","BOSS","R","$","E","BOSS"],"build_version":"2019-07-17","purchased_purges":2,"victory":false,"max_hp_per_floor":[75,75,75,75,75,75,75,75,75,75,75,75,75,75,75,75,75,75,75,75,78,78,78,78,78,78,78,78,39,39,42,42,42,47,50,50,50,50,50,50,50,50,50,53,53,53,53,56,56,56,56,56,56,56,56,56],"card_choices":[{"not_picked":["Flex","Iron Wave"],"picked":"Pommel Strike","floor":1.0},{"not_picked":["Rupture","Shrug It Off"],"picked":"Inflame","floor":4.0},{"not_picked":["Flex","Iron Wave"],"picked":"Disarm","floor":10.0},{"not_picked":["Flex","Searing Blow"],"picked":"Juggernaut","floor":11.0},{"not_picked":["Burning Pact","Perfected Strike","Clash"],"picked":"SKIP","floor":13.0},{"not_picked":["Heavy Blade","Clash"],"picked":"Entrench","floor":14.0},{"not_picked":["Dark Embrace","Offering"],"picked":"Fiend Fire","floor":16.0},{"not_picked":["Armaments","Body Slam"],"picked":"Ghostly Armor","floor":18.0},{"not_picked":["Clash","Entrench+1"],"picked":"Feed","floor":19.0},{"not_picked":["Entrench","Clash+1"],"picked":"Evolve","floor":21.0},{"not_picked":["Havoc","Rage"],"picked":"Spot Weakness","floor":22.0},{"not_picked":["Heavy Blade","Body Slam","Dropkick"],"picked":"SKIP","floor":24.0},{"not_picked":["Dual Wield+1","Sword Boomerang"],"picked":"True Grit+1","floor":28.0},{"not_picked":["Dark Embrace","Thunderclap","Havoc"],"picked":"SKIP","floor":31.0},{"not_picked":["Reaper","Fiend Fire"],"picked":"Dark Embrace","floor":33.0},{"not_picked":["Iron Wave","Searing Blow"],"picked":"Warcry","floor":34.0},{"not_picked":["Body Slam","Perfected Strike","Thunderclap+1"],"picked":"SKIP","floor":35.0},{"not_picked":["PanicButton","Finesse"],"picked":"Dark Shackles","floor":36.0},{"not_picked":["Thunderclap","True Grit"],"picked":"Feel No Pain+1","floor":37.0},{"not_picked":["Feed","Clothesline","Clash"],"picked":"SKIP","floor":39.0},{"not_picked":["Bloodletting","Havoc+1","Anger"],"picked":"SKIP","floor":41.0},{"not_picked":["Battle Trance","Seeing Red"],"picked":"Second Wind","floor":44.0},{"not_picked":["Anger+1","Clash+1","Pummel+1"],"picked":"SKIP","floor":46.0},{"not_picked":["Evolve","Heavy Blade+1"],"picked":"Intimidate","floor":48.0},{"not_picked":["Thunderclap+1","Cleave+1"],"picked":"Rage+1","floor":55.0}],"player_experience":731197,"relics_obtained":[{"floor":5.0,"key":"Pocketwatch"},{"floor":9.0,"key":"Omamori"},{"floor":10.0,"key":"Orichalcum"},{"floor":14.0,"key":"Meat on the Bone"},{"floor":26.0,"key":"Bag of Preparation"},{"floor":28.0,"key":"MawBank"},{"floor":31.0,"key":"Regal Pillow"},{"floor":38.0,"key":"Old Coin"},{"floor":41.0,"key":"Molten Egg 2"},{"floor":44.0,"key":"Ornamental Fan"},{"floor":55.0,"key":"FossilizedHelix"}],"event_choices":[{"damage_healed":0.0,"max_hp_gain":0.0,"max_hp_loss":0.0,"gold_gain":75.0,"event_name":"World of Goop","player_choice":"Gather Gold","floor":3.0,"gold_loss":0.0,"damage_taken":11.0},{"damage_healed":0.0,"max_hp_gain":0.0,"max_hp_loss":39.0,"gold_gain":0.0,"event_name":"Ghosts","player_choice":"Became a Ghost","floor":29.0,"gold_loss":0.0,"damage_taken":0.0,"cards_obtained":["Ghostly","Ghostly","Ghostly"]},{"damage_healed":0.0,"max_hp_gain":0.0,"max_hp_loss":0.0,"gold_gain":0.0,"event_name":"SensoryStone","player_choice":"Memory 1","floor":36.0,"gold_loss":0.0,"damage_taken":0.0},{"damage_healed":0.0,"max_hp_gain":0.0,"max_hp_loss":0.0,"gold_gain":0.0,"event_name":"Mysterious Sphere","player_choice":"Fight","floor":38.0,"gold_loss":0.0,"damage_taken":0.0},{"cards_removed":["Bash"],"damage_healed":0.0,"max_hp_gain":0.0,"max_hp_loss":0.0,"gold_gain":0.0,"event_name":"Falling","player_choice":"Removed Attack","floor":47.0,"gold_loss":0.0,"damage_taken":0.0}],"is_beta":false,"boss_relics":[{"not_picked":["Ectoplasm","White Beast Statue"],"picked":"Sozu"},{"not_picked":["Mark of Pain","Lizard Tail"],"picked":"Tiny House"}],"items_purged_floors":[2,45],"is_endless":false,"potions_floor_spawned":[11,16,19,22,24,35,37,38],"killed_by":"The Heart","ascension_level":20}