{"gold_per_floor":[116,132,147,21,21,21,55,55,55,55,55,55,79,99,99,223,223,243,63,63,63,63,63,82,82,82,106,106,141,141],"floor_reached":30,"playtime":1213,"items_purged":["Strike_R","Defend_R"],"score":394,"play_id":"80de1510-b72c-419d-9640-ea343e40bdc3","local_time":"20181217182943","is_ascension_mode":true,"campfire_choices":[{"data":"Armaments","floor":6.0,"key":"SMITH"},{"data":"Armaments","floor":8.0,"key":"SMITH"},{"data":"Searing Blow","floor":12.0,"key":"SMITH"},{"data":"True Grit","floor":15.0,"key":"SMITH"},{"floor":23.0,"key":"REST"},{"data":"Searing Blow+1","floor":25.0,"key":"SMITH"},{"floor":28,"key":"REST"}],"neow_cost":"NONE","seed_source_timestamp":211117667778700,"circlet_count":0,"master_deck":["AscendersBane","Strike_R","Strike_R","Strike_R","Strike_R","Defend_R","Defend_R","Defend_R","Bash","Armaments+1","Searing Blow+2","Armaments+1","Disarm","True Grit+1","Feed","Armaments","Inflame+1","Inflame+1"],"special_seed":0,"relics":["Burning Blood","Ancient Tea Set","Bottled Flame","Vajra","Frozen Egg 2","Golden Idol","Eternal Feather","Nilry\u0027s Codex","MutagenicStrength","Ornamental Fan","Bag of Marbles"],"potions_floor_usage":[29,29],"damage_taken":[{"damage":6.0,"enemies":"Cultist","floor":1.0,"turns":4.0},{"damage":1.0,"enemies":"Small Slimes","floor":2.0,"turns":3.0},{"damage":3.0,"enemies":"Jaw Worm","floor":3.0,"turns":5.0},{"damage":29.0,"enemies":"Gremlin Nob","floor":7.0,"turns":4.0},{"damage":0.0,"enemies":"Looter","floor":13.0,"turns":4.0},{"damage":5.0,"enemies":"2 Fungi Beasts","floor":14.0,"turns":5.0},{"damage":39.0,"enemies":"Hexaghost","floor":16.0,"turns":16.0},{"damage":26.0,"enemies":"Shell Parasite","floor":18.0,"turns":18.0},{"damage":22.0,"enemies":"Spheric Guardian","floor":24.0,"turns":5.0},{"damage":34,"enemies":"Shelled Parasite and Fungi","floor":27,"turns":8},{"damage":42,"enemies":"Slavers","floor":29,"turns":6},{"damage":23,"enemies":"Snake Plant","floor":30,"turns":2}],"seed_played":"1468912409008941223","potions_obtained":[{"floor":1.0,"key":"Explosive Potion"},{"floor":14.0,"key":"Poison Potion"},{"floor":16.0,"key":"SkillPotion"},{"floor":29,"key":"Explosive Potion"}],"is_trial":false,"path_per_floor":["M","M","M","$","?","R","E","R","T","T","?","R","M","M","R","B",null,"M","$","?","?","$","R","M","R","T","M","R","E","M"],"character_chosen":"IRONCLAD","items_purchased":["Armaments","Armaments","Inflame+1"],"campfire_rested":2,"item_purchase_floors":[4,19,19],"current_hp_per_floor":[72,77,80,80,80,80,57,57,57,57,57,57,63,64,64,31,63,43,43,27,27,27,58,42,51,51,26,58,22,0],"gold":141,"neow_bonus":"RANDOM_COMMON_RELIC","is_prod":false,"is_daily":false,"chose_seed":false,"campfire_upgraded":5,"win_rate":0,"timestamp":1545100183,"path_taken":["M","M","?","$","?","R","E","R","T","?","?","R","M","M","R","BOSS","M","$","?","?","?","R","M","R","T","M","R","E","M"],"build_version":"2018-12-13","purchased_purges":2,"victory":false,"max_hp_per_floor":[80,80,80,80,80,80,80,80,80,80,74,74,74,74,74,74,74,74,74,74,74,74,74,74,74,74,77,77,77,77],"card_choices":[{"not_picked":["Burning Pact","Flex"],"picked":"Armaments","floor":1.0},{"not_picked":["Intimidate","Wild Strike","Headbutt"],"picked":"SKIP","floor":2.0},{"not_picked":["Clothesline","Thunderclap"],"picked":"Searing Blow","floor":3.0},{"not_picked":["Clash","Offering"],"picked":"Disarm","floor":7.0},{"not_picked":["Reckless Charge","Body Slam","Searing Blow"],"picked":"SKIP","floor":13.0},{"not_picked":["Headbutt","Twin Strike"],"picked":"True Grit","floor":14.0},{"not_picked":["Exhume","Bludgeon"],"picked":"Feed","floor":16.0},{"not_picked":["Iron Wave","Twin Strike","Havoc+1"],"picked":"SKIP","floor":18.0},{"not_picked":["Twin Strike","Thunderclap"],"picked":"Inflame+1","floor":24.0},{"not_picked":["Carnage+1","Immolate","Flex"],"picked":"SKIP","floor":27},{"not_picked":["Twin Strike+1","Havoc","Iron Wave"],"picked":"SKIP","floor":29}],"player_experience":119224,"relics_obtained":[{"floor":7.0,"key":"Bottled Flame"},{"floor":9.0,"key":"Vajra"},{"floor":10.0,"key":"Frozen Egg 2"},{"floor":20.0,"key":"Nilry\u0027s Codex"},{"floor":26.0,"key":"Ornamental Fan"},{"floor":29,"key":"Bag of Marbles"}],"event_choices":[{"damage_healed":0.0,"max_hp_gain":0.0,"max_hp_loss":0.0,"gold_gain":0.0,"event_name":"Liars Game","player_choice":"Ignored","floor":5.0,"gold_loss":0.0,"damage_taken":0.0},{"damage_healed":0.0,"max_hp_gain":0.0,"max_hp_loss":6.0,"gold_gain":0.0,"event_name":"Golden Idol","player_choice":"Lose Max HP","floor":11.0,"gold_loss":0.0,"damage_taken":0.0,"relics_obtained":["Golden Idol"]},{"damage_healed":0.0,"max_hp_gain":0.0,"max_hp_loss":0.0,"gold_gain":0.0,"event_name":"Cursed Tome","player_choice":"Obtained Book","floor":20.0,"gold_loss":0.0,"damage_taken":16.0},{"damage_healed":0.0,"max_hp_gain":0.0,"max_hp_loss":0.0,"gold_gain":0.0,"event_name":"Drug Dealer","player_choice":"Inject Mutagens","floor":21.0,"gold_loss":0.0,"damage_taken":0.0,"relics_obtained":["MutagenicStrength"]}],"is_beta":false,"boss_relics":[{"not_picked":["Pandora\u0027s Box","Orrery"],"picked":"Eternal Feather"}],"items_purged_floors":[4,19],"is_endless":false,"potions_floor_spawned":[1,14,16,27,29],"killed_by":"Snake Plant","ascension_level":12}