{"gold_per_floor":[112,37,37,47,67,93,93,120,120,26,26,41,74,89,89,194,194,207,53,71,23,33,33,44,44,90,120,136,136,136,149,149,149],"floor_reached":33,"playtime":1745,"items_purged":["Strike_R","Strike_R"],"score":344,"play_id":"2ecc9509-fec0-434b-948d-45e109e126e7","local_time":"20181210235729","is_ascension_mode":true,"campfire_choices":[{"data":"Bash","floor":7.0,"key":"SMITH"},{"floor":11.0,"key":"REST"},{"data":"Limit Break","floor":15.0,"key":"SMITH"},{"floor":23.0,"key":"REST"},{"data":"Clothesline","floor":25.0,"key":"SMITH"},{"floor":30.0,"key":"REST"},{"floor":32.0,"key":"REST"}],"neow_cost":"NONE","seed_source_timestamp":393206083942100,"circlet_count":0,"master_deck":["Strike_R","Strike_R","Strike_R","Defend_R","Defend_R","Defend_R","Defend_R","Bash+1","Spot Weakness","Twin Strike","Spot Weakness","Iron Wave","Limit Break+1","Clothesline+1","Twin Strike","Shrug It Off","Heavy Blade","Shrug It Off","Iron Wave","Disarm","Armaments+1","Flex+1","Decay","Battle Trance+1"],"special_seed":0,"relics":["Burning Blood","NeowsBlessing","Self Forming Clay","Letter Opener","Pear","Bird Faced Urn","Black Star","PreservedInsect","Toxic Egg 2","Boot"],"potions_floor_usage":[],"damage_taken":[{"damage":0.0,"enemies":"Cultist","floor":1.0,"turns":1.0},{"damage":0.0,"enemies":"Jaw Worm","floor":4.0,"turns":1.0},{"damage":0.0,"enemies":"Small Slimes","floor":5.0,"turns":1.0},{"damage":25.0,"enemies":"3 Sentries","floor":6.0,"turns":7.0},{"damage":40.0,"enemies":"Gremlin Nob","floor":8.0,"turns":6.0},{"damage":2.0,"enemies":"3 Louse","floor":12.0,"turns":3.0},{"damage":12.0,"enemies":"3 Sentries","floor":13.0,"turns":4.0},{"damage":3.0,"enemies":"Looter","floor":14.0,"turns":3.0},{"damage":56.0,"enemies":"The Guardian","floor":16.0,"turns":8.0},{"damage":35.0,"enemies":"2 Thieves","floor":18.0,"turns":4.0},{"damage":6.0,"enemies":"Chosen","floor":20.0,"turns":4.0},{"damage":32.0,"enemies":"3 Cultists","floor":22.0,"turns":5.0},{"damage":17.0,"enemies":"Snecko","floor":24.0,"turns":7.0},{"damage":34.0,"enemies":"Gremlin Leader","floor":27.0,"turns":5.0},{"damage":23.0,"enemies":"Chosen and Byrds","floor":28.0,"turns":8.0},{"damage":39.0,"enemies":"Shelled Parasite and Fungi","floor":31.0,"turns":6.0},{"damage":34,"enemies":"Automaton","floor":33,"turns":6}],"seed_played":"-6268136776856876810","potions_obtained":[{"floor":4.0,"key":"PowerPotion"},{"floor":13.0,"key":"Regen Potion"},{"floor":14.0,"key":"Dexterity Potion"},{"floor":18.0,"key":"FearPotion"},{"floor":22.0,"key":"BloodPotion"},{"floor":24.0,"key":"Fire Potion"}],"is_trial":false,"path_per_floor":["M","$","?","M","M","E","R","E","T","$","R","M","E","M","R","B",null,"M","$","M","$","M","R","M","R","T","E","M","?","R","M","R","B"],"character_chosen":"IRONCLAD","items_purchased":["Clothesline","Dexterity Potion","Shrug It Off","Shrug It Off"],"campfire_rested":4,"item_purchase_floors":[10,10,19,21],"current_hp_per_floor":[80,80,80,80,80,61,61,27,37,37,64,68,62,65,65,30,90,61,61,61,61,35,62,60,60,60,32,15,15,42,9,36,2],"gold":149,"neow_bonus":"THREE_ENEMY_KILL","is_prod":false,"is_daily":false,"chose_seed":false,"campfire_upgraded":3,"win_rate":0,"timestamp":1544515049,"path_taken":["M","$","?","?","?","E","R","E","T","$","R","M","E","M","R","BOSS","M","$","M","$","M","R","M","R","T","E","M","?","R","M","R","BOSS"],"build_version":"2018-12-06","purchased_purges":2,"victory":false,"max_hp_per_floor":[80,80,80,80,80,80,80,80,90,90,90,90,90,90,90,90,90,90,90,90,90,90,90,90,90,90,90,90,90,90,90,90,90],"card_choices":[{"not_picked":["Perfected Strike","Shockwave"],"picked":"Spot Weakness","floor":1.0},{"not_picked":["Heavy Blade","Blood for Blood"],"picked":"Twin Strike","floor":4.0},{"not_picked":["Havoc","Iron Wave"],"picked":"Spot Weakness","floor":5.0},{"not_picked":["Pommel Strike","Armaments"],"picked":"Iron Wave","floor":6.0},{"not_picked":["Sword Boomerang","Armaments"],"picked":"Limit Break","floor":8.0},{"not_picked":["Anger","Headbutt","Heavy Blade"],"picked":"SKIP","floor":12.0},{"not_picked":["Feed","Uppercut","Evolve"],"picked":"SKIP","floor":13.0},{"not_picked":["Heavy Blade","Headbutt","Shockwave"],"picked":"SKIP","floor":14.0},{"not_picked":["Headbutt","Dual Wield"],"picked":"Twin Strike","floor":18.0},{"not_picked":["Second Wind","Perfected Strike"],"picked":"Heavy Blade","floor":20.0},{"not_picked":["Infernal Blade","Thunderclap+1"],"picked":"Iron Wave","floor":22.0},{"not_picked":["Entrench","Pommel Strike"],"picked":"Disarm","floor":24.0},{"not_picked":["Flame Barrier","True Grit+1"],"picked":"Armaments+1","floor":27.0},{"not_picked":["Spot Weakness+1","Iron Wave"],"picked":"Flex+1","floor":28.0},{"not_picked":["Searing Blow","Rupture"],"picked":"Battle Trance+1","floor":31.0}],"player_experience":27971,"relics_obtained":[{"floor":6.0,"key":"Self Forming Clay"},{"floor":8.0,"key":"Letter Opener"},{"floor":9.0,"key":"Pear"},{"floor":13.0,"key":"Bird Faced Urn"},{"floor":26.0,"key":"PreservedInsect"},{"floor":27.0,"key":"Toxic Egg 2"},{"floor":27.0,"key":"Boot"}],"event_choices":[{"damage_healed":0.0,"max_hp_gain":0.0,"max_hp_loss":0.0,"gold_gain":0.0,"event_name":"WeMeetAgain","player_choice":"Ignored","floor":3.0,"gold_loss":0.0,"damage_taken":0.0},{"damage_healed":0.0,"max_hp_gain":0.0,"max_hp_loss":0.0,"gold_gain":0.0,"event_name":"Forgotten Altar","player_choice":"Smashed Altar","floor":29.0,"gold_loss":0.0,"damage_taken":0.0,"cards_obtained":["Decay"]}],"is_beta":false,"boss_relics":[{"not_picked":["Snecko Eye","Sozu"],"picked":"Black Star"}],"items_purged_floors":[2,19],"is_endless":false,"potions_floor_spawned":[4,13,14,18,22,24],"killed_by":"Automaton","ascension_level":4}