{"gold_per_floor":[113,127,146,158,158,158,188,263,263,293,28,44,22,40,40,136,136,149,159,170,187,207,239,239,239,292,391,306,306,306],"floor_reached":30,"playtime":1132,"items_purged":["Strike_B"],"score":288,"play_id":"2395ef4e-d82b-49d0-9506-0762e8855764","local_time":"20190101181102","is_ascension_mode":true,"campfire_choices":[{"data":"Conserve Battery","floor":6,"key":"SMITH"},{"data":"Hologram","floor":15,"key":"SMITH"},{"data":"Self Repair","floor":24,"key":"SMITH"},{"data":"Dualcast","floor":29,"key":"SMITH"}],"neow_cost":"NONE","seed_source_timestamp":438385215146273,"circlet_count":0,"master_deck":["Strike_B","Strike_B","Strike_B","Defend_B","Defend_B","Defend_B","Defend_B","Zap+1","Dualcast+1","Gash+1","Stack","Steam","Conserve Battery+1","Beam Cell+1","Master of Strategy","Leap","Leap","Hologram+1","Rainbow","Gash","Leap","BootSequence","Auto Shields","Go for the Eyes+1","Self Repair+1","Rebound","Gash"],"relics":["Cracked Core","Vajra","Mercury Hourglass","Ornamental Fan","Orrery","Whetstone","Anchor","Nunchaku"],"potions_floor_usage":[10,18,19,20],"damage_taken":[{"damage":2,"enemies":"2 Louse","floor":1,"turns":3},{"damage":2,"enemies":"Jaw Worm","floor":2,"turns":3},{"damage":0,"enemies":"Small Slimes","floor":3,"turns":3},{"damage":5,"enemies":"Exordium Wildlife","floor":4,"turns":3},{"damage":17,"enemies":"Lagavulin","floor":7,"turns":8},{"damage":7,"enemies":"Gremlin Nob","floor":10,"turns":4},{"damage":0,"enemies":"Blue Slaver","floor":12,"turns":2},{"damage":0,"enemies":"Large Slime","floor":14,"turns":4},{"damage":9,"enemies":"The Guardian","floor":16,"turns":11},{"damage":0,"enemies":"3 Byrds","floor":18,"turns":4},{"damage":0,"enemies":"2 Thieves","floor":19,"turns":4},{"damage":9,"enemies":"3 Cultists","floor":20,"turns":5},{"damage":10,"enemies":"Centurion and Healer","floor":21,"turns":8},{"damage":6,"enemies":"Shelled Parasite and Fungi","floor":22,"turns":8},{"damage":41,"enemies":"Book of Stabbing","floor":23,"turns":6},{"damage":30,"enemies":"Snecko","floor":30,"turns":5}],"seed_played":"-5645686196569450248","potions_obtained":[{"floor":1,"key":"Block Potion"},{"floor":4,"key":"GamblersBrew"},{"floor":16,"key":"Explosive Potion"},{"floor":18,"key":"PowerPotion"},{"floor":20,"key":"Dexterity Potion"},{"floor":21,"key":"SteroidPotion"}],"is_trial":false,"path_per_floor":["M","M","M","M","?","R","E","?","T","E","$","M","$","M","R","B",null,"M","M","M","M","M","E","R","?","T","?","?","R","M"],"character_chosen":"DEFECT","items_purchased":["Master of Strategy","Leap"],"campfire_rested":0,"item_purchase_floors":[11,13],"current_hp_per_floor":[73,71,71,66,66,66,49,38,38,31,31,31,31,31,31,22,75,75,75,66,63,64,30,30,30,30,30,30,30,0],"gold":306,"neow_bonus":"UPGRADE_CARD","is_prod":false,"is_daily":false,"chose_seed":false,"campfire_upgraded":4,"win_rate":0,"timestamp":1546387862,"path_taken":["M","M","M","M","?","R","E","?","T","E","$","M","$","M","R","BOSS","M","M","M","M","M","E","R","?","T","?","?","R","M"],"build_version":"2018-12-20","purchased_purges":1,"victory":false,"max_hp_per_floor":[75,75,75,75,75,75,75,75,75,75,75,75,75,75,75,75,75,75,75,75,75,75,75,75,75,75,75,75,75,75],"card_choices":[{"not_picked":["Rebound","Leap"],"picked":"Gash","floor":1},{"not_picked":["Compile Driver","Redo"],"picked":"Stack","floor":2},{"not_picked":["Rainbow","Stack"],"picked":"Steam","floor":3},{"not_picked":["Cold Snap","Ball Lightning"],"picked":"Conserve Battery","floor":4},{"not_picked":["Double Energy","Chaos"],"picked":"Beam Cell","floor":7},{"not_picked":["Capacitor","Consume","Turbo"],"picked":"SKIP","floor":10},{"not_picked":["Heatsinks","Reinforced Body"],"picked":"Leap","floor":12},{"not_picked":["Steam","Barrage"],"picked":"Hologram","floor":14},{"not_picked":["Electrodynamics","Meteor Strike"],"picked":"Rainbow","floor":16},{"not_picked":["Double Energy","Ball Lightning"],"picked":"Gash","floor":17},{"not_picked":["Streamline","Compile Driver"],"picked":"Leap","floor":17},{"not_picked":["Barrage","Cold Snap"],"picked":"BootSequence","floor":17},{"not_picked":["Turbo","Redo"],"picked":"Auto Shields","floor":17},{"not_picked":["Beam Cell","Coolheaded"],"picked":"Go for the Eyes","floor":18},{"not_picked":["Hyperbeam","Redo","Fusion"],"picked":"SKIP","floor":19},{"not_picked":["Loop","Ball Lightning"],"picked":"Self Repair","floor":20},{"not_picked":["Self Repair","Barrage"],"picked":"Rebound","floor":21},{"not_picked":["Chaos","Capacitor+1"],"picked":"Gash","floor":22},{"not_picked":["Redo","Electrodynamics","Turbo"],"picked":"SKIP","floor":23}],"player_experience":82662,"relics_obtained":[{"floor":7,"key":"Vajra"},{"floor":9,"key":"Mercury Hourglass"},{"floor":10,"key":"Ornamental Fan"},{"floor":23,"key":"Whetstone"},{"floor":26,"key":"Anchor"}],"event_choices":[{"damage_healed":0,"gold_gain":0,"player_choice":"Grow","damage_taken":0,"max_hp_gain":0,"max_hp_loss":0,"event_name":"Living Wall","floor":5,"gold_loss":0,"cards_upgraded":["Gash"]},{"damage_healed":0,"gold_gain":75,"player_choice":"Gather Gold","damage_taken":11,"max_hp_gain":0,"max_hp_loss":0,"event_name":"World of Goop","floor":8,"gold_loss":0},{"damage_healed":0,"gold_gain":0,"player_choice":"Ignored","damage_taken":0,"max_hp_gain":0,"max_hp_loss":0,"event_name":"Vampires","floor":25,"gold_loss":0},{"damage_healed":0,"gold_gain":99,"player_choice":"Stole From Cult","damage_taken":0,"max_hp_gain":0,"max_hp_loss":0,"event_name":"Nest","floor":27,"gold_loss":0},{"damage_healed":0,"gold_gain":0,"player_choice":"Obtained Relic","damage_taken":0,"relics_obtained":["Nunchaku"],"max_hp_gain":0,"max_hp_loss":0,"event_name":"Addict","floor":28,"gold_loss":85}],"is_beta":false,"boss_relics":[{"not_picked":["White Beast Statue","Busted Crown"],"picked":"Orrery"}],"items_purged_floors":[11],"is_endless":false,"potions_floor_spawned":[1,4,16,18,20,21],"killed_by":"Snecko","ascension_level":2}