{"gold_per_floor":[216,233,31,48,66,94,94,120,147,147,147,159,159,223,223,326,326,339,339,355,355,383,413,91,91,114,132,132,32,49,49,49,144,144,161,124,137,137,137,137,170,170,223,183,212,227,227,238,238,238],"floor_reached":51,"playtime":5069,"items_purged":["Strike_P","Defend_P"],"score":756,"play_id":"727c4fcc-6c83-4b26-902d-0fb29d3dc030","local_time":"20190909210455","is_ascension_mode":false,"campfire_choices":[{"data":"Worship","floor":13.0,"key":"SMITH"},{"floor":15.0,"key":"REST"},{"floor":25.0,"key":"REST"},{"floor":28.0,"key":"REST"},{"floor":32.0,"key":"REST"},{"data":"Judgement","floor":40.0,"key":"SMITH"},{"data":"DevaForm","floor":42.0,"key":"SMITH"},{"data":"PathToVictory","floor":49.0,"key":"SMITH"}],"neow_cost":"NONE","seed_source_timestamp":418638890874400,"circlet_count":0,"master_deck":["Defend_P+1","Defend_P","Defend_P","Eruption","Vigilance","FollowUp","SandsOfTime","EmptyFist","Worship+1","CrushJoints","PathToVictory+1","Parasite","ReachHeaven","Meditate+1","SandsOfTime","Worship+1","DevaForm+1","Judgement+1","FollowUp+1","ThirdEye+1","Swivel","Secret Weapon","Clumsy","Sanctity+1"],"special_seed":0,"relics":["PureWater","Medical Kit","Melange","Juzu Bracelet","PreservedInsect","War Paint","Runic Pyramid","Red Mask","TungstenRod","Blue Candle","Vajra","Mummified Hand","Cursed Key","Toy Ornithopter","Bronze Scales","Mercury Hourglass"],"potions_floor_usage":[50],"damage_taken":[{"damage":1.0,"enemies":"Cultist","floor":1.0,"turns":3.0},{"damage":2.0,"enemies":"Small Slimes","floor":2.0,"turns":2.0},{"damage":11.0,"enemies":"Jaw Worm","floor":4.0,"turns":3.0},{"damage":0.0,"enemies":"Looter","floor":5.0,"turns":4.0},{"damage":16.0,"enemies":"Lagavulin","floor":6.0,"turns":5.0},{"damage":38.0,"enemies":"3 Sentries","floor":8.0,"turns":8.0},{"damage":1.0,"enemies":"2 Fungi Beasts","floor":12.0,"turns":3.0},{"damage":15.0,"enemies":"Gremlin Nob","floor":14.0,"turns":4.0},{"damage":17.0,"enemies":"The Guardian","floor":16.0,"turns":7.0},{"damage":24.0,"enemies":"3 Byrds","floor":18.0,"turns":5.0},{"damage":0.0,"enemies":"Spheric Guardian","floor":20.0,"turns":3.0},{"damage":21.0,"enemies":"Masked Bandits","floor":22.0,"turns":4.0},{"damage":17.0,"enemies":"Slavers","floor":23.0,"turns":5.0},{"damage":0.0,"enemies":"Chosen and Byrds","floor":27.0,"turns":4.0},{"damage":14.0,"enemies":"Centurion and Healer","floor":30.0,"turns":4.0},{"damage":24.0,"enemies":"Collector","floor":33.0,"turns":9.0},{"damage":8.0,"enemies":"3 Darklings","floor":35.0,"turns":4.0},{"damage":1.0,"enemies":"Orb Walker","floor":37.0,"turns":2.0},{"damage":0.0,"enemies":"Giant Head","floor":41.0,"turns":4.0},{"damage":0.0,"enemies":"Reptomancer","floor":45.0,"turns":3.0},{"damage":3.0,"enemies":"Spire Growth","floor":46.0,"turns":3.0},{"damage":12.0,"enemies":"Writhing Mass","floor":48.0,"turns":3.0},{"damage":29,"enemies":"Donu and Deca","floor":50,"turns":8}],"seed_played":"-8854737266756032895","potions_obtained":[{"floor":4.0,"key":"SteroidPotion"},{"floor":5.0,"key":"FearPotion"},{"floor":6.0,"key":"SpeedPotion"},{"floor":8.0,"key":"Energy Potion"},{"floor":11.0,"key":"SteroidPotion"},{"floor":12.0,"key":"Regen Potion"},{"floor":23.0,"key":"Strength Potion"},{"floor":27.0,"key":"Block Potion"},{"floor":44.0,"key":"EssenceOfSteel"},{"floor":44.0,"key":"Swift Potion"},{"floor":44.0,"key":"FearPotion"},{"floor":45.0,"key":"Regen Potion"}],"is_trial":false,"path_per_floor":["M","M","$","M","M","E","?","E","T","?","?","M","R","?","R","B",null,"M","?","M","?","?","E","$","R","T","M","R","$","M","?","R","B",null,"M","$","M","?","?","R","E","R","T","?","E","M","?","M","R","B",null],"character_chosen":"WATCHER","items_purchased":["Medical Kit","EmptyFist","Blue Candle","Swivel"],"campfire_rested":4,"item_purchase_floors":[3,3,24,36],"current_hp_per_floor":[64,62,62,51,51,35,51,13,13,13,13,12,12,9,28,11,65,41,41,41,41,20,3,3,22,22,22,41,41,27,27,46,22,65,57,57,56,56,56,56,56,56,56,56,56,53,53,55,55,31],"gold":238,"neow_bonus":"HUNDRED_GOLD","is_prod":false,"is_daily":false,"chose_seed":false,"campfire_upgraded":4,"win_rate":0.0,"timestamp":1568077495,"path_taken":["M","M","$","M","?","E","?","E","T","?","?","M","R","?","R","BOSS","M","?","M","?","?","E","$","R","T","M","R","$","M","?","R","BOSS","M","?","M","?","?","R","E","R","T","?","E","M","?","M","R","BOSS"],"build_version":"2019-09-09v2","purchased_purges":2,"victory":true,"max_hp_per_floor":[65,65,65,65,65,65,65,65,65,65,65,65,65,65,65,65,65,65,65,65,65,65,65,65,65,65,65,65,65,65,65,65,65,65,65,65,65,65,65,65,65,65,65,65,65,65,65,65,65,65],"card_choices":[{"not_picked":["TalkToTheHand","ClearTheMind"],"picked":"FollowUp","floor":1.0},{"not_picked":["Scrawl","InnerPeace"],"picked":"SandsOfTime","floor":2.0},{"not_picked":["DeceiveReality","FlurryOfBlows"],"picked":"Worship","floor":4.0},{"not_picked":["Weave","WindmillStrike"],"picked":"CrushJoints","floor":5.0},{"not_picked":["Nirvana","CrushJoints"],"picked":"PathToVictory","floor":6.0},{"not_picked":["PathToVictory","FollowUp"],"picked":"ReachHeaven","floor":8.0},{"not_picked":["BowlingBash","EmptyFist"],"picked":"Meditate","floor":12.0},{"not_picked":["SpiritShield","WaveOfTheHand"],"picked":"SandsOfTime","floor":14.0},{"not_picked":["SignatureMove","LessonLearned"],"picked":"MasterReality","floor":16.0},{"not_picked":["CarveReality+1","WindmillStrike"],"picked":"Worship+1","floor":18.0},{"not_picked":["CrushJoints","InnerPeace","Worship"],"picked":"SKIP","floor":20.0},{"not_picked":["FlyingSleeves","WreathOfFlame"],"picked":"FollowUp+1","floor":22.0},{"not_picked":["Worship","InnerPeace","FollowUp"],"picked":"SKIP","floor":23.0},{"not_picked":["EmptyMind","Conclude","Collect"],"picked":"SKIP","floor":27.0},{"not_picked":["PathToVictory","InnerPeace"],"picked":"ThirdEye+1","floor":30.0},{"not_picked":["Perseverance","EmptyFist+1","FollowUp+1"],"picked":"SKIP","floor":35.0},{"not_picked":["Meditate","PathToVictory","Halt+1"],"picked":"SKIP","floor":37.0},{"not_picked":["PanicButton","Trip"],"picked":"Secret Weapon","floor":38.0},{"not_picked":["Protect+1","EmptyFist","WindmillStrike"],"picked":"SKIP","floor":41.0},{"not_picked":["Collect","FollowUp+1","BowlingBash"],"picked":"SKIP","floor":45.0},{"not_picked":["Perseverance","ClearTheMind+1","Evaluate"],"picked":"SKIP","floor":46.0},{"not_picked":["Fasting","EmptyBody"],"picked":"Sanctity+1","floor":48.0}],"player_experience":797655,"relics_obtained":[{"floor":6.0,"key":"Melange"},{"floor":8.0,"key":"Juzu Bracelet"},{"floor":9.0,"key":"PreservedInsect"},{"floor":22.0,"key":"Red Mask"},{"floor":23.0,"key":"TungstenRod"},{"floor":26.0,"key":"Vajra"},{"floor":41.0,"key":"Toy Ornithopter"},{"floor":43.0,"key":"Bronze Scales"},{"floor":45.0,"key":"Mercury Hourglass"}],"event_choices":[{"damage_healed":16.0,"max_hp_gain":0.0,"max_hp_loss":0.0,"gold_gain":0.0,"event_name":"Mushrooms","player_choice":"Healed and dodged fight","floor":7.0,"gold_loss":0.0,"damage_taken":0.0,"cards_obtained":["Parasite"]},{"damage_healed":0.0,"max_hp_gain":0.0,"max_hp_loss":0.0,"gold_gain":0.0,"cards_transformed":["Strike_P"],"event_name":"Living Wall","player_choice":"Change","floor":10.0,"gold_loss":0.0,"damage_taken":0.0,"cards_obtained":["Establishment"]},{"damage_healed":0.0,"max_hp_gain":0.0,"max_hp_loss":0.0,"gold_gain":0.0,"event_name":"Lab","player_choice":"Got Potions","floor":11.0,"gold_loss":0.0,"damage_taken":0.0},{"damage_healed":0.0,"max_hp_gain":0.0,"max_hp_loss":0.0,"gold_gain":0.0,"event_name":"Dead Adventurer","player_choice":"Searched \u00273\u0027 times","floor":14.0,"gold_loss":0.0,"damage_taken":0.0,"relics_obtained":["War Paint"]},{"damage_healed":0.0,"max_hp_gain":0.0,"max_hp_loss":0.0,"gold_gain":0.0,"cards_transformed":["Strike_P","Strike_P"],"event_name":"Drug Dealer","player_choice":"Became Test Subject","floor":19.0,"gold_loss":0.0,"damage_taken":0.0,"cards_obtained":["DevaForm","Judgement"]},{"damage_healed":0.0,"max_hp_gain":0.0,"max_hp_loss":0.0,"gold_gain":0.0,"event_name":"Vampires","player_choice":"Ignored","floor":21.0,"gold_loss":0.0,"damage_taken":0.0},{"damage_healed":0.0,"max_hp_gain":0.0,"max_hp_loss":0.0,"gold_gain":0.0,"event_name":"Masked Bandits","player_choice":"Fought Bandits","floor":22.0,"gold_loss":0.0,"damage_taken":0.0},{"cards_removed":["Establishment"],"damage_healed":0.0,"max_hp_gain":0.0,"max_hp_loss":0.0,"gold_gain":0.0,"event_name":"WeMeetAgain","player_choice":"Gave Card","floor":31.0,"gold_loss":0.0,"damage_taken":0.0,"relics_obtained":["Mummified Hand"]},{"damage_healed":0.0,"max_hp_gain":0.0,"max_hp_loss":0.0,"gold_gain":0.0,"event_name":"SensoryStone","player_choice":"Memory 1","floor":38.0,"gold_loss":0.0,"damage_taken":0.0},{"cards_removed":["MasterReality"],"damage_healed":0.0,"max_hp_gain":0.0,"max_hp_loss":0.0,"gold_gain":0.0,"event_name":"Falling","player_choice":"Removed Power","floor":39.0,"gold_loss":0.0,"damage_taken":0.0},{"damage_healed":0.0,"max_hp_gain":0.0,"max_hp_loss":0.0,"gold_gain":0.0,"event_name":"The Woman in Blue","player_choice":"Bought 3 Potions","floor":44.0,"gold_loss":0.0,"damage_taken":0.0},{"damage_healed":0.0,"max_hp_gain":0.0,"max_hp_loss":0.0,"gold_gain":0.0,"event_name":"NoteForYourself","player_choice":"Ignored","floor":47.0,"gold_loss":0.0,"damage_taken":0.0}],"is_beta":true,"boss_relics":[{"not_picked":["Fusion Hammer","SacredBark"],"picked":"Runic Pyramid"},{"not_picked":["Busted Crown","Calling Bell"],"picked":"Cursed Key"}],"items_purged_floors":[24,29],"is_endless":false,"potions_floor_spawned":[4,5,6,8,12,23,27,45],"ascension_level":0}