{"gold_per_floor":[117,117,129,144,94,19,52,52,129,142,197,207,59,77,77,181,181,198,209,222,236,111,139,139,119,168,168,185,48,68,0,0,104,104,122,141,158,158,177,177,212,50,50,50,61,61,61,80,80,80],"floor_reached":51,"playtime":2679,"items_purged":["Strike_R","Strike_R","Defend_R","Defend_R"],"score":1030,"play_id":"d28576c8-1b13-4a4b-922a-771208a144bc","local_time":"20181214034532","is_ascension_mode":true,"campfire_choices":[{"data":"Clash","floor":8.0,"key":"SMITH"},{"data":"Rampage","floor":15.0,"key":"SMITH"},{"floor":24.0,"key":"REST"},{"floor":27.0,"key":"REST"},{"data":"Inflame","floor":32.0,"key":"SMITH"},{"data":"Seeing Red","floor":40,"key":"SMITH"},{"data":"Armaments","floor":44,"key":"SMITH"},{"floor":46,"key":"REST"},{"data":"Offering","floor":49,"key":"SMITH"}],"neow_cost":"NONE","seed_source_timestamp":47013668254500,"circlet_count":0,"master_deck":["Defend_R+1","Bash","Shrug It Off+1","Clash+1","Reaper","Inflame+1","Rampage+1","Headbutt","Pommel Strike","Offering+1","Seeing Red+1","Shockwave+1","Shrug It Off","Seeing Red","Double Tap","Purity","Uppercut+1","Armaments+1"],"special_seed":0,"relics":["Burning Blood","Happy Flower","War Paint","Letter Opener","Sundial","Empty Cage","PreservedInsect","Orichalcum","Bird Faced Urn","Runic Pyramid","The Courier","Meat on the Bone"],"potions_floor_usage":[50],"damage_taken":[{"damage":5.0,"enemies":"2 Louse","floor":1.0,"turns":4.0},{"damage":3.0,"enemies":"Cultist","floor":3.0,"turns":4.0},{"damage":1.0,"enemies":"Small Slimes","floor":4.0,"turns":4.0},{"damage":41.0,"enemies":"3 Sentries","floor":7.0,"turns":15.0},{"damage":4.0,"enemies":"Exordium Wildlife","floor":10.0,"turns":7.0},{"damage":4.0,"enemies":"Gremlin Nob","floor":11.0,"turns":3.0},{"damage":0.0,"enemies":"Large Slime","floor":12.0,"turns":5.0},{"damage":15.0,"enemies":"Exordium Thugs","floor":14.0,"turns":4.0},{"damage":30.0,"enemies":"The Guardian","floor":16.0,"turns":7.0},{"damage":6.0,"enemies":"Spheric Guardian","floor":18.0,"turns":3.0},{"damage":6.0,"enemies":"Chosen","floor":19.0,"turns":3.0},{"damage":13.0,"enemies":"Snecko","floor":20.0,"turns":4.0},{"damage":24.0,"enemies":"Snake Plant","floor":21.0,"turns":4.0},{"damage":45.0,"enemies":"Book of Stabbing","floor":23.0,"turns":5.0},{"damage":34.0,"enemies":"Centurion and Healer","floor":28.0,"turns":7.0},{"damage":6.0,"enemies":"Chosen and Byrds","floor":30.0,"turns":4.0},{"damage":39.0,"enemies":"Champ","floor":33.0,"turns":8.0},{"damage":10.0,"enemies":"3 Darklings","floor":35.0,"turns":4.0},{"damage":16.0,"enemies":"Orb Walker","floor":36.0,"turns":3.0},{"damage":22.0,"enemies":"Maw","floor":37.0,"turns":5.0},{"damage":33,"enemies":"4 Shapes","floor":39,"turns":3},{"damage":8,"enemies":"Giant Head","floor":41,"turns":4},{"damage":33,"enemies":"Sphere and 2 Shapes","floor":45,"turns":6},{"damage":6,"enemies":"Transient","floor":48,"turns":5},{"damage":51,"enemies":"Donu and Deca","floor":50,"turns":7}],"seed_played":"1729559072901763157","potions_obtained":[{"floor":3.0,"key":"Fire Potion"},{"floor":10.0,"key":"SkillPotion"},{"floor":12.0,"key":"Poison Potion"},{"floor":14.0,"key":"FairyPotion"},{"floor":23.0,"key":"FairyPotion"},{"floor":25.0,"key":"SteroidPotion"},{"floor":36.0,"key":"Strength Potion"}],"is_trial":false,"path_per_floor":["M","?","M","M","?","$","E","R","T","M","?","M","$","M","R","B",null,"M","M","M","M","$","E","R","?","T","R","M","?","M","?","R","B",null,"M","M","M","?","M","R","E","$","T","R","M","R","$","M","R","B",null],"character_chosen":"IRONCLAD","items_purchased":["Headbutt","Armaments"],"campfire_rested":3,"item_purchase_floors":[13,42],"current_hp_per_floor":[73,73,76,80,80,80,45,45,45,54,56,68,68,65,65,45,71,71,80,80,63,63,24,48,48,48,72,53,53,64,64,64,39,70,72,72,68,68,71,71,80,80,80,80,53,77,77,80,80,49],"gold":80,"neow_bonus":"RANDOM_COMMON_RELIC","is_prod":false,"is_daily":false,"chose_seed":false,"campfire_upgraded":6,"win_rate":0,"timestamp":1544787932,"path_taken":["M","?","?","M","?","?","E","R","T","M","?","M","$","?","R","BOSS","M","M","M","M","$","E","R","?","T","R","?","?","?","?","R","BOSS","M","M","M","?","M","R","E","$","T","R","M","R","$","M","R","BOSS"],"build_version":"2018-12-13","purchased_purges":4,"victory":true,"max_hp_per_floor":[80,80,80,80,80,80,80,80,80,80,80,80,80,80,80,80,80,80,80,80,80,80,80,80,80,80,80,80,80,80,80,80,80,80,80,80,80,80,80,80,80,80,80,80,80,80,80,80,80,80],"card_choices":[{"not_picked":["Cleave","Flex"],"picked":"Shrug It Off","floor":1.0},{"not_picked":["Havoc","Warcry"],"picked":"Clash","floor":3.0},{"not_picked":["Carnage","Infernal Blade","Heavy Blade"],"picked":"SKIP","floor":4.0},{"not_picked":["Shockwave","Warcry"],"picked":"Reaper","floor":7.0},{"not_picked":["Sever Soul","Sword Boomerang","Headbutt"],"picked":"SKIP","floor":10.0},{"not_picked":["Ghostly Armor","Combust"],"picked":"Inflame","floor":11.0},{"not_picked":["Ghostly Armor","Twin Strike"],"picked":"Rampage","floor":12.0},{"not_picked":["Heavy Blade","Havoc"],"picked":"Pommel Strike","floor":14.0},{"not_picked":["Feed","Limit Break"],"picked":"Offering","floor":16.0},{"not_picked":["Spot Weakness","Wild Strike"],"picked":"Seeing Red","floor":18.0},{"not_picked":["Perfected Strike+1","True Grit"],"picked":"Shockwave+1","floor":19.0},{"not_picked":["Feel No Pain","Hemokinesis+1"],"picked":"Shrug It Off","floor":20.0},{"not_picked":["Perfected Strike","Spot Weakness"],"picked":"Seeing Red","floor":21.0},{"not_picked":["Hemokinesis","True Grit","Sentinel+1"],"picked":"SKIP","floor":23.0},{"not_picked":["Heavy Blade","Metallicize","Clash"],"picked":"SKIP","floor":28.0},{"not_picked":["Pommel Strike","Immolate","Dual Wield"],"picked":"SKIP","floor":30.0},{"not_picked":["Immolate","Impervious"],"picked":"Double Tap","floor":33.0},{"not_picked":["Wild Strike","Sword Boomerang","Warcry"],"picked":"SKIP","floor":35.0},{"not_picked":["Headbutt","Fire Breathing","Body Slam+1"],"picked":"SKIP","floor":36.0},{"not_picked":["Second Wind+1","Reckless Charge","Warcry"],"picked":"SKIP","floor":37.0},{"not_picked":["Mayhem","Chrysalis"],"picked":"Purity","floor":38.0},{"not_picked":["Warcry","Shrug It Off","Pommel Strike"],"picked":"SKIP","floor":39},{"not_picked":["Corruption","Evolve"],"picked":"Uppercut+1","floor":41},{"not_picked":["Hemokinesis+1","Second Wind+1","Pommel Strike+1"],"picked":"SKIP","floor":45},{"not_picked":["True Grit+1","Clash+1","Flame Barrier"],"picked":"SKIP","floor":48}],"player_experience":99252,"relics_obtained":[{"floor":7.0,"key":"War Paint"},{"floor":9.0,"key":"Letter Opener"},{"floor":11.0,"key":"Sundial"},{"floor":23.0,"key":"PreservedInsect"},{"floor":26.0,"key":"Orichalcum"},{"floor":41,"key":"The Courier"},{"floor":43,"key":"Meat on the Bone"}],"event_choices":[{"cards_removed":["Strike_R"],"damage_healed":0.0,"max_hp_gain":0.0,"max_hp_loss":0.0,"gold_gain":0.0,"event_name":"Bonfire Elementals","player_choice":"Offered Basic","floor":2.0,"gold_loss":0.0,"damage_taken":0.0},{"cards_removed":["Defend_R"],"damage_healed":0.0,"max_hp_gain":0.0,"max_hp_loss":0.0,"gold_gain":0.0,"event_name":"The Cleric","player_choice":"Card Removal","floor":5.0,"gold_loss":50.0,"damage_taken":0.0},{"damage_healed":0.0,"max_hp_gain":0.0,"max_hp_loss":0.0,"gold_gain":30.0,"event_name":"Dead Adventurer","player_choice":"Searched \u00273\u0027 times","floor":11.0,"gold_loss":0.0,"damage_taken":0.0},{"damage_healed":0.0,"max_hp_gain":0.0,"max_hp_loss":0.0,"gold_gain":0.0,"event_name":"The Woman in Blue","player_choice":"Bought 1 Potion","floor":25.0,"gold_loss":0.0,"damage_taken":0.0},{"damage_healed":0.0,"max_hp_gain":0.0,"max_hp_loss":0.0,"gold_gain":0.0,"event_name":"WeMeetAgain","player_choice":"Paid Gold","floor":29.0,"gold_loss":137.0,"damage_taken":0.0,"relics_obtained":["Bird Faced Urn"]},{"damage_healed":0.0,"max_hp_gain":0.0,"max_hp_loss":0.0,"gold_gain":0.0,"event_name":"Masked Bandits","player_choice":"Paid Fearfully","floor":31.0,"gold_loss":68.0,"damage_taken":0.0},{"damage_healed":0.0,"max_hp_gain":0.0,"max_hp_loss":0.0,"gold_gain":0.0,"event_name":"SensoryStone","player_choice":"Memory 1","floor":38.0,"gold_loss":0.0,"damage_taken":0.0}],"is_beta":false,"boss_relics":[{"not_picked":["Philosopher\u0027s Stone","Coffee Dripper"],"picked":"Empty Cage"},{"not_picked":["Mark of Pain","Eternal Feather"],"picked":"Runic Pyramid"}],"items_purged_floors":[6,13,22,42],"is_endless":false,"potions_floor_spawned":[3,10,12,14,16,21,23,33,36,37,39],"ascension_level":9}