{"gold_per_floor":[113,124,69,85,96,96,123,138,138,10,10,26,26,60,60,132,132,144,144,179,40,55,55,2,2,2,15,15],"floor_reached":28,"playtime":1107,"items_purged":["Strike_R","Strike_R"],"score":456,"play_id":"2734ce12-10cb-4512-892c-e67d1c17f5b4","local_time":"20190702234222","is_ascension_mode":true,"campfire_choices":[{"floor":6.0,"key":"REST"},{"data":"Bash","floor":15,"key":"SMITH"},{"floor":23,"key":"REST"},{"data":"Pommel Strike","floor":25,"key":"SMITH"}],"neow_cost":"PERCENT_DAMAGE","seed_source_timestamp":563634680609100,"circlet_count":0,"master_deck":["AscendersBane","Defend_R","Defend_R","Defend_R","Defend_R","Bash+1","Carnage","Pommel Strike+1","Spot Weakness","Immolate","True Grit","Rage","Anger","Reaper","Sever Soul+1","Headbutt+1","Dropkick+1","Heavy Blade","Whirlwind","Thunderclap","Shrug It Off+1"],"special_seed":0,"relics":["Burning Blood","Nunchaku","Mercury Hourglass","Shuriken","Bronze Scales","Astrolabe","Red Mask","Strawberry"],"potions_floor_usage":[16,22,28],"damage_taken":[{"damage":6.0,"enemies":"Cultist","floor":1.0,"turns":3.0},{"damage":9.0,"enemies":"Jaw Worm","floor":2.0,"turns":4.0},{"damage":8.0,"enemies":"2 Louse","floor":4.0,"turns":2.0},{"damage":38.0,"enemies":"Exordium Thugs","floor":5.0,"turns":4.0},{"damage":8.0,"enemies":"Gremlin Nob","floor":7.0,"turns":3.0},{"damage":0.0,"enemies":"2 Fungi Beasts","floor":8.0,"turns":2.0},{"damage":4.0,"enemies":"Looter","floor":12.0,"turns":2.0},{"damage":25.0,"enemies":"Lagavulin","floor":14.0,"turns":5.0},{"damage":20,"enemies":"Hexaghost","floor":16,"turns":7},{"damage":18,"enemies":"Shell Parasite","floor":18,"turns":3},{"damage":49,"enemies":"Masked Bandits","floor":20,"turns":5},{"damage":15,"enemies":"2 Thieves","floor":22,"turns":3},{"damage":21,"enemies":"Sentry and Sphere","floor":27,"turns":4},{"damage":35,"enemies":"Shelled Parasite and Fungi","floor":28,"turns":2}],"seed_played":"-6306473163647457408","potions_obtained":[{"floor":1.0,"key":"Explosive Potion"},{"floor":8.0,"key":"PowerPotion"},{"floor":16,"key":"Dexterity Potion"},{"floor":20,"key":"AttackPotion"},{"floor":22,"key":"AttackPotion"}],"is_trial":false,"path_per_floor":["M","M","$","M","M","R","E","M","T","$","?","M","?","E","R","B",null,"M","?","?","$","M","R","$","R","T","M","M"],"character_chosen":"IRONCLAD","items_purchased":["Fire Potion","True Grit","Whirlwind","Thunderclap"],"campfire_rested":2,"item_purchase_floors":[3,10,21,24],"current_hp_per_floor":[50,47,47,45,13,35,33,39,39,39,39,41,41,22,22,8,58,46,46,11,11,12,34,34,34,41,28,0],"gold":15,"neow_bonus":"ONE_RARE_RELIC","is_prod":false,"is_daily":false,"chose_seed":false,"campfire_upgraded":2,"win_rate":0,"timestamp":1562136142,"path_taken":["M","?","?","M","?","R","E","M","T","$","?","M","?","E","R","BOSS","M","?","?","$","M","R","$","R","T","M","M"],"build_version":"2019-07-01","purchased_purges":2,"victory":false,"max_hp_per_floor":[75,75,75,75,75,75,75,75,75,75,75,75,75,75,75,75,75,75,75,75,75,75,75,75,75,82,82,82],"card_choices":[{"not_picked":["Perfected Strike","Warcry"],"picked":"Carnage","floor":1.0},{"not_picked":["Rupture","Perfected Strike"],"picked":"Pommel Strike","floor":2.0},{"not_picked":["Warcry","Twin Strike"],"picked":"Spot Weakness","floor":4.0},{"not_picked":["Pommel Strike","Rupture","Clothesline"],"picked":"SKIP","floor":5.0},{"not_picked":["Heavy Blade","Searing Blow"],"picked":"Immolate","floor":7.0},{"not_picked":["Reckless Charge","Sword Boomerang","Havoc"],"picked":"SKIP","floor":8.0},{"not_picked":["Ghostly Armor","Sword Boomerang"],"picked":"Rage","floor":12.0},{"not_picked":["Perfected Strike","Searing Blow"],"picked":"Anger","floor":14.0},{"not_picked":["Immolate","Juggernaut"],"picked":"Reaper","floor":16},{"not_picked":["Thunderclap","Searing Blow"],"picked":"Heavy Blade","floor":18},{"not_picked":["Dual Wield","Flex+1","Sever Soul"],"picked":"SKIP","floor":22},{"not_picked":["Clothesline","Iron Wave"],"picked":"Shrug It Off+1","floor":27}],"player_experience":643030,"relics_obtained":[{"floor":7.0,"key":"Mercury Hourglass"},{"floor":9.0,"key":"Shuriken"},{"floor":14.0,"key":"Bronze Scales"},{"floor":20,"key":"Red Mask"},{"floor":26,"key":"Strawberry"}],"event_choices":[{"damage_healed":0.0,"max_hp_gain":0.0,"max_hp_loss":0.0,"gold_gain":0.0,"event_name":"Golden Idol","player_choice":"Ignored","floor":11.0,"gold_loss":0.0,"damage_taken":0.0},{"damage_healed":0.0,"max_hp_gain":0.0,"max_hp_loss":0.0,"gold_gain":0.0,"event_name":"Lab","player_choice":"Got Potions","floor":13.0,"gold_loss":0.0,"damage_taken":0.0},{"damage_healed":0,"gold_gain":0,"player_choice":"Ignored","damage_taken":0,"max_hp_gain":0,"max_hp_loss":0,"event_name":"Ghosts","floor":19,"gold_loss":0},{"damage_healed":0,"gold_gain":0,"player_choice":"Fought Bandits","damage_taken":0,"max_hp_gain":0,"max_hp_loss":0,"event_name":"Masked Bandits","floor":20,"gold_loss":0}],"is_beta":false,"boss_relics":[{"not_picked":["Pandora\u0027s Box","Empty Cage"],"picked":"Astrolabe"}],"items_purged_floors":[10,21],"is_endless":false,"potions_floor_spawned":[1,8,12,16,20,22],"killed_by":"Shelled Parasite and Fungi","ascension_level":20}