{"gold_per_floor":[118,118,134,134,84,116,116,132,156,190,190,365,394,407,407,509,509,493,43,53,53,53,85,105,105,129,146,146,158,168,178,178,280,280,295,295,308,324,324,324,355,355,355,355,355,374,398,15,15,15,15,15,15,15],"floor_reached":54,"playtime":2488,"items_purged":["Strike_B","Doubt"],"score":730,"play_id":"560e9707-9fd0-4f5d-b99f-5093a19d4855","local_time":"20181230031824","is_ascension_mode":false,"campfire_choices":[{"data":"Glacier","floor":7,"key":"SMITH"},{"data":"Defragment","floor":15,"key":"SMITH"},{"floor":25,"key":"REST"},{"floor":28,"key":"REST"},{"floor":32,"key":"RECALL"},{"floor":40,"key":"REST"},{"floor":42,"key":"REST"},{"floor":49,"key":"REST"},{"floor":52,"key":"REST"}],"neow_cost":"NONE","seed_source_timestamp":210684043333511,"circlet_count":0,"master_deck":["Strike_B+1","Defend_B+1","Defend_B+1","Zap+1","Dualcast+1","Beam Cell+1","Leap+1","Glacier+1","Hologram+1","Rebound+1","Defragment+1","Conserve Battery+1","Core Surge+1","Melter+1","Beam Cell+1","Go for the Eyes+1","Leap+1","Barrage+1","Streamline+1","Doom and Gloom+1","Capacitor+1","Barrage+1","Gash+1","Leap+1","Stack+1","Rainbow+1","BootSequence+1","Blind+1","Compile Driver+1","Undo+1","BootSequence+1","Cold Snap+1","Defragment+1","Glacier","Capacitor"],"relics":["Cracked Core","NeowsBlessing","Bag of Preparation","Blood Vial","Smiling Mask","Potion Belt","Fusion Hammer","Cables","Bottled Tornado","Anchor","Inserter","Bottled Flame","Mummified Hand","Mark of the Bloom","DollysMirror"],"potions_floor_usage":[10,16,24,33,33,33,33,33,50],"damage_taken":[{"damage":0,"enemies":"Small Slimes","floor":1,"turns":1},{"damage":0,"enemies":"Cultist","floor":3,"turns":1},{"damage":0,"enemies":"Gremlin Nob","floor":6,"turns":1},{"damage":0,"enemies":"2 Louse","floor":8,"turns":2},{"damage":8,"enemies":"3 Sentries","floor":10,"turns":10},{"damage":13,"enemies":"Lagavulin","floor":13,"turns":5},{"damage":0,"enemies":"Exordium Wildlife","floor":14,"turns":2},{"damage":33,"enemies":"Hexaghost","floor":16,"turns":14},{"damage":14,"enemies":"2 Thieves","floor":18,"turns":5},{"damage":0,"enemies":"Chosen","floor":20,"turns":6},{"damage":51,"enemies":"Gremlin Leader","floor":23,"turns":10},{"damage":9,"enemies":"Centurion and Healer","floor":24,"turns":9},{"damage":11,"enemies":"Snake Plant","floor":27,"turns":4},{"damage":1,"enemies":"Cultist and Chosen","floor":29,"turns":7},{"damage":4,"enemies":"Sentry and Sphere","floor":30,"turns":3},{"damage":5,"enemies":"Centurion and Healer","floor":31,"turns":4},{"damage":33,"enemies":"Collector","floor":33,"turns":12},{"damage":11,"enemies":"3 Shapes","floor":35,"turns":4},{"damage":0,"enemies":"Orb Walker","floor":37,"turns":5},{"damage":7,"enemies":"3 Darklings","floor":38,"turns":9},{"damage":52,"enemies":"Giant Head","floor":41,"turns":11},{"damage":13,"enemies":"Writhing Mass","floor":46,"turns":7},{"damage":13,"enemies":"Time Eater","floor":50,"turns":12},{"damage":19,"enemies":"Shield and Spear","floor":54,"turns":2}],"seed_played":"2850717234775496580","potions_obtained":[{"floor":6,"key":"SpeedPotion"},{"floor":8,"key":"PowerPotion"},{"floor":10,"key":"Block Potion"},{"floor":16,"key":"FearPotion"},{"floor":18,"key":"SpeedPotion"},{"floor":24,"key":"LiquidBronze"},{"floor":29,"key":"PowerPotion"},{"floor":30,"key":"Poison Potion"},{"floor":37,"key":"FocusPotion"}],"is_trial":false,"path_per_floor":["M","?","M","?","?","E","R","M","T","E","?","?","E","M","R","B",null,"M","$","M","?","?","E","M","R","T","M","R","M","M","M","R","B",null,"M","?","M","M","?","R","E","R","T","?","?","M","T","$","R","B",null,"R","$","E"],"character_chosen":"DEFECT","items_purchased":["Cables","Beam Cell","Go for the Eyes","Leap","DollysMirror","Glacier","Capacitor"],"campfire_rested":6,"item_purchase_floors":[19,19,19,19,48,48,48],"current_hp_per_floor":[75,75,75,75,75,75,75,75,75,67,60,60,49,51,51,20,75,61,61,63,63,63,14,7,29,29,20,42,43,41,38,38,7,75,64,64,66,61,61,71,19,40,40,40,40,27,27,27,27,14,14,14,14,0],"gold":15,"neow_bonus":"THREE_ENEMY_KILL","is_prod":false,"is_daily":false,"chose_seed":false,"campfire_upgraded":2,"win_rate":0,"timestamp":1546161504,"path_taken":["M","?","?","?","?","E","R","M","T","E","?","?","E","M","R","BOSS","M","$","M","?","?","E","M","R","T","M","R","M","M","M","R","BOSS","M","?","M","M","?","R","E","R","T","?","?","M","?","$","R","BOSS","R","$","E"],"build_version":"2018-12-20","purchased_purges":2,"victory":false,"max_hp_per_floor":[75,75,75,75,75,75,75,75,75,75,75,75,75,75,75,75,75,75,75,75,75,75,75,75,75,75,75,75,75,75,75,75,75,75,75,75,75,75,71,71,71,71,71,71,71,71,71,71,71,71,71,71,71,71],"card_choices":[{"not_picked":["Force Field","Sweeping Beam"],"picked":"Beam Cell","floor":1},{"not_picked":["Redo","Stack"],"picked":"Leap","floor":3},{"not_picked":["Streamline","Leap"],"picked":"Glacier","floor":6},{"not_picked":["Redo","Tempest"],"picked":"Hologram","floor":8},{"not_picked":["Genetic Algorithm","Echo Form"],"picked":"Rebound","floor":10},{"not_picked":["Darkness","Melter"],"picked":"Defragment","floor":13},{"not_picked":["Ball Lightning","Consume"],"picked":"Conserve Battery","floor":14},{"not_picked":["Reboot","Thunder Strike"],"picked":"Core Surge","floor":16},{"not_picked":["Coolheaded","Genetic Algorithm"],"picked":"Melter","floor":18},{"not_picked":["Self Repair","Go for the Eyes"],"picked":"Barrage+1","floor":20},{"not_picked":["Tempest","Meteor Strike"],"picked":"Doom and Gloom","floor":23},{"not_picked":["Hologram","Tempest"],"picked":"Capacitor","floor":24},{"not_picked":["Go for the Eyes","Fusion"],"picked":"Barrage+1","floor":27},{"not_picked":["Coolheaded","Aggregate"],"picked":"Gash+1","floor":29},{"not_picked":["Creative AI","Sweeping Beam"],"picked":"Leap","floor":30},{"not_picked":["Force Field","Compile Driver"],"picked":"Stack","floor":31},{"not_picked":["Multi-Cast","Amplify"],"picked":"Rainbow","floor":33},{"not_picked":["Loop","Turbo"],"picked":"BootSequence+1","floor":35},{"not_picked":["Chrysalis","Purity"],"picked":"Blind","floor":36},{"not_picked":["Ball Lightning","Auto Shields"],"picked":"Compile Driver+1","floor":37},{"not_picked":["Lockon+1","Go for the Eyes+1"],"picked":"Undo+1","floor":38},{"not_picked":["Streamline","Undo","BootSequence"],"picked":"SKIP","floor":41},{"not_picked":["Streamline","Undo"],"picked":"BootSequence","floor":41},{"not_picked":["Barrage","Redo+1"],"picked":"Cold Snap+1","floor":46}],"player_experience":57911,"relics_obtained":[{"floor":6,"key":"Bag of Preparation"},{"floor":9,"key":"Blood Vial"},{"floor":10,"key":"Smiling Mask"},{"floor":13,"key":"Potion Belt"},{"floor":23,"key":"Bottled Tornado"},{"floor":26,"key":"Anchor"},{"floor":41,"key":"Bottled Flame"},{"floor":43,"key":"Mummified Hand"}],"event_choices":[{"cards_removed":["Strike_B"],"damage_healed":0,"gold_gain":0,"player_choice":"Offered Basic","damage_taken":0,"max_hp_gain":0,"max_hp_loss":0,"event_name":"Bonfire Elementals","floor":2,"gold_loss":0},{"damage_healed":0,"gold_gain":0,"player_choice":"Grow","damage_taken":0,"max_hp_gain":0,"max_hp_loss":0,"event_name":"Living Wall","floor":4,"gold_loss":0,"cards_upgraded":["Zap"]},{"cards_removed":["Strike_B"],"damage_healed":0,"gold_gain":0,"player_choice":"Card Removal","damage_taken":0,"max_hp_gain":0,"max_hp_loss":0,"event_name":"The Cleric","floor":5,"gold_loss":50},{"cards_removed":["Defend_B"],"damage_healed":0,"gold_gain":0,"player_choice":"Card Removal","damage_taken":7,"max_hp_gain":0,"max_hp_loss":0,"event_name":"Golden Wing","floor":11,"gold_loss":0},{"damage_healed":0,"gold_gain":175,"player_choice":"AGREE","damage_taken":0,"max_hp_gain":0,"max_hp_loss":0,"event_name":"Liars Game","floor":12,"gold_loss":0,"cards_obtained":["Doubt"]},{"damage_healed":0,"gold_gain":0,"player_choice":"Ignored","damage_taken":0,"max_hp_gain":0,"max_hp_loss":0,"event_name":"Ghosts","floor":21,"gold_loss":0},{"damage_healed":0,"gold_gain":0,"player_choice":"Read","damage_taken":0,"max_hp_gain":0,"max_hp_loss":0,"event_name":"The Library","floor":22,"gold_loss":0,"cards_obtained":["Streamline"]},{"damage_healed":0,"gold_gain":0,"player_choice":"Memory 1","damage_taken":0,"max_hp_gain":0,"max_hp_loss":0,"event_name":"SensoryStone","floor":36,"gold_loss":0},{"damage_healed":0,"gold_gain":0,"player_choice":"Max HP","damage_taken":0,"max_hp_gain":0,"max_hp_loss":4,"event_name":"Winding Halls","floor":39,"gold_loss":0},{"damage_healed":0,"gold_gain":0,"player_choice":"Upgrade","damage_taken":0,"relics_obtained":["Mark of the Bloom"],"max_hp_gain":0,"max_hp_loss":0,"event_name":"MindBloom","floor":44,"gold_loss":0,"cards_upgraded":["Strike_B","Defend_B","Defend_B","Defend_B","Dualcast","Beam Cell","Leap","Hologram","Rebound","Conserve Battery","Core Surge","Melter","Beam Cell","Go for the Eyes","Leap","Streamline","Doom and Gloom","Capacitor","Leap","Stack","Rainbow","Blind","BootSequence"]},{"cards_removed":["Defend_B"],"damage_healed":0,"gold_gain":0,"player_choice":"Removed Skill","damage_taken":0,"max_hp_gain":0,"max_hp_loss":0,"event_name":"Falling","floor":45,"gold_loss":0}],"is_beta":false,"boss_relics":[{"not_picked":["Eternal Feather","Coffee Dripper"],"picked":"Fusion Hammer"},{"not_picked":["Runic Pyramid","Velvet Choker"],"picked":"Inserter"}],"items_purged_floors":[19,48],"is_endless":false,"potions_floor_spawned":[6,8,10,16,18,24,29,30,37],"killed_by":"Shield and Spear","ascension_level":0}