{"gold_per_floor":[114,127,139,139,139,168,168,195,195,195,211,230,230,195,195,285,285,306,306,5,25,50,85,85,120,143,161,186,211,252,265,265,354,354,372,106,121,142,142,142,180,180,180,180,218,237,277,67,67,67,67,67,67,14,14],"floor_reached":55,"playtime":2727,"items_purged":["Strike_R"],"score":2029,"play_id":"64f84f2c-412b-4efa-a7bb-3a867b3781ee","local_time":"20190817134634","is_ascension_mode":true,"campfire_choices":[{"data":"Body Slam","floor":7.0,"key":"SMITH"},{"floor":10.0,"key":"REST"},{"data":"Demon Form","floor":15.0,"key":"SMITH"},{"floor":24.0,"key":"RECALL"},{"floor":32.0,"key":"REST"},{"floor":40.0,"key":"REST"},{"floor":44.0,"key":"REST"},{"floor":49.0,"key":"REST"},{"floor":53.0,"key":"REST"}],"neow_cost":"NONE","seed_source_timestamp":0,"circlet_count":0,"master_deck":["AscendersBane","Strike_R","Defend_R","Defend_R","Defend_R","Defend_R","Bash","Battle Trance","Second Wind","Body Slam+1","Headbutt","Shockwave","Corruption","Demon Form+1","Combust","Reaper","Heavy Blade","Reaper","Immolate","Impervious","True Grit","Shrug It Off+1","Armaments","Disarm","Double Tap","Sword Boomerang","Exhume","Feel No Pain","Finesse","Ghostly Armor","Feel No Pain+1","Dark Embrace","Disarm"],"special_seed":0,"relics":["Burning Blood","Omamori","FossilizedHelix","Bottled Tornado","Golden Idol","Fusion Hammer","Kunai","Matryoshka","Bronze Scales","Lantern","Blue Candle","Empty Cage","Nunchaku","Pen Nib","Pear","Ancient Tea Set","Strange Spoon"],"potions_floor_usage":[55,55],"damage_taken":[{"damage":3.0,"enemies":"2 Louse","floor":1.0,"turns":3.0},{"damage":9.0,"enemies":"Jaw Worm","floor":2.0,"turns":4.0},{"damage":1.0,"enemies":"Cultist","floor":3.0,"turns":3.0},{"damage":32.0,"enemies":"Gremlin Nob","floor":6.0,"turns":4.0},{"damage":36.0,"enemies":"3 Sentries","floor":8.0,"turns":10.0},{"damage":0.0,"enemies":"Blue Slaver","floor":11.0,"turns":4.0},{"damage":0.0,"enemies":"Looter","floor":12.0,"turns":3.0},{"damage":6.0,"enemies":"Slime Boss","floor":16.0,"turns":9.0},{"damage":16.0,"enemies":"Spheric Guardian","floor":18.0,"turns":4.0},{"damage":33.0,"enemies":"2 Thieves","floor":21.0,"turns":4.0},{"damage":45.0,"enemies":"Chosen and Byrds","floor":22.0,"turns":4.0},{"damage":57.0,"enemies":"Gremlin Leader","floor":23.0,"turns":6.0},{"damage":47.0,"enemies":"Book of Stabbing","floor":25.0,"turns":6.0},{"damage":12.0,"enemies":"Snake Plant","floor":27.0,"turns":5.0},{"damage":31.0,"enemies":"Centurion and Healer","floor":28.0,"turns":11.0},{"damage":33.0,"enemies":"Sentry and Sphere","floor":29.0,"turns":4.0},{"damage":23.0,"enemies":"Gremlin Leader","floor":30.0,"turns":6.0},{"damage":0.0,"enemies":"Snecko","floor":31.0,"turns":5.0},{"damage":102.0,"enemies":"Automaton","floor":33.0,"turns":9.0},{"damage":46.0,"enemies":"3 Darklings","floor":35.0,"turns":5.0},{"damage":23.0,"enemies":"3 Shapes","floor":37.0,"turns":13.0},{"damage":24.0,"enemies":"Writhing Mass","floor":38.0,"turns":7.0},{"damage":25.0,"enemies":"Nemesis","floor":41.0,"turns":9.0},{"damage":32.0,"enemies":"Reptomancer","floor":45.0,"turns":7.0},{"damage":37.0,"enemies":"3 Darklings","floor":46.0,"turns":2.0},{"damage":5.0,"enemies":"Giant Head","floor":47.0,"turns":7.0},{"damage":89.0,"enemies":"Awakened One","floor":50.0,"turns":13.0},{"damage":39.0,"enemies":"Time Eater","floor":51.0,"turns":9.0},{"damage":135,"enemies":"Shield and Spear","floor":55,"turns":5}],"seed_played":"-7189881079619166366","potions_obtained":[{"floor":2.0,"key":"EssenceOfSteel"},{"floor":3.0,"key":"Dexterity Potion"},{"floor":8.0,"key":"GamblersBrew"},{"floor":16.0,"key":"BloodPotion"},{"floor":25.0,"key":"Regen Potion"},{"floor":27.0,"key":"Weak Potion"},{"floor":31.0,"key":"PowerPotion"},{"floor":46.0,"key":"Swift Potion"}],"is_trial":false,"path_per_floor":["M","M","M","?","?","E","R","E","T","R","M","M","?","?","R","B",null,"M","?","$","M","M","E","R","E","T","M","M","M","E","M","R","B",null,"M","$","M","M","$","R","E","?","T","R","E","M","E","$","R","B","B",null,"R","$","E"],"character_chosen":"IRONCLAD","items_purchased":["Immolate","Impervious","Explosive Potion","Feel No Pain","Finesse","Strange Spoon","PowerPotion"],"campfire_rested":6,"item_purchase_floors":[20,20,20,36,36,48,54],"current_hp_per_floor":[71,68,73,66,66,40,40,10,10,32,38,44,44,61,61,61,66,68,68,68,59,42,68,68,68,68,68,69,45,47,77,77,23,64,50,50,77,68,68,83,71,93,93,93,103,96,103,103,103,73,103,103,103,103,0],"gold":14,"neow_bonus":"THREE_CARDS","is_prod":false,"is_daily":false,"chose_seed":false,"campfire_upgraded":2,"win_rate":0,"timestamp":1566074794,"path_taken":["M","M","M","?","?","E","R","E","T","R","M","?","?","?","R","BOSS","M","?","$","M","M","E","R","E","T","M","?","M","E","M","R","BOSS","M","$","M","M","$","R","E","?","T","R","E","M","E","?","R","BOSS","BOSS","R","$","E"],"build_version":"2019-07-17","purchased_purges":1,"victory":false,"max_hp_per_floor":[75,75,75,75,75,75,75,75,75,75,75,75,68,68,68,68,68,68,68,68,68,68,68,68,68,68,68,71,74,77,77,77,77,77,77,77,83,83,83,83,83,93,93,93,103,103,103,103,103,103,103,103,103,103,103],"card_choices":[{"not_picked":["Shrug It Off","Disarm"],"picked":"Battle Trance","floor":0.0},{"not_picked":["Pommel Strike","Clothesline"],"picked":"Second Wind","floor":1.0},{"not_picked":["Armaments","Havoc"],"picked":"Body Slam","floor":2.0},{"not_picked":["Metallicize","Offering"],"picked":"Headbutt","floor":3.0},{"not_picked":["Uppercut","Clothesline"],"picked":"Corruption","floor":6.0},{"not_picked":["Sever Soul","Headbutt"],"picked":"Demon Form","floor":8.0},{"not_picked":["Spot Weakness","Rage"],"picked":"Combust","floor":11.0},{"not_picked":["Dropkick","Warcry","Metallicize"],"picked":"SKIP","floor":12.0},{"not_picked":["Limit Break","Offering"],"picked":"Reaper","floor":16.0},{"not_picked":["Bloodletting","Clash"],"picked":"Heavy Blade","floor":18.0},{"not_picked":["Rampage+1","Pummel+1"],"picked":"True Grit","floor":21.0},{"not_picked":["Headbutt","Carnage"],"picked":"Shrug It Off+1","floor":22.0},{"not_picked":["Hemokinesis","Heavy Blade"],"picked":"Armaments","floor":23.0},{"not_picked":["Sword Boomerang+1","Dual Wield"],"picked":"Disarm","floor":25.0},{"not_picked":["Twin Strike","Body Slam"],"picked":"Feed","floor":27.0},{"not_picked":["Cleave","Thunderclap+1","Wild Strike"],"picked":"SKIP","floor":28.0},{"not_picked":["Wild Strike","Cleave+1"],"picked":"Double Tap","floor":29.0},{"not_picked":["Heavy Blade","Rupture","Intimidate"],"picked":"SKIP","floor":30.0},{"not_picked":["Anger","Warcry"],"picked":"Sword Boomerang","floor":31.0},{"not_picked":["Limit Break","Fiend Fire"],"picked":"Exhume","floor":33.0},{"not_picked":["Searing Blow","Body Slam","Cleave+1"],"picked":"SKIP","floor":35.0},{"not_picked":["Cleave","Intimidate"],"picked":"Ghostly Armor","floor":37.0},{"not_picked":["Power Through","Havoc+1"],"picked":"Feel No Pain+1","floor":38.0},{"not_picked":["Clash","Warcry","Iron Wave"],"picked":"SKIP","floor":41.0},{"not_picked":["Spot Weakness+1","Sword Boomerang"],"picked":"Dark Embrace","floor":45.0},{"not_picked":["Twin Strike","Body Slam","Perfected Strike+1"],"picked":"SKIP","floor":46.0},{"not_picked":["Barricade","Wild Strike"],"picked":"Disarm","floor":47.0}],"player_experience":798071,"relics_obtained":[{"floor":6.0,"key":"Omamori"},{"floor":8.0,"key":"FossilizedHelix"},{"floor":9.0,"key":"Bottled Tornado"},{"floor":23.0,"key":"Kunai"},{"floor":25.0,"key":"Matryoshka"},{"floor":26.0,"key":"Bronze Scales"},{"floor":26.0,"key":"Lantern"},{"floor":30.0,"key":"Blue Candle"},{"floor":41.0,"key":"Nunchaku"},{"floor":43.0,"key":"Pen Nib"},{"floor":45.0,"key":"Pear"},{"floor":47.0,"key":"Ancient Tea Set"}],"event_choices":[{"cards_removed":["Strike_R"],"damage_healed":0.0,"max_hp_gain":0.0,"max_hp_loss":0.0,"gold_gain":0.0,"event_name":"Golden Wing","player_choice":"Card Removal","floor":4.0,"gold_loss":0.0,"damage_taken":7.0},{"damage_healed":0.0,"max_hp_gain":0.0,"max_hp_loss":0.0,"gold_gain":0.0,"event_name":"Match and Keep!","player_choice":"1 cards matched","floor":5.0,"gold_loss":0.0,"damage_taken":0.0,"cards_obtained":["Shockwave"]},{"damage_healed":0.0,"max_hp_gain":0.0,"max_hp_loss":7.0,"gold_gain":0.0,"event_name":"Golden Idol","player_choice":"Lose Max HP","floor":13.0,"gold_loss":0.0,"damage_taken":0.0,"relics_obtained":["Golden Idol"]},{"damage_healed":17.0,"max_hp_gain":0.0,"max_hp_loss":0.0,"gold_gain":0.0,"event_name":"The Cleric","player_choice":"Healed","floor":14.0,"gold_loss":35.0,"damage_taken":0.0},{"damage_healed":0.0,"max_hp_gain":0.0,"max_hp_loss":0.0,"gold_gain":0.0,"event_name":"Duplicator","player_choice":"Copied","floor":19.0,"gold_loss":0.0,"damage_taken":0.0,"cards_obtained":["Reaper"]},{"cards_removed":["Feed"],"damage_healed":12.0,"max_hp_gain":10.0,"max_hp_loss":0.0,"gold_gain":0.0,"event_name":"Bonfire Elementals","player_choice":"Offered Rare","floor":42.0,"gold_loss":0.0,"damage_taken":0.0}],"is_beta":false,"boss_relics":[{"not_picked":["Runic Pyramid","Philosopher\u0027s Stone"],"picked":"Fusion Hammer"},{"not_picked":["Orrery","Runic Dome"],"picked":"Empty Cage"}],"items_purged_floors":[36],"is_endless":false,"potions_floor_spawned":[2,3,6,8,16,18,25,27,31,35,38,46],"killed_by":"Shield and Spear","ascension_level":20}