{"gold_per_floor":[115,130,150,161,7,7,34,47,47,47,10,185,185,196,196,301,301,316,336,354,367,386,386,386,386,462,462,4,14,14,28,28,126,126,146,246,263,82,97,97,97,115,183,183,183,211,211,223,223,223],"floor_reached":50,"playtime":3290,"items_purged":["Doubt","Strike_R"],"score":551,"play_id":"42620bfe-68d7-4c13-a66f-6362294dc3a9","local_time":"20190830232436","is_ascension_mode":false,"campfire_choices":[{"data":"Body Slam","floor":6,"key":"SMITH"},{"data":"Metallicize","floor":13,"key":"SMITH"},{"data":"Flame Barrier","floor":15,"key":"SMITH"},{"floor":23,"key":"REST"},{"data":"Juggernaut","floor":25,"key":"SMITH"},{"data":"Shrug It Off","floor":27,"key":"SMITH"},{"data":"Mayhem","floor":30,"key":"SMITH"},{"data":"Demon Form","floor":32,"key":"SMITH"},{"data":"Metallicize","floor":40,"key":"SMITH"},{"data":"Ghostly Armor","floor":44,"key":"SMITH"},{"floor":49,"key":"REST"}],"neow_cost":"NONE","seed_source_timestamp":1229826752243200,"circlet_count":0,"master_deck":["Strike_R","Strike_R","Strike_R","Strike_R","Defend_R","Defend_R","Defend_R","Defend_R","Bash","Body Slam","Body Slam+1","Flame Barrier+1","Metallicize+1","Battle Trance","Juggernaut+1","Iron Wave","Armaments+1","Shrug It Off+1","Trip","Bludgeon","Shrug It Off","Mayhem+1","Reaper","Fire Breathing+1","Metallicize+1","Ghostly Armor+1","Enlightenment","Metamorphosis","Entrench+1"],"relics":["Burning Blood","Oddly Smooth Stone","Self Forming Clay","Incense Burner","Runic Dome","Bottled Tornado","Sozu","Nunchaku","Pear","Ice Cream"],"potions_floor_usage":[16,33,46,46],"damage_taken":[{"damage":4,"enemies":"Cultist","floor":1,"turns":5},{"damage":4,"enemies":"Small Slimes","floor":2,"turns":5},{"damage":1,"enemies":"2 Louse","floor":3,"turns":3},{"damage":13,"enemies":"Blue Slaver","floor":4,"turns":5},{"damage":52,"enemies":"Lagavulin","floor":7,"turns":10},{"damage":0,"enemies":"Lots of Slimes","floor":8,"turns":5},{"damage":13,"enemies":"Exordium Wildlife","floor":14,"turns":7},{"damage":0,"enemies":"Hexaghost","floor":16,"turns":7},{"damage":6,"enemies":"Shell Parasite","floor":18,"turns":6},{"damage":24,"enemies":"3 Byrds","floor":19,"turns":3},{"damage":30,"enemies":"Snake Plant","floor":20,"turns":5},{"damage":16,"enemies":"Sentry and Sphere","floor":21,"turns":6},{"damage":12,"enemies":"Chosen and Byrds","floor":22,"turns":6},{"damage":0,"enemies":"3 Cultists","floor":29,"turns":4},{"damage":0,"enemies":"Sentry and Sphere","floor":31,"turns":4},{"damage":36,"enemies":"Champ","floor":33,"turns":8},{"damage":21,"enemies":"3 Shapes","floor":35,"turns":4},{"damage":33,"enemies":"Mind Bloom Boss Battle","floor":36,"turns":5},{"damage":2,"enemies":"3 Darklings","floor":37,"turns":5},{"damage":1,"enemies":"Transient","floor":39,"turns":5},{"damage":24,"enemies":"Jaw Worm Horde","floor":42,"turns":5},{"damage":49,"enemies":"Nemesis","floor":46,"turns":7},{"damage":5,"enemies":"3 Darklings","floor":48,"turns":5},{"damage":69,"enemies":"Time Eater","floor":50,"turns":6}],"seed_played":"-4513146904022559271","potions_obtained":[{"floor":3,"key":"Energy Potion"},{"floor":8,"key":"PowerPotion"},{"floor":14,"key":"Energy Potion"},{"floor":20,"key":"SpeedPotion"},{"floor":33,"key":"Block Potion"}],"is_trial":false,"path_per_floor":["M","M","M","M","$","R","E","M","T","?","$","?","R","M","R","B",null,"M","M","M","M","M","R","?","R","T","R","$","M","R","M","R","B",null,"M","?","M","$","M","R","?","M","T","R","?","E","?","M","R","B"],"character_chosen":"IRONCLAD","items_purchased":["Oddly Smooth Stone","Metallicize","Shrug It Off","Mayhem","Demon Form","Metallicize"],"campfire_rested":2,"item_purchase_floors":[5,11,28,28,28,38],"current_hp_per_floor":[88,88,88,81,81,81,35,41,41,41,41,41,41,34,34,40,88,88,70,46,36,30,56,56,56,56,56,56,62,62,68,68,38,88,88,61,70,70,85,85,85,67,77,77,72,29,29,34,63,0],"gold":223,"neow_bonus":"TEN_PERCENT_HP_BONUS","is_prod":false,"is_daily":false,"chose_seed":false,"campfire_upgraded":9,"win_rate":0,"timestamp":1567232676,"path_taken":["M","M","M","M","$","R","E","?","T","?","$","?","R","M","R","BOSS","M","M","M","M","M","R","?","R","T","R","$","?","R","M","R","BOSS","M","?","M","$","M","R","?","M","T","R","?","E","?","M","R","BOSS"],"build_version":"2019-07-17","purchased_purges":2,"victory":false,"max_hp_per_floor":[88,88,88,88,88,88,88,88,88,88,88,88,88,88,88,88,88,88,88,88,88,88,88,88,88,88,88,88,88,88,88,88,88,88,88,88,88,88,88,88,88,88,98,98,98,98,98,98,98,98],"card_choices":[{"not_picked":["Clash","Sword Boomerang","Rupture"],"picked":"SKIP","floor":1},{"not_picked":["Whirlwind","Uppercut","Heavy Blade"],"picked":"SKIP","floor":2},{"not_picked":["Heavy Blade","Inflame"],"picked":"Body Slam","floor":3},{"not_picked":["Heavy Blade","Clothesline"],"picked":"Body Slam","floor":4},{"not_picked":["True Grit","Shockwave"],"picked":"Flame Barrier","floor":7},{"not_picked":["Sword Boomerang","True Grit","Heavy Blade"],"picked":"SKIP","floor":8},{"not_picked":["Perfected Strike","Fiend Fire"],"picked":"Battle Trance","floor":14},{"not_picked":["Brutality","Impervious"],"picked":"Juggernaut","floor":16},{"not_picked":["Clothesline","Clash+1","Thunderclap"],"picked":"SKIP","floor":18},{"not_picked":["Whirlwind+1","Anger","Perfected Strike+1"],"picked":"SKIP","floor":19},{"not_picked":["Infernal Blade","Thunderclap+1"],"picked":"Iron Wave","floor":20},{"not_picked":["True Grit+1","Hemokinesis"],"picked":"Armaments+1","floor":21},{"not_picked":["Headbutt+1","Anger"],"picked":"Shrug It Off","floor":22},{"not_picked":["Anger+1","Hemokinesis","Feel No Pain+1"],"picked":"SKIP","floor":29},{"not_picked":["Cleave","Combust","Berserk"],"picked":"SKIP","floor":31},{"not_picked":["Brutality","Bludgeon"],"picked":"Reaper","floor":33},{"not_picked":["Heavy Blade","True Grit","Sword Boomerang+1"],"picked":"SKIP","floor":35},{"not_picked":["Rupture+1","Headbutt+1"],"picked":"Fire Breathing+1","floor":36},{"not_picked":["Rampage","Power Through","Twin Strike+1"],"picked":"SKIP","floor":37},{"not_picked":["Bloodletting+1","Infernal Blade"],"picked":"Ghostly Armor","floor":39},{"not_picked":["True Grit+1","Clash+1","Offering"],"picked":"SKIP","floor":42},{"not_picked":["Dramatic Entrance","Dark Shackles"],"picked":"Enlightenment","floor":45},{"not_picked":["PanicButton","Flash of Steel"],"picked":"Metamorphosis","floor":45},{"not_picked":["Thunderclap","Second Wind+1"],"picked":"Entrench+1","floor":46},{"not_picked":["Bloodletting","Rampage","Clothesline"],"picked":"SKIP","floor":48}],"player_experience":18125,"relics_obtained":[{"floor":7,"key":"Self Forming Clay"},{"floor":9,"key":"Incense Burner"},{"floor":26,"key":"Bottled Tornado"},{"floor":36,"key":"Nunchaku"},{"floor":43,"key":"Pear"},{"floor":46,"key":"Ice Cream"}],"event_choices":[{"damage_healed":0,"gold_gain":0,"player_choice":"Leave","damage_taken":0,"max_hp_gain":0,"max_hp_loss":0,"event_name":"The Cleric","floor":10,"gold_loss":0},{"damage_healed":0,"gold_gain":175,"player_choice":"AGREE","damage_taken":0,"max_hp_gain":0,"max_hp_loss":0,"event_name":"Liars Game","floor":12,"gold_loss":0,"cards_obtained":["Doubt"]},{"damage_healed":0,"gold_gain":0,"player_choice":"2 cards matched","damage_taken":0,"max_hp_gain":0,"max_hp_loss":0,"event_name":"Match and Keep!","floor":24,"gold_loss":0,"cards_obtained":["Trip","Bludgeon"]},{"damage_healed":0,"gold_gain":0,"player_choice":"Fight","damage_taken":0,"max_hp_gain":0,"max_hp_loss":0,"event_name":"MindBloom","floor":36,"gold_loss":0},{"damage_healed":0,"gold_gain":0,"player_choice":"Ignored","damage_taken":0,"max_hp_gain":0,"max_hp_loss":0,"event_name":"Tomb of Lord Red Mask","floor":41,"gold_loss":0},{"damage_healed":0,"gold_gain":0,"player_choice":"Memory 2","damage_taken":5,"max_hp_gain":0,"max_hp_loss":0,"event_name":"SensoryStone","floor":45,"gold_loss":0},{"cards_removed":["Demon Form"],"damage_healed":0,"gold_gain":0,"player_choice":"Removed Power","damage_taken":0,"max_hp_gain":0,"max_hp_loss":0,"event_name":"Falling","floor":47,"gold_loss":0}],"is_beta":false,"boss_relics":[{"not_picked":["Calling Bell","Lizard Tail"],"picked":"Runic Dome"},{"not_picked":["Fusion Hammer","Tiny House"],"picked":"Sozu"}],"items_purged_floors":[28,38],"is_endless":false,"potions_floor_spawned":[3,8,14,20,31,33,36,37,39],"killed_by":"Time Eater","ascension_level":0}