{"gold_per_floor":[17,28,44,63,78,78,78,78,160,178,195,120,139,169,169,270,270,280,280,293,147,161,161,175,175,175,203,217,236,236,251,251,349,349,367,367,367],"floor_reached":38,"playtime":2989,"items_purged":["Defend_G","Defend_G"],"score":567,"play_id":"958e2a18-ea22-45bf-90f0-c9c66dfd666d","local_time":"20190903200840","is_ascension_mode":false,"campfire_choices":[{"data":"Neutralize","floor":6.0,"key":"SMITH"},{"data":"Blade Dance","floor":8.0,"key":"SMITH"},{"data":"Accuracy","floor":15.0,"key":"SMITH"},{"data":"Blade Dance","floor":23,"key":"SMITH"},{"floor":25,"key":"REST"},{"floor":30,"key":"REST"},{"floor":32,"key":"REST"}],"neow_cost":"NO_GOLD","seed_source_timestamp":1563724032912400,"circlet_count":0,"master_deck":["Strike_G","Strike_G","Strike_G","Defend_G+1","Defend_G","Defend_G","Survivor","Neutralize+1","Blade Dance+1","Backstab","PiercingWail+1","Dagger Spray","Choke","Well Laid Plans","Accuracy+1","Backstab","Backflip+1","Blade Dance+1","Acrobatics+1","Noxious Fumes","Glass Knife","Backflip","Backstab+1","After Image","After Image"],"special_seed":0,"relics":["Ring of the Serpent","Nunchaku","Sundial","Dream Catcher","War Paint","Busted Crown"],"potions_floor_usage":[28,29,33,37,37],"damage_taken":[{"damage":2.0,"enemies":"Cultist","floor":1.0,"turns":7.0},{"damage":2.0,"enemies":"2 Louse","floor":2.0,"turns":3.0},{"damage":0.0,"enemies":"Jaw Worm","floor":3.0,"turns":3.0},{"damage":0.0,"enemies":"Lots of Slimes","floor":4.0,"turns":6.0},{"damage":0.0,"enemies":"Large Slime","floor":5.0,"turns":8.0},{"damage":0.0,"enemies":"2 Fungi Beasts","floor":10.0,"turns":4.0},{"damage":3.0,"enemies":"Exordium Thugs","floor":11.0,"turns":5.0},{"damage":0.0,"enemies":"Exordium Wildlife","floor":13.0,"turns":2.0},{"damage":8.0,"enemies":"Hexaghost","floor":16.0,"turns":9.0},{"damage":5.0,"enemies":"2 Thieves","floor":18.0,"turns":4.0},{"damage":5.0,"enemies":"Spheric Guardian","floor":20.0,"turns":3.0},{"damage":13,"enemies":"Snecko","floor":22,"turns":4},{"damage":15,"enemies":"Chosen and Byrds","floor":24,"turns":6},{"damage":34,"enemies":"Gremlin Leader","floor":27,"turns":5},{"damage":2,"enemies":"3 Cultists","floor":28,"turns":4},{"damage":0,"enemies":"Centurion and Healer","floor":29,"turns":6},{"damage":10,"enemies":"Chosen and Byrds","floor":31,"turns":4},{"damage":35,"enemies":"Collector","floor":33,"turns":11},{"damage":0,"enemies":"3 Shapes","floor":35,"turns":5},{"damage":63,"enemies":"Time Eater","floor":37,"turns":13}],"seed_played":"2736043347382076341","potions_obtained":[{"floor":3.0,"key":"FearPotion"},{"floor":5.0,"key":"Energy Potion"},{"floor":11.0,"key":"Poison Potion"},{"floor":16.0,"key":"Strength Potion"},{"floor":24,"key":"Swift Potion"},{"floor":27,"key":"GhostInAJar"},{"floor":31,"key":"Weak Potion"},{"floor":33,"key":"SteroidPotion"},{"floor":35,"key":"Strength Potion"}],"is_trial":false,"path_per_floor":["M","M","M","M","M","R","?","R","T","M","M","$","M","?","R","B",null,"M","?","M","$","M","R","M","R","T","E","M","M","R","M","R","B",null,"M","?","B",null],"character_chosen":"THE_SILENT","items_purchased":["Blade Dance"],"campfire_rested":3,"item_purchase_floors":[21],"current_hp_per_floor":[68,66,66,66,66,66,54,54,54,54,51,51,51,51,51,43,70,65,58,53,53,40,40,25,46,46,12,10,10,31,21,42,7,70,70,70,7],"gold":367,"neow_bonus":"REMOVE_TWO","is_prod":false,"is_daily":false,"chose_seed":false,"campfire_upgraded":4,"win_rate":0,"timestamp":1567566520,"path_taken":["M","M","?","M","M","R","?","R","T","M","M","$","M","?","R","BOSS","M","?","M","$","?","R","M","R","T","E","M","M","R","M","R","BOSS","M","?","BOSS"],"build_version":"2019-07-17","purchased_purges":2,"victory":true,"max_hp_per_floor":[70,70,70,70,70,70,70,70,70,70,70,70,70,70,70,70,70,70,70,70,70,70,70,70,70,70,70,70,70,70,70,70,70,70,70,70,70],"card_choices":[{"not_picked":["Catalyst","Acrobatics"],"picked":"Blade Dance","floor":1.0},{"not_picked":["Poisoned Stab","Underhanded Strike"],"picked":"Backstab","floor":2.0},{"not_picked":["Riddle With Holes","Sucker Punch"],"picked":"PiercingWail","floor":3.0},{"not_picked":["Quick Slash","Backflip"],"picked":"Dagger Spray","floor":4.0},{"not_picked":["Slice","Backflip"],"picked":"Choke","floor":5.0},{"not_picked":["Deflect","Dash"],"picked":"Well Laid Plans","floor":10.0},{"not_picked":["Underhanded Strike","Dagger Throw","Dagger Spray"],"picked":"SKIP","floor":11.0},{"not_picked":["PiercingWail","Distraction"],"picked":"Accuracy","floor":13.0},{"not_picked":["Deflect","Slice"],"picked":"Backstab","floor":18.0},{"not_picked":["Outmaneuver","Sucker Punch"],"picked":"Backflip+1","floor":20.0},{"not_picked":["Escape Plan+1","Sucker Punch"],"picked":"Acrobatics+1","floor":22},{"not_picked":["Bane+1","Underhanded Strike"],"picked":"Noxious Fumes","floor":24},{"not_picked":["Dagger Spray+1","Sucker Punch"],"picked":"Glass Knife","floor":27},{"not_picked":["Acrobatics","Bane"],"picked":"Backflip","floor":28},{"not_picked":["Catalyst","Outmaneuver"],"picked":"Backstab+1","floor":29},{"not_picked":["Dagger Spray","Bouncing Flask","Well Laid Plans"],"picked":"SKIP","floor":31},{"not_picked":["PiercingWail","Backflip"],"picked":"After Image","floor":32},{"not_picked":["Envenom","Storm of Steel"],"picked":"After Image","floor":33},{"not_picked":["Skewer"],"picked":"SKIP","floor":35}],"player_experience":112727,"relics_obtained":[{"floor":9.0,"key":"Sundial"},{"floor":27,"key":"War Paint"}],"event_choices":[{"damage_healed":0.0,"max_hp_gain":0.0,"max_hp_loss":0.0,"gold_gain":0.0,"event_name":"Scrap Ooze","player_choice":"Success","floor":7.0,"gold_loss":0.0,"damage_taken":12.0,"relics_obtained":["Nunchaku"]},{"damage_healed":0.0,"max_hp_gain":0.0,"max_hp_loss":0.0,"gold_gain":30.0,"event_name":"Dead Adventurer","player_choice":"Searched \u00272\u0027 times","floor":14.0,"gold_loss":0.0,"damage_taken":0.0,"relics_obtained":["Dream Catcher"]},{"damage_healed":0.0,"max_hp_gain":0.0,"max_hp_loss":0.0,"gold_gain":0.0,"event_name":"Wheel of Change","player_choice":"Damaged","floor":19.0,"gold_loss":0.0,"damage_taken":7.0},{"damage_healed":0,"gold_gain":0,"player_choice":"Took Portal","damage_taken":0,"max_hp_gain":0,"max_hp_loss":0,"event_name":"SecretPortal","floor":36,"gold_loss":0}],"is_beta":false,"boss_relics":[{"not_picked":["WristBlade","Lizard Tail"],"picked":"Ring of the Serpent"},{"not_picked":["Runic Pyramid","Snecko Eye"],"picked":"Busted Crown"}],"items_purged_floors":[12,21],"is_endless":false,"potions_floor_spawned":[3,5,11,16,24,27,31,33,35],"ascension_level":0}