{"gold_per_floor":[111,123,123,123,48,48,67,67,92,111,111,140,140,150,150,246,246,264,276,311,321,221,221,253,269,293,293,305,305,339,214,214,315,315,331,553,566,579,429,429,429,429,452,462,476,486,23,34,34,34,34,34,34,59,59],"floor_reached":55,"playtime":2921,"items_purged":["Strike_R","Defend_R","Strike_R","Defend_R","Defend_R"],"score":734,"play_id":"0f3249ee-ec77-47b6-bd24-2acde62b2072","local_time":"20190906222603","is_ascension_mode":false,"campfire_choices":[{"data":"Iron Wave","floor":6.0,"key":"SMITH"},{"data":"Cleave","floor":8.0,"key":"SMITH"},{"data":"Double Tap","floor":13.0,"key":"SMITH"},{"data":"Evolve","floor":15.0,"key":"SMITH"},{"data":"Flame Barrier","floor":23.0,"key":"SMITH"},{"data":"Shockwave","floor":27.0,"key":"SMITH"},{"data":"Spot Weakness","floor":29.0,"key":"SMITH"},{"floor":32.0,"key":"REST"},{"data":"Shrug It Off","floor":40.0,"key":"SMITH"},{"data":"Flex","floor":42.0,"key":"SMITH"},{"floor":49.0,"key":"RECALL"},{"data":"Limit Break","floor":52.0,"key":"SMITH"}],"neow_cost":"NONE","seed_source_timestamp":1831287551415500,"circlet_count":0,"master_deck":["Strike_R+1","Strike_R+1","Defend_R","Bash+1","Iron Wave+1","Cleave+1","Flex+1","Double Tap+1","Evolve+1","Feed+1","Flame Barrier+1","Entrench+1","Shockwave+1","Spot Weakness+1","Shrug It Off+1","Thunderclap+1","Limit Break+1","Warcry+1","Ghostly Armor+1"],"special_seed":0,"relics":["Black Blood","Bronze Scales","Vajra","Red Mask","Pen Nib","Whetstone","Velvet Choker","Dream Catcher","Oddly Smooth Stone","Lantern"],"potions_floor_usage":[55],"damage_taken":[{"damage":12.0,"enemies":"Jaw Worm","floor":1.0,"turns":5.0},{"damage":1.0,"enemies":"2 Louse","floor":2.0,"turns":4.0},{"damage":0.0,"enemies":"Small Slimes","floor":7.0,"turns":3.0},{"damage":0.0,"enemies":"2 Fungi Beasts","floor":10.0,"turns":2.0},{"damage":9.0,"enemies":"Lagavulin","floor":12.0,"turns":5.0},{"damage":8.0,"enemies":"Exordium Thugs","floor":14.0,"turns":2.0},{"damage":6.0,"enemies":"Slime Boss","floor":16.0,"turns":8.0},{"damage":10.0,"enemies":"3 Byrds","floor":18.0,"turns":3.0},{"damage":15.0,"enemies":"Spheric Guardian","floor":19.0,"turns":3.0},{"damage":10.0,"enemies":"Masked Bandits","floor":20.0,"turns":2.0},{"damage":11.0,"enemies":"Chosen and Byrds","floor":21.0,"turns":5.0},{"damage":59.0,"enemies":"Gremlin Leader","floor":24.0,"turns":7.0},{"damage":27.0,"enemies":"Sentry and Sphere","floor":25.0,"turns":5.0},{"damage":12.0,"enemies":"Centurion and Healer","floor":28.0,"turns":7.0},{"damage":21.0,"enemies":"Slavers","floor":30.0,"turns":3.0},{"damage":74.0,"enemies":"Collector","floor":33.0,"turns":11.0},{"damage":4.0,"enemies":"Orb Walker","floor":35.0,"turns":3.0},{"damage":3.0,"enemies":"3 Shapes","floor":37.0,"turns":4.0},{"damage":0.0,"enemies":"Transient","floor":38.0,"turns":5.0},{"damage":21.0,"enemies":"3 Darklings","floor":44.0,"turns":6.0},{"damage":22.0,"enemies":"Spire Growth","floor":45.0,"turns":5.0},{"damage":19.0,"enemies":"4 Shapes","floor":46.0,"turns":3.0},{"damage":6.0,"enemies":"Transient","floor":48.0,"turns":5.0},{"damage":85.0,"enemies":"Donu and Deca","floor":50.0,"turns":9.0},{"damage":40.0,"enemies":"Shield and Spear","floor":54.0,"turns":6.0},{"damage":100,"enemies":"The Heart","floor":55,"turns":7}],"seed_played":"-4888461623851064450","potions_obtained":[{"floor":7.0,"key":"BloodPotion"},{"floor":10.0,"key":"FearPotion"},{"floor":14.0,"key":"FearPotion"},{"floor":16.0,"key":"Weak Potion"},{"floor":25.0,"key":"Fire Potion"},{"floor":30.0,"key":"SkillPotion"},{"floor":33.0,"key":"AttackPotion"},{"floor":37.0,"key":"SkillPotion"},{"floor":38.0,"key":"Swift Potion"},{"floor":54.0,"key":"Weak Potion"}],"is_trial":false,"path_per_floor":["M","M","?","?","$","R","M","R","T","M","?","E","R","M","R","B",null,"M","M","?","M","$","R","E","M","T","R","M","R","E","$","R","B",null,"M","?","M","M","$","R","?","R","T","M","M","M","$","M","R","B",null,"R","$","E","B"],"character_chosen":"IRONCLAD","items_purchased":["Limit Break","Oddly Smooth Stone"],"campfire_rested":1,"item_purchase_floors":[47,47],"current_hp_per_floor":[82,87,80,62,62,62,68,68,68,74,79,76,76,74,74,74,93,96,91,94,96,96,96,75,61,61,61,62,62,54,54,88,24,114,118,118,122,122,122,122,122,122,122,111,99,90,90,94,94,23,126,126,126,100,0],"gold":59,"neow_bonus":"TEN_PERCENT_HP_BONUS","is_prod":false,"is_daily":false,"chose_seed":false,"campfire_upgraded":10,"win_rate":0,"timestamp":1567833963,"path_taken":["M","M","?","?","$","R","M","R","T","M","?","E","R","M","R","BOSS","M","M","?","M","$","R","E","M","T","R","M","R","E","$","R","BOSS","M","?","M","M","$","R","?","R","T","?","M","M","$","M","R","BOSS","R","$","E","BOSS"],"build_version":"2019-07-17","purchased_purges":5,"victory":false,"max_hp_per_floor":[88,88,88,88,88,88,88,88,88,88,93,93,93,93,93,93,93,96,96,99,102,102,102,105,108,108,108,111,111,114,114,114,114,114,118,118,122,122,122,122,122,122,122,122,122,122,122,122,122,126,126,126,126,130,130],"card_choices":[{"not_picked":["Havoc","Entrench","Dropkick"],"picked":"SKIP","floor":1.0},{"not_picked":["Twin Strike","Sword Boomerang"],"picked":"Iron Wave","floor":2.0},{"not_picked":["Pummel","Anger"],"picked":"Cleave","floor":7.0},{"not_picked":["Twin Strike","Perfected Strike"],"picked":"Flex","floor":10.0},{"not_picked":["Combust","Anger"],"picked":"Double Tap","floor":12.0},{"not_picked":["Corruption","Cleave"],"picked":"Evolve","floor":14.0},{"not_picked":["Bludgeon","Exhume"],"picked":"Feed","floor":16.0},{"not_picked":["True Grit","Clash","Uppercut"],"picked":"SKIP","floor":18.0},{"not_picked":["Wild Strike","Armaments"],"picked":"Flame Barrier","floor":19.0},{"not_picked":["Dropkick","Flame Barrier"],"picked":"Entrench+1","floor":21.0},{"not_picked":["Thunderclap","Double Tap"],"picked":"Shockwave","floor":24.0},{"not_picked":["Pommel Strike","True Grit","Flex"],"picked":"SKIP","floor":25.0},{"not_picked":["Twin Strike","Combust"],"picked":"Spot Weakness","floor":28.0},{"not_picked":["Headbutt","Searing Blow","Wild Strike"],"picked":"SKIP","floor":30.0},{"not_picked":["Clothesline+1","Headbutt+1","Clash+1"],"picked":"SKIP","floor":35.0},{"not_picked":["Rage","Iron Wave"],"picked":"Shrug It Off","floor":37.0},{"not_picked":["Rupture+1","Hemokinesis"],"picked":"Thunderclap+1","floor":38.0},{"not_picked":["Cleave","Reckless Charge","Metallicize"],"picked":"SKIP","floor":44.0},{"not_picked":["Feel No Pain","Combust+1","Intimidate"],"picked":"SKIP","floor":45.0},{"not_picked":["Hemokinesis","Heavy Blade","Dropkick"],"picked":"SKIP","floor":46.0},{"not_picked":["Spot Weakness","Perfected Strike"],"picked":"Warcry+1","floor":48.0},{"not_picked":["Twin Strike+1","Thunderclap+1"],"picked":"Ghostly Armor+1","floor":54.0}],"player_experience":143148,"relics_obtained":[{"floor":9.0,"key":"Bronze Scales"},{"floor":12.0,"key":"Vajra"},{"floor":20.0,"key":"Red Mask"},{"floor":24.0,"key":"Pen Nib"},{"floor":30.0,"key":"Whetstone"},{"floor":43.0,"key":"Dream Catcher"},{"floor":54.0,"key":"Lantern"}],"event_choices":[{"cards_removed":["Strike_R"],"damage_healed":0.0,"max_hp_gain":0.0,"max_hp_loss":0.0,"gold_gain":0.0,"event_name":"Golden Wing","player_choice":"Card Removal","floor":3.0,"gold_loss":0.0,"damage_taken":7.0},{"damage_healed":0.0,"max_hp_gain":0.0,"max_hp_loss":0.0,"gold_gain":0.0,"event_name":"Shining Light","player_choice":"Entered Light","floor":4.0,"gold_loss":0.0,"damage_taken":18.0,"cards_upgraded":["Strike_R","Strike_R"]},{"damage_healed":0.0,"max_hp_gain":5.0,"max_hp_loss":0.0,"gold_gain":0.0,"event_name":"Big Fish","player_choice":"Donut","floor":11.0,"gold_loss":0.0,"damage_taken":0.0},{"damage_healed":0.0,"max_hp_gain":0.0,"max_hp_loss":0.0,"gold_gain":0.0,"event_name":"Masked Bandits","player_choice":"Fought Bandits","floor":20.0,"gold_loss":0.0,"damage_taken":0.0},{"damage_healed":0.0,"max_hp_gain":0.0,"max_hp_loss":0.0,"gold_gain":222.0,"event_name":"Tomb of Lord Red Mask","player_choice":"Wore Mask","floor":36.0,"gold_loss":0.0,"damage_taken":0.0},{"damage_healed":0.0,"max_hp_gain":0.0,"max_hp_loss":0.0,"gold_gain":0.0,"event_name":"The Woman in Blue","player_choice":"Bought 0 Potions","floor":41.0,"gold_loss":0.0,"damage_taken":0.0}],"is_beta":false,"boss_relics":[{"not_picked":["Lizard Tail","Astrolabe"],"picked":"Black Blood"},{"not_picked":["Runic Dome","Empty Cage"],"picked":"Velvet Choker"}],"items_purged_floors":[5,22,31,39,47],"is_endless":false,"potions_floor_spawned":[7,10,14,16,18,21,25,30,33,37,38,54],"killed_by":"The Heart","ascension_level":0}