{"gold_per_floor":[118,133,133,4,4,34,48,48,94,94,94,139,165,182,182,260,260,278,288,288,288,49,74,91,121,121,121,71,88,88,88,88,88],"floor_reached":33,"playtime":1111,"items_purged":["Regret","Writhe"],"score":657,"play_id":"baf77461-a604-4d90-bbb0-57033f5d24a0","local_time":"20190728204304","is_ascension_mode":true,"campfire_choices":[{"data":"Feed","floor":8.0,"key":"SMITH"},{"data":"Anger","floor":10.0,"key":"SMITH"},{"data":"Bash","floor":15.0,"key":"SMITH"},{"floor":27,"key":"REST"},{"floor":30,"key":"REST"},{"floor":32,"key":"RECALL"}],"neow_cost":"NONE","seed_source_timestamp":998173253383600,"circlet_count":0,"master_deck":["AscendersBane","Strike_R","Strike_R","Strike_R","Strike_R","Defend_R","Defend_R","Defend_R","Defend_R","Bash+1","Twin Strike","Battle Trance+1","Anger+1","Feed+1","Shrug It Off+1","Thunderclap","True Grit+1","Impervious+1","Headbutt","Shrug It Off+1","Dropkick","Whirlwind","Rampage+1","Dual Wield+1","Shrug It Off+1"],"special_seed":0,"relics":["Burning Blood","Orichalcum","Happy Flower","Toxic Egg 2","Vajra","Blood Vial","Kunai","Fusion Hammer","Oddly Smooth Stone","Bag of Preparation","Omamori","Sundial"],"potions_floor_usage":[33],"damage_taken":[{"damage":2.0,"enemies":"2 Louse","floor":1.0,"turns":3.0},{"damage":6.0,"enemies":"Jaw Worm","floor":2.0,"turns":3.0},{"damage":33.0,"enemies":"Lagavulin","floor":6.0,"turns":6.0},{"damage":1.0,"enemies":"Cultist","floor":7.0,"turns":4.0},{"damage":0.0,"enemies":"Gremlin Nob","floor":13.0,"turns":3.0},{"damage":4.0,"enemies":"Red Slaver","floor":14.0,"turns":4.0},{"damage":32.0,"enemies":"The Guardian","floor":16.0,"turns":9.0},{"damage":4.0,"enemies":"Spheric Guardian","floor":18.0,"turns":5.0},{"damage":0.0,"enemies":"3 Byrds","floor":19.0,"turns":4.0},{"damage":21.0,"enemies":"Slavers","floor":23.0,"turns":6.0},{"damage":25.0,"enemies":"Snecko","floor":24.0,"turns":6.0},{"damage":42,"enemies":"Gremlin Leader","floor":25,"turns":6},{"damage":10,"enemies":"3 Cultists","floor":29,"turns":5},{"damage":105,"enemies":"Champ","floor":33,"turns":12}],"seed_played":"-6743861643277966630","potions_obtained":[{"floor":6.0,"key":"LiquidBronze"},{"floor":13.0,"key":"Block Potion"},{"floor":16.0,"key":"AttackPotion"},{"floor":24.0,"key":"AttackPotion"}],"is_trial":false,"path_per_floor":["M","M","?","$","?","E","M","R","T","R","?","T","E","M","R","B",null,"M","M","?","T","$","E","M","E","T","R","$","M","R","?","R","B"],"character_chosen":"IRONCLAD","items_purchased":["Anger","Shrug It Off+1","Dropkick","Shrug It Off+1"],"campfire_rested":2,"item_purchase_floors":[4,22,22,28],"current_hp_per_floor":[72,72,72,72,72,45,53,53,53,53,53,53,61,69,69,49,77,85,94,94,94,94,83,66,32,32,61,61,63,93,93,93,0],"gold":88,"neow_bonus":"RANDOM_COMMON_RELIC","is_prod":false,"is_daily":false,"chose_seed":false,"campfire_upgraded":3,"win_rate":0,"timestamp":1564371784,"path_taken":["M","M","?","$","?","E","M","R","T","R","?","?","E","M","R","BOSS","M","M","?","?","$","E","?","E","T","R","?","M","R","?","R","BOSS"],"build_version":"2019-07-17","purchased_purges":2,"victory":false,"max_hp_per_floor":[75,75,75,75,75,75,78,78,78,78,78,78,78,82,82,86,86,90,94,94,94,94,98,98,98,98,98,98,102,102,102,102,102],"card_choices":[{"not_picked":["Iron Wave","Cleave"],"picked":"Twin Strike","floor":1.0},{"not_picked":["Hemokinesis","Evolve"],"picked":"Battle Trance","floor":2.0},{"not_picked":["Headbutt","Dual Wield"],"picked":"Feed","floor":6.0},{"not_picked":["Sentinel+1","Body Slam"],"picked":"Shrug It Off+1","floor":7.0},{"not_picked":["Rupture","Heavy Blade"],"picked":"Thunderclap","floor":13.0},{"not_picked":["Dropkick","Warcry+1"],"picked":"True Grit+1","floor":14.0},{"not_picked":["Brutality","Feed"],"picked":"Impervious+1","floor":16.0},{"not_picked":["Rage+1","Body Slam"],"picked":"Headbutt","floor":18.0},{"not_picked":["Second Wind+1","Warcry+1","Headbutt"],"picked":"SKIP","floor":19.0},{"not_picked":["Seeing Red+1","Sword Boomerang"],"picked":"Whirlwind","floor":23.0},{"not_picked":["Bloodletting+1","Twin Strike"],"picked":"Rampage+1","floor":24.0},{"not_picked":["Twin Strike","Havoc+1"],"picked":"Dual Wield+1","floor":25},{"not_picked":["Heavy Blade","Searing Blow","Anger"],"picked":"SKIP","floor":29}],"player_experience":712911,"relics_obtained":[{"floor":6.0,"key":"Toxic Egg 2"},{"floor":9.0,"key":"Vajra"},{"floor":12.0,"key":"Blood Vial"},{"floor":13.0,"key":"Kunai"},{"floor":23.0,"key":"Bag of Preparation"},{"floor":25,"key":"Omamori"},{"floor":26,"key":"Sundial"}],"event_choices":[{"damage_healed":0.0,"max_hp_gain":0.0,"max_hp_loss":0.0,"gold_gain":0.0,"event_name":"Big Fish","player_choice":"Box","floor":3.0,"gold_loss":0.0,"damage_taken":0.0,"relics_obtained":["Happy Flower"],"cards_obtained":["Regret"]},{"damage_healed":0.0,"max_hp_gain":0.0,"max_hp_loss":0.0,"gold_gain":0.0,"event_name":"Liars Game","player_choice":"Ignored","floor":5.0,"gold_loss":0.0,"damage_taken":0.0},{"cards_removed":["Strike_R"],"damage_healed":0.0,"max_hp_gain":0.0,"max_hp_loss":0.0,"gold_gain":0.0,"event_name":"Living Wall","player_choice":"Forget","floor":11.0,"gold_loss":0.0,"damage_taken":0.0},{"damage_healed":0.0,"max_hp_gain":0.0,"max_hp_loss":0.0,"gold_gain":0.0,"event_name":"The Mausoleum","player_choice":"Opened","floor":20.0,"gold_loss":0.0,"damage_taken":0.0,"relics_obtained":["Oddly Smooth Stone"],"cards_obtained":["Writhe"]},{"damage_healed":0,"gold_gain":0,"player_choice":"Upgraded","damage_taken":0,"max_hp_gain":0,"max_hp_loss":0,"event_name":"Upgrade Shrine","floor":31,"gold_loss":0,"cards_upgraded":["Battle Trance"]}],"is_beta":false,"boss_relics":[{"not_picked":["Black Blood","Busted Crown"],"picked":"Fusion Hammer"}],"items_purged_floors":[4,22],"is_endless":false,"potions_floor_spawned":[6,13,16,18,24],"killed_by":"Champ","ascension_level":20}