{"gold_per_floor":[115,133,152,67,67,67,77,105,105,105,131,131,46,46,46,142,142,166,191,60,80,100,100,100],"floor_reached":24,"playtime":1072,"items_purged":["Strike_R"],"score":416,"play_id":"bf333f18-306f-464a-8ebd-b3c57b8f423e","local_time":"20181220151832","is_ascension_mode":true,"campfire_choices":[{"data":"Bash","floor":6.0,"key":"SMITH"},{"floor":10.0,"key":"REST"},{"data":"Shrug It Off","floor":15.0,"key":"SMITH"},{"floor":23,"key":"REST"}],"neow_cost":"NONE","seed_source_timestamp":459423717285400,"circlet_count":0,"master_deck":["AscendersBane","Strike_R+1","Strike_R","Strike_R","Strike_R+1","Defend_R","Defend_R","Defend_R","Bash+1","Shrug It Off+1","Metallicize","Power Through","Iron Wave","Body Slam+1","Ghostly Armor","Feel No Pain","Barricade","True Grit","Entrench","Shrug It Off","Dual Wield"],"special_seed":0,"relics":["Burning Blood","Lantern","Whetstone","PreservedInsect","Golden Idol","Runic Pyramid"],"potions_floor_usage":[22,24],"damage_taken":[{"damage":1.0,"enemies":"Cultist","floor":1.0,"turns":3.0},{"damage":4.0,"enemies":"Small Slimes","floor":2.0,"turns":4.0},{"damage":0.0,"enemies":"2 Louse","floor":3.0,"turns":3.0},{"damage":23.0,"enemies":"Gremlin Gang","floor":7.0,"turns":9.0},{"damage":22.0,"enemies":"Lagavulin","floor":8.0,"turns":6.0},{"damage":2.0,"enemies":"3 Sentries","floor":11.0,"turns":7.0},{"damage":34.0,"enemies":"The Guardian","floor":16.0,"turns":16.0},{"damage":0.0,"enemies":"Chosen","floor":18.0,"turns":8.0},{"damage":15.0,"enemies":"Spheric Guardian","floor":19.0,"turns":9.0},{"damage":22,"enemies":"Centurion and Healer","floor":21,"turns":11},{"damage":36,"enemies":"Sentry and Sphere","floor":22,"turns":14},{"damage":15,"enemies":"Slavers","floor":24,"turns":2}],"seed_played":"-6087909719499387222","potions_obtained":[{"floor":2.0,"key":"Swift Potion"},{"floor":3.0,"key":"PowerPotion"},{"floor":16.0,"key":"Strength Potion"}],"is_trial":false,"path_per_floor":["M","M","M","$","?","R","M","E","T","R","E","E","?","$","?","R","B",null,"M","M","$","M","M","R","E"],"character_chosen":"IRONCLAD","items_purchased":["Power Through","Feel No Pain","Shrug It Off"],"campfire_rested":2,"item_purchase_floors":[4,13,20],"current_hp_per_floor":[73,75,75,75,75,75,58,42,42,64,68,42,42,42,42,14,60,66,57,57,41,11,33,18],"gold":100,"neow_bonus":"RANDOM_COMMON_RELIC","is_prod":false,"is_daily":false,"chose_seed":false,"campfire_upgraded":2,"win_rate":0,"timestamp":1545347912,"path_taken":["M","M","M","$","?","R","?","E","T","R","E","?","$","?","R","BOSS","M","M","$","M","?","R","E"],"build_version":"2018-12-13","purchased_purges":1,"victory":false,"max_hp_per_floor":[75,75,75,75,75,75,75,75,75,75,75,75,75,75,75,75,75,75,75,75,75,75,75,75],"card_choices":[{"not_picked":["Wild Strike","Metallicize"],"picked":"Shrug It Off","floor":1.0},{"not_picked":["Heavy Blade","Wild Strike"],"picked":"Metallicize","floor":2.0},{"not_picked":["Twin Strike","Headbutt","Thunderclap"],"picked":"SKIP","floor":3.0},{"not_picked":["Thunderclap","Clothesline"],"picked":"Iron Wave","floor":7.0},{"not_picked":["Demon Form","Anger"],"picked":"Body Slam","floor":8.0},{"not_picked":["Disarm","Hemokinesis"],"picked":"Ghostly Armor","floor":11.0},{"not_picked":["Reaper","Offering"],"picked":"Barricade","floor":16.0},{"not_picked":["Evolve","Anger"],"picked":"True Grit","floor":18.0},{"not_picked":["Headbutt+1","Sword Boomerang+1"],"picked":"Entrench","floor":19.0},{"not_picked":["Thunderclap","Heavy Blade","Pummel"],"picked":"SKIP","floor":21},{"not_picked":["Burning Pact+1","Wild Strike"],"picked":"Dual Wield","floor":22}],"player_experience":162459,"relics_obtained":[{"floor":8.0,"key":"Whetstone"},{"floor":9.0,"key":"PreservedInsect"}],"event_choices":[{"cards_removed":["Defend_R"],"damage_healed":0.0,"max_hp_gain":0.0,"max_hp_loss":0.0,"gold_gain":0.0,"event_name":"Bonfire Elementals","player_choice":"Offered Basic","floor":5.0,"gold_loss":0.0,"damage_taken":0.0},{"damage_healed":0.0,"max_hp_gain":0.0,"max_hp_loss":0.0,"gold_gain":0.0,"event_name":"Golden Idol","player_choice":"Take Damage","floor":12.0,"gold_loss":0.0,"damage_taken":26.0,"relics_obtained":["Golden Idol"]},{"damage_healed":0.0,"max_hp_gain":0.0,"max_hp_loss":0.0,"gold_gain":0.0,"event_name":"Upgrade Shrine","player_choice":"Upgraded","floor":14.0,"gold_loss":0.0,"damage_taken":0.0,"cards_upgraded":["Body Slam"]}],"is_beta":false,"boss_relics":[{"not_picked":["Philosopher\u0027s Stone","Snecko Eye"],"picked":"Runic Pyramid"}],"items_purged_floors":[20],"is_endless":false,"potions_floor_spawned":[2,3,16,21],"killed_by":"Slavers","ascension_level":16}