{"gold_per_floor":[118,193,203,203,163,163,203,227,227,227,265,18,31,49,49,148,148,148,105,105,17,17,17,17],"floor_reached":24,"playtime":781,"items_purged":["Strike_R"],"score":412,"play_id":"dd9bb157-5b27-4764-a8ce-37cc652655f3","local_time":"20190704025137","is_ascension_mode":true,"campfire_choices":[{"data":"Bash","floor":6.0,"key":"SMITH"},{"floor":15,"key":"REST"},{"data":"Corruption","floor":23,"key":"SMITH"}],"neow_cost":"NONE","seed_source_timestamp":661711844417600,"circlet_count":0,"master_deck":["AscendersBane","Strike_R","Strike_R","Strike_R","Strike_R","Defend_R","Defend_R","Defend_R","Defend_R","Bash+1","Rampage","Evolve","Corruption+1","Cleave","Anger+1","Bludgeon","True Grit","Feel No Pain","Second Wind","Wild Strike"],"special_seed":0,"relics":["Burning Blood","Golden Idol","Incense Burner","Bottled Tornado","Gambling Chip","Happy Flower","Ectoplasm"],"potions_floor_usage":[11,11,16,24,24],"damage_taken":[{"damage":2.0,"enemies":"Jaw Worm","floor":1.0,"turns":5.0},{"damage":1.0,"enemies":"2 Louse","floor":3.0,"turns":4.0},{"damage":40.0,"enemies":"3 Sentries","floor":7.0,"turns":9.0},{"damage":7.0,"enemies":"Small Slimes","floor":8.0,"turns":4.0},{"damage":27,"enemies":"Lagavulin","floor":11,"turns":6},{"damage":3,"enemies":"Blue Slaver","floor":13,"turns":3},{"damage":1,"enemies":"2 Fungi Beasts","floor":14,"turns":3},{"damage":34,"enemies":"The Guardian","floor":16,"turns":9},{"damage":22,"enemies":"3 Byrds","floor":18,"turns":8},{"damage":10,"enemies":"Shell Parasite","floor":20,"turns":4},{"damage":16,"enemies":"Snake Plant","floor":22,"turns":4},{"damage":33,"enemies":"Book of Stabbing","floor":24,"turns":5}],"seed_played":"941951240329197886","potions_obtained":[{"floor":1.0,"key":"Weak Potion"},{"floor":7.0,"key":"FearPotion"},{"floor":14,"key":"Poison Potion"},{"floor":16,"key":"Weak Potion"},{"floor":22,"key":"LiquidBronze"}],"is_trial":false,"path_per_floor":["M","?","M","?","$","R","E","M","T","?","E","$","M","M","R","B",null,"M","$","M","$","M","R","E"],"character_chosen":"IRONCLAD","items_purchased":["Corruption","Happy Flower","Feel No Pain","Second Wind"],"campfire_rested":1,"item_purchase_floors":[5,12,19,21],"current_hp_per_floor":[79,68,73,73,73,73,39,38,38,38,17,17,20,25,47,19,60,44,44,40,40,30,30,0],"gold":17,"neow_bonus":"TEN_PERCENT_HP_BONUS","is_prod":false,"is_daily":false,"chose_seed":false,"campfire_upgraded":2,"win_rate":0,"timestamp":1562233897,"path_taken":["M","?","M","?","?","R","E","M","T","?","E","$","M","M","R","BOSS","M","$","M","$","M","R","E"],"build_version":"2019-07-01","purchased_purges":1,"victory":false,"max_hp_per_floor":[82,82,82,74,74,74,74,74,74,74,74,74,74,74,74,74,74,74,74,74,74,74,74,74],"card_choices":[{"not_picked":["Havoc","Flex"],"picked":"Rampage","floor":1.0},{"not_picked":["Flex","Heavy Blade"],"picked":"Evolve","floor":3.0},{"not_picked":["Rupture","Sever Soul"],"picked":"Cleave","floor":7.0},{"not_picked":["Exhume","Infernal Blade"],"picked":"Anger","floor":8.0},{"not_picked":["Perfected Strike","Clash","Carnage"],"picked":"SKIP","floor":11},{"not_picked":["Twin Strike","Entrench","Thunderclap"],"picked":"SKIP","floor":13},{"not_picked":["Body Slam","Twin Strike","Iron Wave"],"picked":"SKIP","floor":14},{"not_picked":["Limit Break","Berserk"],"picked":"Bludgeon","floor":16},{"not_picked":["Iron Wave+1","Warcry+1"],"picked":"True Grit","floor":18},{"not_picked":["Clash","Headbutt","Corruption"],"picked":"SKIP","floor":20},{"not_picked":["True Grit","Clothesline"],"picked":"Wild Strike","floor":22}],"player_experience":648809,"relics_obtained":[{"floor":7.0,"key":"Incense Burner"},{"floor":9.0,"key":"Bottled Tornado"},{"floor":11,"key":"Gambling Chip"}],"event_choices":[{"damage_healed":0.0,"max_hp_gain":0.0,"max_hp_loss":0.0,"gold_gain":75.0,"event_name":"World of Goop","player_choice":"Gather Gold","floor":2.0,"gold_loss":0.0,"damage_taken":11.0},{"damage_healed":0.0,"max_hp_gain":0.0,"max_hp_loss":8.0,"gold_gain":0.0,"event_name":"Golden Idol","player_choice":"Lose Max HP","floor":4.0,"gold_loss":0.0,"damage_taken":0.0,"relics_obtained":["Golden Idol"]},{"damage_healed":0.0,"max_hp_gain":0.0,"max_hp_loss":0.0,"gold_gain":0.0,"event_name":"Living Wall","player_choice":"Grow","floor":10.0,"gold_loss":0.0,"damage_taken":0.0,"cards_upgraded":["Anger"]}],"is_beta":false,"boss_relics":[{"not_picked":["Cursed Key","Calling Bell"],"picked":"Ectoplasm"}],"items_purged_floors":[12],"is_endless":false,"potions_floor_spawned":[1,7,8,14,16,22],"killed_by":"Book of Stabbing","ascension_level":20}