{"gold_per_floor":[119,130,145,157,11,41,41,41,41,57,89,101,101,117,117,213,213,231,242,261,261],"floor_reached":21,"playtime":1086,"items_purged":["Strike_B"],"score":215,"play_id":"ccb0c04c-91c1-4323-b952-db8eb8d36e63","local_time":"20190103012135","is_ascension_mode":true,"campfire_choices":[{"data":"Zap","floor":7.0,"key":"SMITH"},{"data":"Hologram","floor":13,"key":"SMITH"},{"data":"Defragment","floor":15,"key":"SMITH"}],"neow_cost":"NONE","seed_source_timestamp":0,"circlet_count":0,"master_deck":["Strike_B","Defend_B","Defend_B","Defend_B","Defend_B","Zap+1","Dualcast","Coolheaded","Steam Power","Sweeping Beam","Defragment+1","Gash","Beam Cell","Capacitor","BootSequence","Hologram+1","Aggregate","Buffer","Beam Cell","Glacier","Barrage"],"special_seed":0,"relics":["Cracked Core","NeowsBlessing","Oddly Smooth Stone","Lantern","Bottled Lightning","Empty Cage"],"potions_floor_usage":[20,20],"damage_taken":[{"damage":0.0,"enemies":"Jaw Worm","floor":1.0,"turns":1.0},{"damage":0.0,"enemies":"Cultist","floor":2.0,"turns":1.0},{"damage":0.0,"enemies":"2 Louse","floor":3.0,"turns":1.0},{"damage":13.0,"enemies":"Red Slaver","floor":4.0,"turns":3.0},{"damage":27.0,"enemies":"Lagavulin","floor":6.0,"turns":6.0},{"damage":20.0,"enemies":"Large Slime","floor":10.0,"turns":6.0},{"damage":15.0,"enemies":"3 Sentries","floor":11.0,"turns":5.0},{"damage":1,"enemies":"Blue Slaver","floor":12,"turns":3},{"damage":0,"enemies":"Exordium Wildlife","floor":14,"turns":3},{"damage":20,"enemies":"The Guardian","floor":16,"turns":13},{"damage":19,"enemies":"2 Thieves","floor":18,"turns":5},{"damage":18,"enemies":"3 Byrds","floor":19,"turns":5},{"damage":28,"enemies":"3 Cultists","floor":20,"turns":5},{"damage":10,"enemies":"Masked Bandits","floor":21,"turns":2}],"seed_played":"6739498942823504619","potions_obtained":[{"floor":4.0,"key":"SkillPotion"},{"floor":6.0,"key":"FocusPotion"},{"floor":10.0,"key":"AttackPotion"},{"floor":12,"key":"PowerPotion"},{"floor":20,"key":"Strength Potion"}],"is_trial":false,"path_per_floor":["M","M","M","M","$","E","R","?","T","M","E","E","M","R","M","R","B",null,"M","M","M","?"],"character_chosen":"DEFECT","items_purchased":["Gash","Beam Cell"],"campfire_rested":0,"item_purchase_floors":[5,5],"current_hp_per_floor":[75,75,75,62,62,35,35,75,75,55,40,39,39,39,39,19,75,56,38,10,0],"gold":261,"neow_bonus":"THREE_ENEMY_KILL","is_prod":false,"is_daily":false,"chose_seed":false,"campfire_upgraded":3,"win_rate":0,"timestamp":1546500095,"path_taken":["M","M","M","M","$","E","R","?","T","M","E","M","R","M","R","BOSS","M","M","M","?"],"build_version":"2018-12-20","purchased_purges":1,"victory":false,"max_hp_per_floor":[75,75,75,75,75,75,75,75,75,75,75,75,75,75,75,75,75,75,75,75,75],"card_choices":[{"not_picked":["Compile Driver","Barrage"],"picked":"Coolheaded","floor":1.0},{"not_picked":["Fusion","Reprogram"],"picked":"Steam Power","floor":2.0},{"not_picked":["Hologram","Chaos"],"picked":"Sweeping Beam","floor":3.0},{"not_picked":["Steam Power","Rip and Tear"],"picked":"Defragment","floor":4.0},{"not_picked":["Turbo","BootSequence"],"picked":"Capacitor","floor":6.0},{"not_picked":["Barrage","Melter"],"picked":"BootSequence","floor":10.0},{"not_picked":["Rebound","Storm"],"picked":"Hologram","floor":11},{"not_picked":["Darkness","Reprogram"],"picked":"Aggregate","floor":12},{"not_picked":["Ball Lightning","Sweeping Beam","Storm"],"picked":"SKIP","floor":14},{"not_picked":["Echo Form","Fission"],"picked":"Buffer","floor":16},{"not_picked":["Fusion","Conserve Battery+1"],"picked":"Beam Cell","floor":18},{"not_picked":["Fusion+1","Gash"],"picked":"Glacier","floor":19},{"not_picked":["Sweeping Beam","Chaos"],"picked":"Barrage","floor":20}],"player_experience":94202,"relics_obtained":[{"floor":6.0,"key":"Oddly Smooth Stone"},{"floor":9.0,"key":"Lantern"},{"floor":11,"key":"Bottled Lightning"}],"event_choices":[{"damage_healed":40.0,"max_hp_gain":0.0,"max_hp_loss":0.0,"gold_gain":0.0,"event_name":"Wheel of Change","player_choice":"Full Heal","floor":8.0,"gold_loss":0.0,"damage_taken":0.0},{"damage_healed":0,"gold_gain":0,"player_choice":"Fought Bandits","damage_taken":0,"max_hp_gain":0,"max_hp_loss":0,"event_name":"Masked Bandits","floor":21,"gold_loss":0}],"is_beta":false,"boss_relics":[{"not_picked":["Black Star","Runic Pyramid"],"picked":"Empty Cage"}],"items_purged_floors":[5],"is_endless":false,"potions_floor_spawned":[4,6,10,12,14,18,19,20],"killed_by":"Masked Bandits","ascension_level":2}