{"gold_per_floor":[114,127,52,52,52,52,96,96,96,96,130,207,228,2,2,2],"floor_reached":16,"playtime":674,"items_purged":["Strike_G"],"score":106,"play_id":"0e973d43-37e2-4a65-a58d-655039c14faf","local_time":"20190907190651","is_ascension_mode":false,"campfire_choices":[{"floor":6,"key":"REST"},{"data":"Survivor","floor":8,"key":"SMITH"},{"data":"Defend_G","floor":10,"key":"SMITH"},{"floor":15,"key":"REST"}],"neow_cost":"NONE","seed_source_timestamp":1908187719310200,"circlet_count":0,"master_deck":["Strike_G","Strike_G","Strike_G","Strike_G","Defend_G+1","Defend_G+1","Defend_G+1","Defend_G+1","Defend_G+1","Survivor+1","Neutralize+1","Deflect+1","Caltrops","Dodge and Roll+1","Deflect+1"],"relics":["Ring of the Snake","Golden Idol","Toxic Egg 2","Sundial","Unceasing Top","Meat on the Bone","War Paint"],"potions_floor_usage":[7,11],"damage_taken":[{"damage":0,"enemies":"Cultist","floor":1,"turns":5},{"damage":0,"enemies":"Small Slimes","floor":2,"turns":4},{"damage":5,"enemies":"Lagavulin","floor":7,"turns":7},{"damage":66,"enemies":"Gremlin Nob","floor":11,"turns":8},{"damage":0,"enemies":"2 Louse","floor":13,"turns":3},{"damage":39,"enemies":"Hexaghost","floor":16,"turns":15}],"seed_played":"-2125553774108629080","potions_obtained":[{"floor":1,"key":"SkillPotion"},{"floor":2,"key":"Regen Potion"}],"is_trial":false,"path_per_floor":["M","M","$","?","?","R","E","R","T","R","E","T","M","$","R","B"],"character_chosen":"THE_SILENT","items_purchased":["Dodge and Roll+1","War Paint","Deflect+1"],"campfire_rested":2,"item_purchase_floors":[14,14,14],"current_hp_per_floor":[70,70,70,53,39,60,55,55,55,55,1,1,13,13,34,0],"gold":2,"neow_bonus":"UPGRADE_CARD","is_prod":false,"is_daily":false,"chose_seed":false,"campfire_upgraded":2,"win_rate":0,"timestamp":1567908411,"path_taken":["M","?","$","?","?","R","E","R","T","R","E","?","M","$","R","BOSS"],"build_version":"2019-07-17","purchased_purges":1,"victory":false,"max_hp_per_floor":[70,70,70,70,70,70,70,70,70,70,70,70,70,70,70,70],"card_choices":[{"not_picked":["Finisher","Bane","Flying Knee"],"picked":"SKIP","floor":1},{"not_picked":["Blade Dance","Backstab","Infinite Blades"],"picked":"SKIP","floor":2},{"not_picked":["Sucker Punch","Dagger Spray"],"picked":"Deflect","floor":7},{"not_picked":["Storm of Steel+1","Sucker Punch"],"picked":"Caltrops","floor":11},{"not_picked":["Slice","Outmaneuver+1","Eviscerate"],"picked":"SKIP","floor":13}],"player_experience":158342,"relics_obtained":[{"floor":7,"key":"Toxic Egg 2"},{"floor":9,"key":"Sundial"},{"floor":11,"key":"Unceasing Top"},{"floor":12,"key":"Meat on the Bone"}],"event_choices":[{"damage_healed":0,"gold_gain":0,"player_choice":"Take Damage","damage_taken":17,"relics_obtained":["Golden Idol"],"max_hp_gain":0,"max_hp_loss":0,"event_name":"Golden Idol","floor":4,"gold_loss":0},{"damage_healed":0,"gold_gain":0,"player_choice":"Entered Light","damage_taken":14,"max_hp_gain":0,"max_hp_loss":0,"event_name":"Shining Light","floor":5,"gold_loss":0,"cards_upgraded":["Defend_G","Defend_G"]}],"is_beta":false,"boss_relics":[],"items_purged_floors":[3],"is_endless":false,"potions_floor_spawned":[1,2],"killed_by":"Hexaghost","ascension_level":0}