{"gold_per_floor":[115,115,135,151,151,186,186,221,244,264,264,264,289,302,302,302],"floor_reached":16,"playtime":313,"items_purged":[],"score":240,"play_id":"42748268-8fec-45b6-b943-33aabe5458ac","local_time":"20190711180044","is_ascension_mode":true,"campfire_choices":[{"data":"Twin Strike","floor":7,"key":"SMITH"},{"data":"Bash","floor":11,"key":"SMITH"},{"data":"True Grit","floor":15,"key":"SMITH"}],"neow_cost":"NONE","seed_source_timestamp":166165366615900,"circlet_count":0,"master_deck":["AscendersBane","Strike_R","Strike_R","Strike_R","Strike_R","Strike_R","Defend_R","Defend_R","Defend_R","Defend_R","Bash+1","Anger+1","Sword Boomerang","Whirlwind+1","Twin Strike+1","Bash","Perfected Strike","True Grit+1"],"relics":["Burning Blood","Omamori","Strawberry","Bag of Preparation","Art of War"],"potions_floor_usage":[6,8,16,16],"damage_taken":[{"damage":19,"enemies":"Jaw Worm","floor":1,"turns":4},{"damage":2,"enemies":"Cultist","floor":3,"turns":4},{"damage":23,"enemies":"Small Slimes","floor":4,"turns":4},{"damage":8,"enemies":"Gremlin Nob","floor":6,"turns":3},{"damage":20,"enemies":"3 Sentries","floor":8,"turns":3},{"damage":0,"enemies":"Gremlin Gang","floor":10,"turns":1},{"damage":35,"enemies":"Lagavulin","floor":13,"turns":4},{"damage":0,"enemies":"2 Fungi Beasts","floor":14,"turns":2},{"damage":26,"enemies":"Hexaghost","floor":16,"turns":7}],"seed_played":"6999107104179152838","potions_obtained":[{"floor":3,"key":"Fire Potion"},{"floor":6,"key":"AttackPotion"},{"floor":8,"key":"Poison Potion"},{"floor":10,"key":"FearPotion"},{"floor":14,"key":"Dexterity Potion"}],"is_trial":false,"path_per_floor":["M","?","M","M","?","E","R","E","T","M","R","?","E","M","R","B"],"character_chosen":"IRONCLAD","items_purchased":[],"campfire_rested":0,"item_purchase_floors":[],"current_hp_per_floor":[62,62,66,49,49,47,47,40,40,46,46,46,17,23,23,0],"gold":302,"neow_bonus":"TEN_PERCENT_HP_BONUS","is_prod":false,"is_daily":false,"chose_seed":false,"campfire_upgraded":3,"win_rate":0,"timestamp":1562893244,"path_taken":["M","?","M","?","?","E","R","E","T","M","R","?","E","M","R","BOSS"],"build_version":"2019-07-05","purchased_purges":0,"victory":false,"max_hp_per_floor":[82,82,82,82,82,82,82,89,89,89,89,89,89,89,89,89],"card_choices":[{"not_picked":["Clothesline","Sword Boomerang"],"picked":"Anger","floor":1},{"not_picked":["Dual Wield","Ghostly Armor"],"picked":"Sword Boomerang","floor":3},{"not_picked":["Warcry","True Grit"],"picked":"Whirlwind","floor":4},{"not_picked":["Brutality","Heavy Blade"],"picked":"Twin Strike","floor":6},{"not_picked":["Sword Boomerang","Thunderclap","Anger"],"picked":"SKIP","floor":8},{"not_picked":["Burning Pact","Dual Wield","Flex"],"picked":"SKIP","floor":10},{"not_picked":["Bludgeon","Perfected Strike","Heavy Blade"],"picked":"SKIP","floor":13},{"not_picked":["Infernal Blade","Hemokinesis"],"picked":"True Grit","floor":14}],"player_experience":653072,"relics_obtained":[{"floor":6,"key":"Omamori"},{"floor":8,"key":"Strawberry"},{"floor":9,"key":"Bag of Preparation"},{"floor":13,"key":"Art of War"}],"event_choices":[{"damage_healed":0,"gold_gain":0,"player_choice":"Upgraded","damage_taken":0,"max_hp_gain":0,"max_hp_loss":0,"event_name":"Upgrade Shrine","floor":2,"gold_loss":0,"cards_upgraded":["Anger"]},{"damage_healed":0,"gold_gain":0,"player_choice":"Grow","damage_taken":0,"max_hp_gain":0,"max_hp_loss":0,"event_name":"Living Wall","floor":5,"gold_loss":0,"cards_upgraded":["Whirlwind"]},{"damage_healed":0,"gold_gain":0,"player_choice":"2 cards matched","damage_taken":0,"max_hp_gain":0,"max_hp_loss":0,"event_name":"Match and Keep!","floor":12,"gold_loss":0,"cards_obtained":["Bash","Perfected Strike"]}],"is_beta":false,"boss_relics":[],"items_purged_floors":[],"is_endless":false,"potions_floor_spawned":[3,6,8,10,14],"killed_by":"Hexaghost","ascension_level":20}