{"gold_per_floor":[115,15,33,51,65,65,99,99,126,126,159,174,174,186,186,287,287,303,321,331,354,39,39,39],"floor_reached":24,"playtime":1072,"items_purged":["Parasite","Strike_B"],"score":302,"play_id":"d44f0d23-7dd5-46da-90a4-e9bbbcea348d","local_time":"20190816151746","is_ascension_mode":true,"campfire_choices":[{"data":"Chaos","floor":6,"key":"SMITH"},{"floor":10,"key":"REST"},{"data":"Chaos","floor":13,"key":"SMITH"},{"floor":15,"key":"REST"},{"floor":23,"key":"REST"}],"neow_cost":"CURSE","seed_source_timestamp":937643115828139,"circlet_count":0,"master_deck":["Strike_B","Strike_B","Strike_B","Defend_B","Defend_B","Defend_B","Defend_B","Zap","Dualcast","Chaos+1","Streamline","Recycle","Go for the Eyes","Glacier","Leap","Pain","Chaos+1","Rebound","Capacitor","Seek","Lockon+1","Glacier+1","Melter","Cold Snap","Conserve Battery"],"relics":["Cracked Core","Turnip","Bag of Marbles","WarpedTongs","Pen Nib","Blood Vial","Inserter","MawBank","Bronze Scales"],"potions_floor_usage":[3,11,11,20],"damage_taken":[{"damage":0,"enemies":"Cultist","floor":1,"turns":3},{"damage":8,"enemies":"2 Louse","floor":3,"turns":2},{"damage":0,"enemies":"Small Slimes","floor":4,"turns":3},{"damage":12,"enemies":"3 Louse","floor":5,"turns":3},{"damage":24,"enemies":"3 Sentries","floor":7,"turns":9},{"damage":19,"enemies":"Gremlin Nob","floor":11,"turns":4},{"damage":6,"enemies":"Looter","floor":12,"turns":2},{"damage":0,"enemies":"Blue Slaver","floor":14,"turns":3},{"damage":30,"enemies":"The Guardian","floor":16,"turns":12},{"damage":17,"enemies":"Chosen","floor":18,"turns":6},{"damage":14,"enemies":"Shell Parasite","floor":19,"turns":8},{"damage":27,"enemies":"Snake Plant","floor":20,"turns":4},{"damage":29,"enemies":"3 Cultists","floor":24,"turns":4}],"seed_played":"-8929394631837492917","potions_obtained":[{"floor":1,"key":"AttackPotion"},{"floor":3,"key":"Ancient Potion"},{"floor":5,"key":"Poison Potion"},{"floor":7,"key":"Strength Potion"},{"floor":16,"key":"Ancient Potion"}],"is_trial":false,"path_per_floor":["M","$","M","M","M","R","E","?","T","R","E","M","R","M","R","B",null,"M","M","M","T","$","R","M"],"character_chosen":"DEFECT","items_purchased":["Streamline","Bronze Scales","Cold Snap","Conserve Battery"],"campfire_rested":3,"item_purchase_floors":[2,22,22,22],"current_hp_per_floor":[68,68,60,60,48,48,24,24,24,45,26,22,22,24,45,17,58,43,31,6,6,6,27,0],"gold":39,"neow_bonus":"ONE_RARE_RELIC","is_prod":false,"is_daily":false,"chose_seed":false,"campfire_upgraded":2,"win_rate":0,"timestamp":1565986666,"path_taken":["M","$","M","?","M","R","E","?","T","R","E","M","R","M","R","BOSS","M","M","M","?","$","R","M"],"build_version":"2019-07-17","purchased_purges":2,"victory":false,"max_hp_per_floor":[75,72,72,72,72,72,72,72,72,72,72,72,72,72,72,72,72,72,72,72,72,72,72,72],"card_choices":[{"not_picked":["Redo","Stack"],"picked":"Chaos","floor":1},{"not_picked":["Steam Power","Scrape"],"picked":"Recycle","floor":3},{"not_picked":["Ball Lightning","Gash"],"picked":"Go for the Eyes","floor":4},{"not_picked":["FTL","Cold Snap"],"picked":"Glacier","floor":5},{"not_picked":["Fission","Scrape"],"picked":"Leap","floor":7},{"not_picked":["Turbo","Static Discharge"],"picked":"Chaos","floor":11},{"not_picked":["Stack","Beam Cell"],"picked":"Rebound","floor":12},{"not_picked":["Leap","Hologram"],"picked":"Capacitor","floor":14},{"not_picked":["Machine Learning","Multi-Cast"],"picked":"Seek","floor":16},{"not_picked":["Blizzard+1","Beam Cell"],"picked":"Lockon+1","floor":18},{"not_picked":["Chill+1","Coolheaded"],"picked":"Glacier+1","floor":19},{"not_picked":["Beam Cell","Double Energy"],"picked":"Melter","floor":20}],"player_experience":305713,"relics_obtained":[{"floor":7,"key":"Bag of Marbles"},{"floor":9,"key":"Pen Nib"},{"floor":11,"key":"Blood Vial"},{"floor":21,"key":"MawBank"}],"event_choices":[{"damage_healed":0,"gold_gain":0,"player_choice":"Rummage","damage_taken":0,"relics_obtained":["WarpedTongs"],"max_hp_gain":0,"max_hp_loss":0,"event_name":"Accursed Blacksmith","floor":8,"gold_loss":0,"cards_obtained":["Pain"]}],"is_beta":false,"boss_relics":[{"not_picked":["Lizard Tail","FrozenCore"],"picked":"Inserter"}],"items_purged_floors":[2,22],"is_endless":false,"potions_floor_spawned":[1,3,5,7,16],"killed_by":"3 Cultists","ascension_level":9}