{"gold_per_floor":[112,112,112,128,128,128,157,157,157,170,198,214,214,225,225,320,320,320],"floor_reached":18,"playtime":1069,"items_purged":[],"score":195,"play_id":"f060c957-7651-4e89-ac25-a01f54b7a5d0","local_time":"20190831144226","is_ascension_mode":false,"campfire_choices":[{"data":"Zap","floor":6,"key":"SMITH"},{"data":"Darkness","floor":8,"key":"SMITH"},{"floor":13,"key":"REST"},{"data":"Self Repair","floor":15,"key":"SMITH"}],"neow_cost":"NONE","seed_source_timestamp":1287117282148900,"circlet_count":0,"master_deck":["Defend_B","Defend_B","Defend_B","Defend_B","Zap+1","Dualcast","Darkness+1","Go for the Eyes","Darkness+1","Self Repair+1","Sweeping Beam","Gash","Melter","Electrodynamics","Stack+1","Amplify+1","Amplify+1"],"relics":["Cracked Core","NeowsBlessing","Matryoshka","Ancient Tea Set","Pen Nib","Bottled Lightning","Vajra","Astrolabe"],"potions_floor_usage":[11,16],"damage_taken":[{"damage":0,"enemies":"2 Louse","floor":1,"turns":1},{"damage":0,"enemies":"Jaw Worm","floor":4,"turns":1},{"damage":0,"enemies":"Gremlin Nob","floor":7,"turns":1},{"damage":0,"enemies":"Small Slimes","floor":10,"turns":4},{"damage":30,"enemies":"3 Sentries","floor":11,"turns":6},{"damage":21,"enemies":"Gremlin Gang","floor":12,"turns":4},{"damage":6,"enemies":"3 Louse","floor":14,"turns":3},{"damage":25,"enemies":"Hexaghost","floor":16,"turns":8},{"damage":75,"enemies":"3 Byrds","floor":18,"turns":5}],"seed_played":"-2079672330291527518","potions_obtained":[{"floor":4,"key":"Explosive Potion"},{"floor":14,"key":"Regen Potion"}],"is_trial":false,"path_per_floor":["M","?","?","M","?","R","E","R","T","M","E","M","R","M","R","B",null,"M"],"character_chosen":"DEFECT","items_purchased":[],"campfire_rested":1,"item_purchase_floors":[],"current_hp_per_floor":[75,75,57,57,57,57,57,57,57,57,34,20,42,43,43,43,75,0],"gold":320,"neow_bonus":"THREE_ENEMY_KILL","is_prod":false,"is_daily":false,"chose_seed":false,"campfire_upgraded":3,"win_rate":0.0,"timestamp":1567287746,"path_taken":["M","?","?","M","?","R","E","R","T","M","E","M","R","M","R","BOSS","M"],"build_version":"2019-07-17","purchased_purges":0,"victory":false,"max_hp_per_floor":[75,75,75,75,75,75,75,75,75,75,75,75,75,75,75,75,75,75],"card_choices":[{"not_picked":["Sweeping Beam","Streamline"],"picked":"Darkness","floor":1},{"not_picked":["Steam","Streamline"],"picked":"Go for the Eyes","floor":4},{"not_picked":["Force Field","Seek"],"picked":"Darkness","floor":7},{"not_picked":["Cold Snap","Chaos"],"picked":"Self Repair","floor":10},{"not_picked":["Streamline","Reprogram"],"picked":"Sweeping Beam","floor":11},{"not_picked":["Thunder Strike","Beam Cell"],"picked":"Gash","floor":12},{"not_picked":["Chaos","Steam"],"picked":"Melter","floor":14},{"not_picked":["Biased Cognition","Fission"],"picked":"Electrodynamics","floor":16}],"player_experience":44414,"relics_obtained":[{"floor":7,"key":"Ancient Tea Set"},{"floor":9,"key":"Pen Nib"},{"floor":9,"key":"Bottled Lightning"},{"floor":11,"key":"Vajra"}],"event_choices":[{"cards_removed":["Strike_B"],"damage_healed":0,"gold_gain":0,"player_choice":"Forget","damage_taken":0,"max_hp_gain":0,"max_hp_loss":0,"event_name":"Living Wall","floor":2,"gold_loss":0},{"damage_healed":0,"gold_gain":0,"player_choice":"Success","damage_taken":18,"relics_obtained":["Matryoshka"],"max_hp_gain":0,"max_hp_loss":0,"event_name":"Scrap Ooze","floor":3,"gold_loss":0},{"damage_healed":0,"gold_gain":0,"player_choice":"Forge","damage_taken":0,"max_hp_gain":0,"max_hp_loss":0,"event_name":"Accursed Blacksmith","floor":5,"gold_loss":0,"cards_upgraded":["Darkness"]}],"is_beta":false,"boss_relics":[{"not_picked":["Velvet Choker","Runic Pyramid"],"picked":"Astrolabe"}],"items_purged_floors":[],"is_endless":false,"potions_floor_spawned":[4,14],"killed_by":"3 Byrds","ascension_level":0}