{"gold_per_floor":[209,224,234,252,252,252,283,303,327,12,87,87,98,109,109,209,209,219,65,78,78,78,78,103,103,172,184,184,197,209,222,222,318,318,331,347,367,367,378,378,378,397,421,114,126,126,126,138,138,138],"floor_reached":51,"playtime":4161,"items_purged":["Strike_B"],"score":781,"play_id":"f8b8c8f2-7fd8-49be-9b3f-631ea5a91dca","local_time":"20190113190555","is_ascension_mode":true,"campfire_choices":[{"data":"Zap","floor":6.0,"key":"SMITH"},{"data":"Storm","floor":12.0,"key":"SMITH"},{"data":"Streamline","floor":15.0,"key":"SMITH"},{"data":"Leap","floor":23.0,"key":"SMITH"},{"data":"Heatsinks","floor":25.0,"key":"SMITH"},{"data":"Consume","floor":28.0,"key":"SMITH"},{"data":"Loop","floor":32.0,"key":"SMITH"},{"data":"Electrodynamics","floor":40,"key":"SMITH"},{"data":"Dualcast","floor":47,"key":"SMITH"},{"data":"Thunder Strike","floor":49,"key":"SMITH"}],"neow_cost":"NONE","seed_source_timestamp":0,"circlet_count":0,"master_deck":["Defend_B","Defend_B","Defend_B","Defend_B","Zap+1","Dualcast+1","Streamline+1","Conserve Battery","Chill","Conserve Battery","Leap+1","Consume+1","Storm+1","Cold Snap","Biased Cognition","Echo Form","Storm+1","Go for the Eyes+1","Double Energy+1","Rebound+1","Heatsinks+1","Hologram+1","Rebound+1","BootSequence+1","Loop+1","Electrodynamics+1","Chill+1","Steam+1","Thunder Strike+1","Heatsinks","Self Repair+1","Defragment+1"],"special_seed":0,"relics":["Cracked Core","Bag of Preparation","Centennial Puzzle","Mummified Hand","Astrolabe","PreservedInsect","Bottled Flame","Inserter","Letter Opener","Regal Pillow","Bronze Scales"],"potions_floor_usage":[50],"damage_taken":[{"damage":12.0,"enemies":"Small Slimes","floor":1.0,"turns":2.0},{"damage":1.0,"enemies":"Cultist","floor":2.0,"turns":3.0},{"damage":0.0,"enemies":"Jaw Worm","floor":3.0,"turns":3.0},{"damage":8.0,"enemies":"Large Slime","floor":4.0,"turns":5.0},{"damage":5.0,"enemies":"3 Sentries","floor":7.0,"turns":8.0},{"damage":1.0,"enemies":"2 Fungi Beasts","floor":8.0,"turns":3.0},{"damage":7.0,"enemies":"Exordium Wildlife","floor":13.0,"turns":6.0},{"damage":0.0,"enemies":"3 Louse","floor":14.0,"turns":2.0},{"damage":38.0,"enemies":"Hexaghost","floor":16.0,"turns":11.0},{"damage":0.0,"enemies":"Chosen","floor":18.0,"turns":3.0},{"damage":14.0,"enemies":"Shell Parasite","floor":20.0,"turns":2.0},{"damage":4.0,"enemies":"Book of Stabbing","floor":24.0,"turns":4.0},{"damage":1.0,"enemies":"Snake Plant","floor":27.0,"turns":3.0},{"damage":0.0,"enemies":"Centurion and Healer","floor":29.0,"turns":3.0},{"damage":5.0,"enemies":"Sentry and Sphere","floor":30.0,"turns":4.0},{"damage":5.0,"enemies":"Shelled Parasite and Fungi","floor":31.0,"turns":5.0},{"damage":14.0,"enemies":"Automaton","floor":33.0,"turns":6.0},{"damage":0,"enemies":"Orb Walker","floor":35,"turns":3},{"damage":13,"enemies":"3 Darklings","floor":36,"turns":5},{"damage":15,"enemies":"Spire Growth","floor":37,"turns":3},{"damage":0,"enemies":"Transient","floor":39,"turns":5},{"damage":5,"enemies":"Writhing Mass","floor":42,"turns":3},{"damage":12,"enemies":"3 Darklings","floor":45,"turns":3},{"damage":8,"enemies":"Jaw Worm Horde","floor":48,"turns":2},{"damage":10,"enemies":"Donu and Deca","floor":50,"turns":4}],"seed_played":"561713062088344550","potions_obtained":[{"floor":1.0,"key":"Strength Potion"},{"floor":2.0,"key":"Poison Potion"},{"floor":8.0,"key":"Regen Potion"},{"floor":13.0,"key":"Strength Potion"},{"floor":27.0,"key":"Regen Potion"},{"floor":31.0,"key":"Explosive Potion"},{"floor":33.0,"key":"Explosive Potion"},{"floor":36,"key":"Energy Potion"},{"floor":37,"key":"GamblersBrew"},{"floor":39,"key":"Energy Potion"}],"is_trial":false,"path_per_floor":["M","M","M","M","?","R","E","M","T","$","?","R","M","M","R","B",null,"M","$","M","$","?","R","E","R","T","M","R","M","M","M","R","B",null,"M","M","M","?","M","R","T","M","T","$","M","?","R","M","R","B",null],"character_chosen":"DEFECT","items_purchased":["Mummified Hand","Storm","Heatsinks","Heatsinks","FocusPotion","Bronze Scales"],"campfire_rested":0,"item_purchase_floors":[10,10,19,44,44,44],"current_hp_per_floor":[63,62,62,54,75,75,70,69,69,69,62,62,55,55,55,17,61,61,61,47,47,47,47,43,43,43,42,42,42,46,41,41,39,66,66,53,38,38,38,38,38,33,33,33,21,66,66,58,58,58],"gold":138,"neow_bonus":"HUNDRED_GOLD","is_prod":false,"is_daily":false,"chose_seed":false,"campfire_upgraded":10,"win_rate":0,"timestamp":1547427955,"path_taken":["M","M","M","M","?","R","E","M","T","$","?","R","M","M","R","BOSS","M","$","M","$","?","R","E","R","T","M","R","M","?","M","R","BOSS","M","M","M","?","M","R","?","M","T","$","M","?","R","M","R","BOSS"],"build_version":"2019-01-10","purchased_purges":1,"victory":true,"max_hp_per_floor":[75,75,75,75,75,75,75,75,75,75,75,75,75,75,75,75,75,75,75,75,75,75,75,75,75,75,75,75,75,75,75,75,75,75,75,75,75,75,75,75,75,75,75,75,75,66,66,66,66,66],"card_choices":[{"not_picked":["Aggregate","Darkness"],"picked":"Streamline","floor":1.0},{"not_picked":["Streamline","Gash"],"picked":"Conserve Battery","floor":2.0},{"not_picked":["Beam Cell","Barrage"],"picked":"Chill","floor":3.0},{"not_picked":["Aggregate","Storm"],"picked":"Conserve Battery","floor":4.0},{"not_picked":["Multi-Cast","Gash"],"picked":"Leap","floor":7.0},{"not_picked":["Streamline","Beam Cell"],"picked":"Consume","floor":8.0},{"not_picked":["Redo","Steam"],"picked":"Cold Snap","floor":13.0},{"not_picked":["Coolheaded","Scrape"],"picked":"Biased Cognition","floor":14.0},{"not_picked":["Rainbow","Multi-Cast"],"picked":"Echo Form","floor":16.0},{"not_picked":["Gash","Streamline"],"picked":"Rebound+1","floor":18.0},{"not_picked":["Sweeping Beam","Conserve Battery+1"],"picked":"Hologram+1","floor":20.0},{"not_picked":["Compile Driver+1","Consume"],"picked":"Rebound+1","floor":24.0},{"not_picked":["Beam Cell","Reinforced Body+1"],"picked":"BootSequence+1","floor":27.0},{"not_picked":["Gash","Biased Cognition"],"picked":"Loop","floor":29.0},{"not_picked":["Turbo+1","Gash+1","Auto Shields"],"picked":"SKIP","floor":30.0},{"not_picked":["Turbo+1","Auto Shields"],"picked":"Gash+1","floor":30.0},{"not_picked":["Turbo","Lockon+1","Barrage"],"picked":"SKIP","floor":31.0},{"not_picked":["Amplify","Biased Cognition"],"picked":"Electrodynamics","floor":33.0},{"not_picked":["Barrage+1","Rebound+1"],"picked":"Chill+1","floor":35},{"not_picked":["FTL+1","Hologram"],"picked":"Steam+1","floor":36},{"not_picked":["White Noise","Coolheaded+1"],"picked":"Thunder Strike","floor":37},{"not_picked":["FTL+1","Gash+1","Turbo"],"picked":"SKIP","floor":39},{"not_picked":["Redo","Reprogram+1","Gash"],"picked":"SKIP","floor":42},{"not_picked":["Steam+1","Leap+1"],"picked":"Self Repair+1","floor":45},{"not_picked":["Cold Snap+1","Electrodynamics"],"picked":"Defragment+1","floor":48}],"player_experience":133633,"relics_obtained":[{"floor":7.0,"key":"Bag of Preparation"},{"floor":9.0,"key":"Centennial Puzzle"},{"floor":24.0,"key":"PreservedInsect"},{"floor":26.0,"key":"Bottled Flame"},{"floor":41,"key":"Letter Opener"},{"floor":43,"key":"Regal Pillow"}],"event_choices":[{"damage_healed":25.0,"max_hp_gain":0.0,"max_hp_loss":0.0,"gold_gain":0.0,"event_name":"Big Fish","player_choice":"Banana","floor":5.0,"gold_loss":0.0,"damage_taken":0.0},{"damage_healed":0.0,"max_hp_gain":0.0,"max_hp_loss":0.0,"gold_gain":75.0,"event_name":"FaceTrader","player_choice":"Touch","floor":11.0,"gold_loss":0.0,"damage_taken":7.0},{"damage_healed":0.0,"max_hp_gain":0.0,"max_hp_loss":0.0,"gold_gain":0.0,"event_name":"N\u0027loth","player_choice":"Ignored","floor":22.0,"gold_loss":0.0,"damage_taken":0.0},{"cards_removed":["Gash"],"damage_healed":0,"gold_gain":0,"player_choice":"Removed Attack","damage_taken":0,"max_hp_gain":0,"max_hp_loss":0,"event_name":"Falling","floor":38,"gold_loss":0},{"damage_healed":66,"gold_gain":0,"player_choice":"Heal","damage_taken":0,"max_hp_gain":0,"max_hp_loss":9,"event_name":"The Moai Head","floor":46,"gold_loss":0}],"is_beta":false,"boss_relics":[{"not_picked":["Coffee Dripper","Black Star"],"picked":"Astrolabe"},{"not_picked":["Sozu","Lizard Tail"],"picked":"Inserter"}],"items_purged_floors":[19],"is_endless":false,"potions_floor_spawned":[1,2,8,13,27,31,33,36,37,39,45],"ascension_level":5}