{"gold_per_floor":[119,119,133,133,58,58,99,58,58,76,116,139,139,139],"floor_reached":14,"playtime":266,"items_purged":[],"score":246,"play_id":"cb76ab8e-8f77-4152-9622-a339aef89032","local_time":"20190101021035","is_ascension_mode":true,"campfire_choices":[{"data":"True Grit","floor":6.0,"key":"SMITH"}],"neow_cost":"NONE","seed_source_timestamp":639678677215600,"circlet_count":0,"master_deck":["AscendersBane","Strike_R","Strike_R","Strike_R","Strike_R","Defend_R","Defend_R","Defend_R","Defend_R","Bash","Flame Barrier","True Grit+1","Whirlwind","Flex+1","Anger"],"special_seed":0,"relics":["Burning Blood","NeowsBlessing","Golden Idol","Art of War","Toxic Egg 2"],"potions_floor_usage":[14,14],"damage_taken":[{"damage":0.0,"enemies":"2 Louse","floor":1.0,"turns":1.0},{"damage":0.0,"enemies":"Small Slimes","floor":3.0,"turns":1.0},{"damage":0.0,"enemies":"3 Sentries","floor":7.0,"turns":2.0},{"damage":10.0,"enemies":"Jaw Worm","floor":10.0,"turns":4.0},{"damage":36,"enemies":"Lagavulin","floor":11,"turns":7},{"damage":18,"enemies":"3 Louse","floor":12,"turns":3},{"damage":40,"enemies":"3 Sentries","floor":14,"turns":6}],"seed_played":"6269102092366050910","potions_obtained":[{"floor":3.0,"key":"AttackPotion"},{"floor":10.0,"key":"BloodPotion"}],"is_trial":false,"path_per_floor":["M","$","M","?","?","R","E","$","T","M","E","M","?","E"],"character_chosen":"IRONCLAD","items_purchased":["Whirlwind"],"campfire_rested":0,"item_purchase_floors":[8],"current_hp_per_floor":[74,74,75,68,68,68,68,68,68,64,34,22,44,10],"gold":139,"neow_bonus":"THREE_ENEMY_KILL","is_prod":false,"is_daily":false,"chose_seed":false,"campfire_upgraded":1,"win_rate":0,"timestamp":1546337435,"path_taken":["M","$","M","?","?","R","E","?","T","M","E","M","?","E"],"build_version":"2018-12-20","purchased_purges":0,"victory":false,"max_hp_per_floor":[75,75,75,68,68,68,68,68,68,68,68,68,68,68],"card_choices":[{"not_picked":["Clothesline","Thunderclap"],"picked":"Flame Barrier","floor":1.0},{"not_picked":["Pommel Strike","Armaments"],"picked":"True Grit","floor":3.0},{"not_picked":["Armaments","Sword Boomerang","Havoc"],"picked":"SKIP","floor":7.0},{"not_picked":["Warcry+1","Rupture"],"picked":"Flex+1","floor":10.0},{"not_picked":["Evolve","Rampage"],"picked":"Anger","floor":11},{"not_picked":["Dropkick","Cleave","Heavy Blade"],"picked":"SKIP","floor":12}],"player_experience":285697,"relics_obtained":[{"floor":7.0,"key":"Art of War"},{"floor":9.0,"key":"Toxic Egg 2"}],"event_choices":[{"damage_healed":0.0,"max_hp_gain":0.0,"max_hp_loss":7.0,"gold_gain":0.0,"event_name":"Golden Idol","player_choice":"Lose Max HP","floor":4.0,"gold_loss":0.0,"damage_taken":0.0,"relics_obtained":["Golden Idol"]},{"cards_removed":["Strike_R"],"damage_healed":0.0,"max_hp_gain":0.0,"max_hp_loss":0.0,"gold_gain":0.0,"event_name":"The Cleric","player_choice":"Card Removal","floor":5.0,"gold_loss":75.0,"damage_taken":0.0},{"damage_healed":22,"gold_gain":0,"player_choice":"Banana","damage_taken":0,"max_hp_gain":0,"max_hp_loss":0,"event_name":"Big Fish","floor":13,"gold_loss":0}],"is_beta":false,"boss_relics":[],"items_purged_floors":[],"is_endless":false,"potions_floor_spawned":[3,10],"killed_by":"3 Sentries","ascension_level":20}