{"gold_per_floor":[368,39,52,52,66,66,83,83,83,83,95,130,195,226,226,300,300,314,328,328,2,2,2,32,32,32,51,51],"floor_reached":28,"playtime":785,"items_purged":["Strike_R","Strike_R"],"score":452,"play_id":"1b2b8fe4-67a2-4dbd-9f12-eb4830e8e34b","local_time":"20190813195931","is_ascension_mode":true,"campfire_choices":[{"data":"Bash","floor":6,"key":"SMITH"},{"data":"Inflame","floor":8,"key":"SMITH"},{"data":"Spot Weakness","floor":15,"key":"SMITH"},{"floor":23,"key":"REST"},{"data":"Pommel Strike","floor":25,"key":"SMITH"}],"neow_cost":"TEN_PERCENT_HP_LOSS","seed_source_timestamp":878387708448400,"circlet_count":0,"master_deck":["AscendersBane","Strike_R","Strike_R","Strike_R","Defend_R","Defend_R","Defend_R","Defend_R","Bash+1","Anger","Inflame+1","Reckless Charge","Spot Weakness+1","Headbutt+1","Shrug It Off","Pommel Strike+1","Warcry+1","True Grit+1","Limit Break+1","Necronomicurse","Decay","Shockwave+1","Power Through+1"],"relics":["Burning Blood","Toxic Egg 2","Ginger","Dodecahedron","Dream Catcher","Eternal Feather","Necronomicon","OrangePellets","Tiny Chest"],"potions_floor_usage":[12,18,28],"damage_taken":[{"damage":6,"enemies":"Cultist","floor":1,"turns":4},{"damage":12,"enemies":"Jaw Worm","floor":3,"turns":2},{"damage":0,"enemies":"2 Louse","floor":5,"turns":2},{"damage":18,"enemies":"Exordium Wildlife","floor":7,"turns":4},{"damage":0,"enemies":"2 Fungi Beasts","floor":11,"turns":3},{"damage":25,"enemies":"Lagavulin","floor":12,"turns":5},{"damage":31,"enemies":"Lagavulin Event","floor":13,"turns":5},{"damage":8,"enemies":"Gremlin Nob","floor":14,"turns":3},{"damage":19,"enemies":"Hexaghost","floor":16,"turns":8},{"damage":21,"enemies":"3 Byrds","floor":18,"turns":5},{"damage":24,"enemies":"Spheric Guardian","floor":19,"turns":4},{"damage":26,"enemies":"Chosen and Byrds","floor":27,"turns":5},{"damage":35,"enemies":"3 Cultists","floor":28,"turns":4}],"seed_played":"6869586013031631599","potions_obtained":[{"floor":1,"key":"FearPotion"},{"floor":19,"key":"PowerPotion"}],"is_trial":false,"path_per_floor":["M","$","M","?","M","R","M","R","T","?","M","E","?","E","R","B",null,"M","M","?","$","?","R","T","R","T","M","M"],"character_chosen":"IRONCLAD","items_purchased":["Inflame","Reckless Charge","Spot Weakness","Fire Potion","OrangePellets"],"campfire_rested":1,"item_purchase_floors":[2,2,2,2,21],"current_hp_per_floor":[68,68,62,67,73,73,61,61,61,61,67,48,23,21,21,8,57,42,24,3,3,3,36,36,48,48,28,0],"gold":51,"neow_bonus":"TWO_FIFTY_GOLD","is_prod":false,"is_daily":false,"chose_seed":false,"campfire_upgraded":4,"win_rate":0,"timestamp":1565751571,"path_taken":["M","$","M","?","M","R","M","R","T","?","?","E","?","E","R","BOSS","M","M","?","$","?","R","?","R","T","M","M"],"build_version":"2019-07-17","purchased_purges":2,"victory":false,"max_hp_per_floor":[68,68,68,73,73,73,73,73,73,73,73,73,73,73,73,73,73,73,73,73,73,73,73,73,73,73,73,73],"card_choices":[{"not_picked":["Uppercut","Entrench"],"picked":"Anger","floor":1},{"not_picked":["Sentinel","Heavy Blade"],"picked":"Headbutt","floor":3},{"not_picked":["Fire Breathing","Second Wind"],"picked":"Shrug It Off","floor":5},{"not_picked":["Pummel","Heavy Blade","Bloodletting"],"picked":"SKIP","floor":7},{"not_picked":["Clash","Seeing Red+1"],"picked":"Pommel Strike","floor":11},{"not_picked":["Fiend Fire","Clash"],"picked":"Warcry+1","floor":12},{"not_picked":["Rupture","Havoc+1"],"picked":"True Grit+1","floor":14},{"not_picked":["Exhume+1","Double Tap+1"],"picked":"Limit Break+1","floor":16},{"not_picked":["Warcry+1","Body Slam","Clash+1"],"picked":"SKIP","floor":18},{"not_picked":["Spot Weakness+1","Carnage+1","Flex+1"],"picked":"SKIP","floor":19},{"not_picked":["Havoc+1","Dark Embrace"],"picked":"Shockwave+1","floor":23},{"not_picked":["Pommel Strike","Clothesline"],"picked":"Power Through+1","floor":27}],"player_experience":788268,"relics_obtained":[{"floor":9,"key":"Toxic Egg 2"},{"floor":12,"key":"Ginger"},{"floor":13,"key":"Dodecahedron"},{"floor":14,"key":"Dream Catcher"},{"floor":20,"key":"Necronomicon"},{"floor":24,"key":"Tiny Chest"}],"event_choices":[{"damage_healed":0,"gold_gain":0,"player_choice":"Donut","damage_taken":0,"max_hp_gain":5,"max_hp_loss":0,"event_name":"Big Fish","floor":4,"gold_loss":0},{"damage_healed":0,"gold_gain":0,"player_choice":"Upgraded","damage_taken":0,"max_hp_gain":0,"max_hp_loss":0,"event_name":"Upgrade Shrine","floor":10,"gold_loss":0,"cards_upgraded":["Headbutt"]},{"damage_healed":0,"gold_gain":0,"player_choice":"Searched \u00271\u0027 times","damage_taken":0,"max_hp_gain":0,"max_hp_loss":0,"event_name":"Dead Adventurer","floor":13,"gold_loss":0},{"damage_healed":0,"gold_gain":0,"player_choice":"Obtained Book","damage_taken":21,"max_hp_gain":0,"max_hp_loss":0,"event_name":"Cursed Tome","floor":20,"gold_loss":0},{"damage_healed":0,"gold_gain":0,"player_choice":"Smashed Altar","damage_taken":0,"max_hp_gain":0,"max_hp_loss":0,"event_name":"Forgotten Altar","floor":22,"gold_loss":0,"cards_obtained":["Decay"]}],"is_beta":false,"boss_relics":[{"not_picked":["Black Star","Orrery"],"picked":"Eternal Feather"}],"items_purged_floors":[2,21],"is_endless":false,"potions_floor_spawned":[1,3,11,19],"killed_by":"3 Cultists","ascension_level":20}