{"gold_per_floor":[112,112,127,127,127,127,138,150,150,150,169,195,195,195,195,291,291,304,304,320,320,320,320,354,354,354,354,367,367,367,387,387,387],"floor_reached":33,"playtime":1387,"items_purged":[],"score":263,"play_id":"97fdedf0-8259-4462-bb56-839142aa0f0f","local_time":"20190809222511","is_ascension_mode":false,"campfire_choices":[{"floor":6,"key":"REST"},{"floor":13,"key":"REST"},{"data":"Fiend Fire","floor":15,"key":"SMITH"},{"floor":23,"key":"REST"},{"floor":25,"key":"REST"},{"floor":27,"key":"REST"},{"data":"Brutality","floor":29,"key":"SMITH"},{"data":"Demon Form","floor":32,"key":"SMITH"}],"neow_cost":"NONE","seed_source_timestamp":878299524096000,"circlet_count":0,"master_deck":["Strike_R","Strike_R","Strike_R","Strike_R","Strike_R","Defend_R+1","Defend_R+1","Defend_R+1","Bash","Perfected Strike","Inflame","Hemokinesis","Blood for Blood","Fiend Fire+1","Brutality+1","Demon Form+1","Flex","Pommel Strike","Twin Strike","Flex","Anger","Wild Strike","Necronomicurse","Metallicize","Sword Boomerang+1"],"relics":["Burning Blood","Unceasing Top","Pantograph","Ancient Tea Set","Juzu Bracelet","War Paint","Orrery","Necronomicon","Anchor","Mercury Hourglass"],"potions_floor_usage":[],"damage_taken":[{"damage":21,"enemies":"Jaw Worm","floor":1,"turns":5},{"damage":5,"enemies":"Small Slimes","floor":3,"turns":3},{"damage":1,"enemies":"2 Louse","floor":7,"turns":3},{"damage":20,"enemies":"Lots of Slimes","floor":8,"turns":5},{"damage":2,"enemies":"Blue Slaver","floor":11,"turns":4},{"damage":17,"enemies":"Gremlin Nob","floor":12,"turns":3},{"damage":63,"enemies":"Hexaghost","floor":16,"turns":9},{"damage":21,"enemies":"Chosen","floor":18,"turns":4},{"damage":27,"enemies":"Spheric Guardian","floor":20,"turns":4},{"damage":40,"enemies":"Slavers","floor":24,"turns":4},{"damage":12,"enemies":"Snecko","floor":28,"turns":3},{"damage":18,"enemies":"Centurion and Healer","floor":31,"turns":3},{"damage":96,"enemies":"Automaton","floor":33,"turns":8}],"seed_played":"4080260657157234596","potions_obtained":[{"floor":7,"key":"Poison Potion"},{"floor":11,"key":"Weak Potion"},{"floor":16,"key":"Swift Potion"}],"is_trial":false,"path_per_floor":["M","?","M","?","?","R","M","M","T","?","M","E","R","T","R","B",null,"M","?","M","?","?","R","E","R","T","R","M","R","?","M","R","B"],"character_chosen":"IRONCLAD","items_purchased":[],"campfire_rested":5,"item_purchase_floors":[],"current_hp_per_floor":[73,66,67,60,42,68,73,59,59,59,63,52,78,78,78,31,88,73,73,52,52,36,62,28,54,54,80,74,74,74,62,62,0],"gold":387,"neow_bonus":"TEN_PERCENT_HP_BONUS","is_prod":false,"is_daily":false,"chose_seed":false,"campfire_upgraded":3,"win_rate":0.0,"timestamp":1565407511,"path_taken":["M","?","M","?","?","R","M","M","T","?","?","E","R","?","R","BOSS","M","?","M","?","?","R","E","R","T","R","M","R","?","M","R","BOSS"],"build_version":"2019-07-17","purchased_purges":0,"victory":false,"max_hp_per_floor":[88,88,88,88,88,88,88,88,88,88,88,88,88,88,88,88,88,88,88,88,88,88,88,88,88,88,88,88,88,88,88,88,88],"card_choices":[{"not_picked":["Warcry","Twin Strike"],"picked":"Perfected Strike","floor":1},{"not_picked":["Wild Strike","Infernal Blade"],"picked":"Inflame","floor":3},{"not_picked":["Warcry","Shockwave","Intimidate"],"picked":"SKIP","floor":7},{"not_picked":["Shrug It Off","Pommel Strike"],"picked":"Hemokinesis","floor":8},{"not_picked":["Heavy Blade","Wild Strike"],"picked":"Blood for Blood","floor":11},{"not_picked":["Thunderclap","Entrench"],"picked":"Fiend Fire","floor":12},{"not_picked":["Reaper","Bludgeon"],"picked":"Brutality","floor":16},{"not_picked":["Body Slam","Power Through"],"picked":"Demon Form","floor":17},{"not_picked":["Shrug It Off","Ghostly Armor"],"picked":"Flex","floor":17},{"not_picked":["Iron Wave","Thunderclap"],"picked":"Pommel Strike","floor":17},{"not_picked":["Sword Boomerang","True Grit"],"picked":"Twin Strike","floor":17},{"not_picked":["Heavy Blade","Pummel"],"picked":"Flex","floor":17},{"not_picked":["Body Slam","Sword Boomerang"],"picked":"Anger","floor":18},{"not_picked":["Rage","Iron Wave"],"picked":"Wild Strike","floor":20},{"not_picked":["Flame Barrier+1","Power Through+1"],"picked":"Metallicize","floor":24},{"not_picked":["Iron Wave","Flame Barrier","True Grit"],"picked":"SKIP","floor":28},{"not_picked":["Twin Strike","Clash"],"picked":"Sword Boomerang+1","floor":31}],"player_experience":97994,"relics_obtained":[{"floor":9,"key":"Pantograph"},{"floor":12,"key":"Juzu Bracelet"},{"floor":14,"key":"War Paint"},{"floor":22,"key":"Necronomicon"},{"floor":24,"key":"Anchor"},{"floor":26,"key":"Mercury Hourglass"}],"event_choices":[{"cards_removed":["Defend_R"],"damage_healed":0,"gold_gain":0,"player_choice":"Card Removal","damage_taken":7,"max_hp_gain":0,"max_hp_loss":0,"event_name":"Golden Wing","floor":2,"gold_loss":0},{"damage_healed":0,"gold_gain":0,"player_choice":"Success","damage_taken":7,"relics_obtained":["Unceasing Top"],"max_hp_gain":0,"max_hp_loss":0,"event_name":"Scrap Ooze","floor":4,"gold_loss":0},{"damage_healed":0,"gold_gain":0,"player_choice":"Entered Light","damage_taken":18,"max_hp_gain":0,"max_hp_loss":0,"event_name":"Shining Light","floor":5,"gold_loss":0,"cards_upgraded":["Defend_R","Defend_R"]},{"damage_healed":0,"gold_gain":0,"player_choice":"Searched \u00272\u0027 times","damage_taken":0,"relics_obtained":["Ancient Tea Set"],"max_hp_gain":0,"max_hp_loss":0,"event_name":"Dead Adventurer","floor":10,"gold_loss":0},{"damage_healed":0,"gold_gain":0,"player_choice":"Ignored","damage_taken":0,"max_hp_gain":0,"max_hp_loss":0,"event_name":"Vampires","floor":19,"gold_loss":0},{"damage_healed":0,"gold_gain":0,"player_choice":"Ignored","damage_taken":0,"max_hp_gain":0,"max_hp_loss":0,"event_name":"NoteForYourself","floor":21,"gold_loss":0},{"damage_healed":0,"gold_gain":0,"player_choice":"Obtained Book","damage_taken":16,"max_hp_gain":0,"max_hp_loss":0,"event_name":"Cursed Tome","floor":22,"gold_loss":0},{"damage_healed":0,"gold_gain":0,"player_choice":"Ignored","damage_taken":0,"max_hp_gain":0,"max_hp_loss":0,"event_name":"Ghosts","floor":30,"gold_loss":0}],"is_beta":false,"boss_relics":[{"not_picked":["Runic Pyramid","Velvet Choker"],"picked":"Orrery"}],"items_purged_floors":[],"is_endless":false,"potions_floor_spawned":[7,11,16,18,24,31],"killed_by":"Automaton","ascension_level":0}