{"gold_per_floor":[111,128,16,16,28,56,56,82,130,130,145,177,203,238,238,312,312,328,328,52,66,66,95,111,136,136,169,181,69,69,88,88,165,165,182,193,86,139,15,43,43,54,124,124,158,108,143,161,161,161,161,161,161,83,117,117],"floor_reached":57,"playtime":2549,"items_purged":["Strike_R"],"score":2977,"play_id":"614839f3-2796-4bbe-932a-5cfd2beaef67","local_time":"20190725172431","is_ascension_mode":true,"campfire_choices":[{"data":"Wild Strike","floor":7.0,"key":"SMITH"},{"data":"Disarm","floor":15.0,"key":"SMITH"},{"floor":32,"key":"RECALL"},{"floor":41,"key":"REST"},{"floor":44,"key":"REST"},{"floor":49,"key":"REST"},{"floor":53,"key":"REST"}],"neow_cost":"NONE","seed_source_timestamp":725645401813100,"circlet_count":0,"master_deck":["AscendersBane","Strike_R+1","Strike_R","Strike_R","Strike_R","Defend_R","Defend_R","Defend_R","Defend_R","Bash","Pommel Strike+1","Feel No Pain","True Grit","Battle Trance","Wild Strike+1","Impervious","Disarm+1","Corruption","Shockwave","Shrug It Off","Immolate","Second Wind","Armaments","Feel No Pain","True Grit","Shockwave+1","Clothesline","Inflame+1","Disarm","Offering","Armaments+1","Shrug It Off","Evolve","Feel No Pain","Disarm","Power Through","True Grit+1","Flame Barrier","Offering"],"special_seed":0,"relics":["Burning Blood","Art of War","Paper Frog","Bag of Marbles","Pantograph","Bronze Scales","Anchor","Odd Mushroom","Omamori","Fusion Hammer","Charon\u0027s Ashes","Happy Flower","Necronomicon","Red Skull","Strawberry","Centennial Puzzle","Philosopher\u0027s Stone","Champion Belt","Blood Vial","Singing Bowl","FossilizedHelix","Whetstone","Pocketwatch"],"potions_floor_usage":[40,55,56,56],"damage_taken":[{"damage":6.0,"enemies":"2 Louse","floor":1.0,"turns":3.0},{"damage":9.0,"enemies":"Small Slimes","floor":2.0,"turns":4.0},{"damage":4.0,"enemies":"Jaw Worm","floor":5.0,"turns":5.0},{"damage":45.0,"enemies":"Lagavulin","floor":6.0,"turns":6.0},{"damage":11.0,"enemies":"Gremlin Nob","floor":8.0,"turns":4.0},{"damage":11.0,"enemies":"Exordium Wildlife","floor":11.0,"turns":3.0},{"damage":26.0,"enemies":"Lagavulin","floor":12.0,"turns":6.0},{"damage":4.0,"enemies":"The Mushroom Lair","floor":13.0,"turns":6.0},{"damage":20.0,"enemies":"Gremlin Nob","floor":14.0,"turns":4.0},{"damage":12.0,"enemies":"Hexaghost","floor":16.0,"turns":9.0},{"damage":8.0,"enemies":"Chosen","floor":18.0,"turns":5.0},{"damage":0.0,"enemies":"3 Byrds","floor":21.0,"turns":2.0},{"damage":18.0,"enemies":"Slavers","floor":23.0,"turns":4.0},{"damage":0.0,"enemies":"Snake Plant","floor":24.0,"turns":5.0},{"damage":0.0,"enemies":"Gremlin Leader","floor":25.0,"turns":5.0},{"damage":2.0,"enemies":"Slavers","floor":27.0,"turns":4.0},{"damage":1.0,"enemies":"Centurion and Healer","floor":28.0,"turns":2.0},{"damage":0,"enemies":"3 Cultists","floor":31,"turns":3},{"damage":31,"enemies":"Automaton","floor":33,"turns":10},{"damage":10,"enemies":"3 Darklings","floor":35,"turns":4},{"damage":0,"enemies":"Orb Walker","floor":36,"turns":3},{"damage":3,"enemies":"2 Orb Walkers","floor":38,"turns":3},{"damage":34,"enemies":"Giant Head","floor":40,"turns":7},{"damage":6,"enemies":"Sphere and 2 Shapes","floor":42,"turns":3},{"damage":6,"enemies":"Reptomancer","floor":45,"turns":4},{"damage":0,"enemies":"Giant Head","floor":47,"turns":7},{"damage":0,"enemies":"Jaw Worm Horde","floor":48,"turns":3},{"damage":9,"enemies":"Time Eater","floor":50,"turns":13},{"damage":34,"enemies":"Donu and Deca","floor":51,"turns":10},{"damage":20,"enemies":"Shield and Spear","floor":55,"turns":5},{"damage":45,"enemies":"The Heart","floor":56,"turns":11}],"seed_played":"-4820761765649619863","potions_obtained":[{"floor":2.0,"key":"Strength Potion"},{"floor":8.0,"key":"BloodPotion"},{"floor":14.0,"key":"EssenceOfSteel"},{"floor":18.0,"key":"FearPotion"},{"floor":40,"key":"Energy Potion"},{"floor":55,"key":"Regen Potion"}],"is_trial":false,"path_per_floor":["M","M","$","?","M","E","R","E","T","?","M","E","?","E","R","B",null,"M","?","$","M","?","E","M","E","T","E","M","$","$","M","R","B",null,"M","M","$","?","$","E","R","M","T","R","E","?","E","M","R","B","B",null,"R","$","E","B",null],"character_chosen":"IRONCLAD","items_purchased":["True Grit","Battle Trance","Armaments","Feel No Pain","Happy Flower","Disarm","Armaments","Shrug It Off","Feel No Pain","Disarm","Flame Barrier"],"campfire_rested":4,"item_purchase_floors":[3,3,20,20,20,29,37,37,39,39,54],"current_hp_per_floor":[68,65,65,60,62,23,23,18,18,43,38,18,20,24,24,43,67,65,65,65,71,50,38,44,57,57,61,66,66,66,72,72,57,76,72,78,78,81,81,53,77,79,79,82,84,84,86,88,88,85,60,81,88,88,74,64],"gold":117,"neow_bonus":"RANDOM_COMMON_RELIC","is_prod":false,"is_daily":false,"chose_seed":false,"campfire_upgraded":2,"win_rate":0,"timestamp":1564100671,"path_taken":["M","M","$","?","M","E","R","E","T","?","M","E","?","E","R","BOSS","M","?","$","M","?","E","M","E","T","E","M","$","?","M","R","BOSS","M","M","$","?","?","E","R","M","T","R","E","?","E","M","R","BOSS","BOSS","R","$","E","BOSS"],"build_version":"2019-07-17","purchased_purges":1,"victory":true,"max_hp_per_floor":[75,75,75,75,75,75,75,75,75,75,75,75,75,75,75,75,75,75,75,75,75,75,75,75,82,82,82,82,82,82,82,82,82,82,82,82,82,82,82,82,82,82,82,82,84,84,86,88,88,88,88,88,88,88,88,88],"card_choices":[{"not_picked":["Cleave","Havoc"],"picked":"Pommel Strike","floor":1.0},{"not_picked":["Clash","Shrug It Off"],"picked":"Feel No Pain","floor":2.0},{"not_picked":["Pummel","Flex"],"picked":"Wild Strike","floor":5.0},{"not_picked":["Flame Barrier","Ghostly Armor"],"picked":"Impervious","floor":6.0},{"not_picked":["Sword Boomerang","Iron Wave"],"picked":"Disarm","floor":8.0},{"not_picked":["Sever Soul","Metallicize","Blood for Blood"],"picked":"SKIP","floor":11.0},{"not_picked":["Sever Soul","Metallicize","Blood for Blood"],"picked":"SKIP","floor":11.0},{"not_picked":["Rage","Entrench"],"picked":"Corruption","floor":12.0},{"not_picked":["Clash","Sword Boomerang"],"picked":"Shockwave","floor":13.0},{"not_picked":["Body Slam","Shockwave"],"picked":"Shrug It Off","floor":14.0},{"not_picked":["Exhume","Offering"],"picked":"Immolate","floor":16.0},{"not_picked":["Corruption","Anger"],"picked":"Second Wind","floor":18.0},{"not_picked":["Iron Wave","Havoc"],"picked":"True Grit","floor":21.0},{"not_picked":["Rampage","Blood for Blood"],"picked":"Shockwave+1","floor":23.0},{"not_picked":["Rampage","Limit Break","Perfected Strike"],"picked":"SKIP","floor":24.0},{"not_picked":["Cleave","Twin Strike"],"picked":"Clothesline","floor":25.0},{"not_picked":["Flex+1","Infernal Blade","Corruption"],"picked":"SKIP","floor":27.0},{"not_picked":["Clash","True Grit"],"picked":"Inflame+1","floor":28.0},{"not_picked":["Shrug It Off","Anger","Inflame"],"picked":"SKIP","floor":31},{"not_picked":["Dark Embrace","Impervious"],"picked":"Offering","floor":33},{"not_picked":["Battle Trance","Ghostly Armor","Sword Boomerang"],"picked":"SKIP","floor":35},{"not_picked":["Iron Wave+1","Sword Boomerang","True Grit"],"picked":"SKIP","floor":36},{"not_picked":["Power Through","Sword Boomerang"],"picked":"Evolve","floor":38},{"not_picked":["Seeing Red","Twin Strike"],"picked":"Power Through","floor":40},{"not_picked":["Inflame+1","Thunderclap"],"picked":"True Grit+1","floor":42},{"not_picked":["Perfected Strike","Rampage","Anger"],"picked":"Singing Bowl","floor":45},{"not_picked":["Bloodletting","Hemokinesis","Battle Trance"],"picked":"Singing Bowl","floor":47},{"not_picked":["Anger","Sword Boomerang","Rupture"],"picked":"Singing Bowl","floor":48},{"not_picked":["Shrug It Off+1","Twin Strike"],"picked":"Offering","floor":55}],"player_experience":694528,"relics_obtained":[{"floor":6.0,"key":"Bag of Marbles"},{"floor":8.0,"key":"Pantograph"},{"floor":9.0,"key":"Bronze Scales"},{"floor":12.0,"key":"Anchor"},{"floor":13.0,"key":"Odd Mushroom"},{"floor":14.0,"key":"Omamori"},{"floor":22.0,"key":"Necronomicon"},{"floor":23.0,"key":"Red Skull"},{"floor":25.0,"key":"Strawberry"},{"floor":27.0,"key":"Centennial Puzzle"},{"floor":38,"key":"Champion Belt"},{"floor":40,"key":"Blood Vial"},{"floor":43,"key":"Singing Bowl"},{"floor":45,"key":"FossilizedHelix"},{"floor":47,"key":"Whetstone"},{"floor":55,"key":"Pocketwatch"}],"event_choices":[{"damage_healed":0.0,"max_hp_gain":0.0,"max_hp_loss":0.0,"gold_gain":0.0,"event_name":"Scrap Ooze","player_choice":"Success","floor":4.0,"gold_loss":0.0,"damage_taken":5.0,"relics_obtained":["Paper Frog"]},{"damage_healed":25.0,"max_hp_gain":0.0,"max_hp_loss":0.0,"gold_gain":0.0,"event_name":"Big Fish","player_choice":"Banana","floor":10.0,"gold_loss":0.0,"damage_taken":0.0},{"damage_healed":0.0,"max_hp_gain":0.0,"max_hp_loss":0.0,"gold_gain":0.0,"event_name":"Mushrooms","player_choice":"Fought Mushrooms","floor":13.0,"gold_loss":0.0,"damage_taken":0.0},{"damage_healed":0.0,"max_hp_gain":0.0,"max_hp_loss":0.0,"gold_gain":0.0,"event_name":"The Mausoleum","player_choice":"Opened","floor":19.0,"gold_loss":0.0,"damage_taken":0.0,"relics_obtained":["Charon\u0027s Ashes"],"cards_obtained":["Writhe"]},{"damage_healed":0.0,"max_hp_gain":0.0,"max_hp_loss":0.0,"gold_gain":0.0,"event_name":"Cursed Tome","player_choice":"Obtained Book","floor":22.0,"gold_loss":0.0,"damage_taken":21.0},{"damage_healed":0,"gold_gain":0,"player_choice":"Fight","damage_taken":0,"max_hp_gain":0,"max_hp_loss":0,"event_name":"Mysterious Sphere","floor":38,"gold_loss":0},{"damage_healed":0,"gold_gain":0,"player_choice":"Upgrade","damage_taken":0,"max_hp_gain":0,"max_hp_loss":0,"event_name":"Designer","floor":46,"gold_loss":50,"cards_upgraded":["Armaments"]}],"is_beta":false,"boss_relics":[{"not_picked":["Busted Crown","Runic Dome"],"picked":"Fusion Hammer"},{"not_picked":["Coffee Dripper","Tiny House"],"picked":"Philosopher\u0027s Stone"}],"items_purged_floors":[29],"is_endless":false,"potions_floor_spawned":[2,8,11,12,14,18,24,27,31,35,36,40,47,55],"ascension_level":20}