{"gold_per_floor":[360,360,32,42,56,86,86,114,139,152,487,487,487,173,173,269,269,285,210,229,229,54,54,95,116,116,29,29,50,50],"floor_reached":30,"playtime":845,"items_purged":["Injury","Writhe"],"score":682,"play_id":"269a8035-6ccf-418d-9699-f85c5ed648c1","local_time":"20190607013307","is_ascension_mode":true,"campfire_choices":[{"data":"Bash","floor":7,"key":"SMITH"},{"data":"Uppercut","floor":12,"key":"SMITH"},{"data":"Corruption","floor":15,"key":"SMITH"},{"data":"Combust","floor":23,"key":"SMITH"},{"data":"True Grit","floor":28,"key":"SMITH"}],"neow_cost":"TEN_PERCENT_HP_LOSS","seed_source_timestamp":262764323314700,"circlet_count":0,"master_deck":["AscendersBane","Strike_R","Strike_R","Strike_R+1","Strike_R+1","Defend_R","Defend_R","Defend_R","Defend_R","Bash+1","Perfected Strike+1","Headbutt","Pommel Strike","Pommel Strike","Uppercut+1","Spot Weakness","Corruption+1","Feed","Cleave","Metallicize","Combust+1","Shrug It Off","True Grit+1","Spot Weakness"],"relics":["Burning Blood","Paper Frog","Whetstone","Regal Pillow","Bronze Scales","Old Coin","Golden Idol","Happy Flower","Coffee Dripper","Ornamental Fan","Frozen Egg 2","Ancient Tea Set"],"potions_floor_usage":[6,11,24,30],"damage_taken":[{"damage":17,"enemies":"Small Slimes","floor":1,"turns":4},{"damage":0,"enemies":"Cultist","floor":4,"turns":2},{"damage":13,"enemies":"2 Louse","floor":5,"turns":3},{"damage":20,"enemies":"3 Sentries","floor":6,"turns":3},{"damage":0,"enemies":"Gremlin Nob","floor":8,"turns":2},{"damage":2,"enemies":"2 Fungi Beasts","floor":10,"turns":3},{"damage":15,"enemies":"Lagavulin","floor":11,"turns":5},{"damage":0,"enemies":"Slime Boss","floor":16,"turns":5},{"damage":6,"enemies":"Spheric Guardian","floor":18,"turns":3},{"damage":20,"enemies":"Shell Parasite","floor":20,"turns":3},{"damage":12,"enemies":"Gremlin Leader","floor":24,"turns":5},{"damage":31,"enemies":"Centurion and Healer","floor":25,"turns":5},{"damage":0,"enemies":"Snecko","floor":29,"turns":3},{"damage":35,"enemies":"Slavers","floor":30,"turns":1}],"seed_played":"-4944234020575112098","potions_obtained":[{"floor":5,"key":"LiquidBronze"},{"floor":8,"key":"SteroidPotion"},{"floor":16,"key":"Energy Potion"},{"floor":25,"key":"Poison Potion"}],"is_trial":false,"path_per_floor":["M","?","$","M","M","E","R","E","T","M","E","R","?","$","R","B",null,"M","?","M","?","$","R","E","M","T","$","R","M","E"],"character_chosen":"IRONCLAD","items_purchased":["Paper Frog","AttackPotion","Happy Flower","Corruption","Combust","Shrug It Off","True Grit"],"campfire_rested":0,"item_purchase_floors":[3,3,14,14,22,27,27],"current_hp_per_floor":[57,57,57,63,56,42,42,48,48,52,43,43,43,43,43,49,63,63,63,52,52,52,52,46,21,21,21,21,27,0],"gold":50,"neow_bonus":"TWO_FIFTY_GOLD","is_prod":false,"is_daily":false,"chose_seed":false,"campfire_upgraded":5,"win_rate":0,"timestamp":1559896387,"path_taken":["M","?","$","M","M","E","R","E","T","?","E","R","?","$","R","BOSS","M","?","M","?","$","R","E","M","T","$","R","M","E"],"build_version":"2019-01-23","purchased_purges":2,"victory":false,"max_hp_per_floor":[68,68,68,68,68,68,68,68,68,68,68,68,68,68,68,68,68,68,68,71,71,71,71,71,71,71,71,71,71,71],"card_choices":[{"not_picked":["Twin Strike","Infernal Blade"],"picked":"Perfected Strike","floor":1},{"not_picked":["Power Through","Entrench"],"picked":"Headbutt","floor":4},{"not_picked":["Havoc","Armaments"],"picked":"Pommel Strike","floor":5},{"not_picked":["Second Wind","Hemokinesis"],"picked":"Pommel Strike","floor":6},{"not_picked":["Twin Strike","Reckless Charge"],"picked":"Uppercut","floor":8},{"not_picked":["Fire Breathing","Clash"],"picked":"Spot Weakness","floor":10},{"not_picked":["Havoc","Thunderclap","Headbutt"],"picked":"SKIP","floor":11},{"not_picked":["Barricade","Impervious"],"picked":"Feed","floor":16},{"not_picked":["Uppercut","Intimidate"],"picked":"Cleave","floor":18},{"not_picked":["Clothesline+1","Anger"],"picked":"Metallicize","floor":20},{"not_picked":["Rupture","Uppercut","Ghostly Armor"],"picked":"SKIP","floor":24},{"not_picked":["Warcry","Twin Strike","Wild Strike"],"picked":"SKIP","floor":25},{"not_picked":["Body Slam","Fire Breathing+1"],"picked":"Spot Weakness","floor":29}],"player_experience":631246,"relics_obtained":[{"floor":6,"key":"Whetstone"},{"floor":8,"key":"Regal Pillow"},{"floor":9,"key":"Bronze Scales"},{"floor":11,"key":"Old Coin"},{"floor":24,"key":"Frozen Egg 2"},{"floor":26,"key":"Ancient Tea Set"}],"event_choices":[{"damage_healed":0,"gold_gain":0,"player_choice":"Upgraded","damage_taken":0,"max_hp_gain":0,"max_hp_loss":0,"event_name":"Upgrade Shrine","floor":2,"gold_loss":0,"cards_upgraded":["Perfected Strike"]},{"damage_healed":0,"gold_gain":0,"player_choice":"Take Wound","damage_taken":0,"relics_obtained":["Golden Idol"],"max_hp_gain":0,"max_hp_loss":0,"event_name":"Golden Idol","floor":13,"gold_loss":0,"cards_obtained":["Injury"]},{"cards_removed":["Strike_R"],"damage_healed":0,"gold_gain":0,"player_choice":"Gave Gold","damage_taken":0,"max_hp_gain":0,"max_hp_loss":0,"event_name":"Beggar","floor":19,"gold_loss":75},{"damage_healed":0,"gold_gain":0,"player_choice":"Opened","damage_taken":0,"relics_obtained":["Ornamental Fan"],"max_hp_gain":0,"max_hp_loss":0,"event_name":"The Mausoleum","floor":21,"gold_loss":0,"cards_obtained":["Writhe"]}],"is_beta":false,"boss_relics":[{"not_picked":["Black Blood","Orrery"],"picked":"Coffee Dripper"}],"items_purged_floors":[14,22],"is_endless":false,"potions_floor_spawned":[5,8,10,16,25],"killed_by":"Slavers","ascension_level":20}