{"gold_per_floor":[368,421,421,46,46,46,66,100,100,100,41,61,61,61,61,61],"floor_reached":16,"playtime":303,"items_purged":["Strike_R"],"score":192,"play_id":"88ca7a14-9587-457e-ba33-e2afa9a0ea79","local_time":"20190813153720","is_ascension_mode":true,"campfire_choices":[{"data":"Heavy Blade","floor":6,"key":"SMITH"},{"data":"Inflame","floor":10,"key":"SMITH"},{"data":"Disarm","floor":15,"key":"SMITH"}],"neow_cost":"TEN_PERCENT_HP_LOSS","seed_source_timestamp":863139655628500,"circlet_count":0,"master_deck":["AscendersBane","Strike_R","Strike_R+1","Strike_R","Defend_R","Defend_R","Defend_R","Defend_R","Bash","Heavy Blade+1","Inflame+1","Hemokinesis","Disarm+1","Heavy Blade","Ghostly Armor+1"],"relics":["Burning Blood","Golden Idol","OrangePellets","PreservedInsect","Sundial","Oddly Smooth Stone"],"potions_floor_usage":[],"damage_taken":[{"damage":8,"enemies":"Small Slimes","floor":1,"turns":4},{"damage":1,"enemies":"2 Louse","floor":7,"turns":3},{"damage":46,"enemies":"3 Sentries","floor":8,"turns":9},{"damage":5,"enemies":"Cultist","floor":12,"turns":4},{"damage":36,"enemies":"The Guardian","floor":16,"turns":2}],"seed_played":"4812096477328431650","potions_obtained":[{"floor":12,"key":"SkillPotion"}],"is_trial":false,"path_per_floor":["M","?","?","$","?","R","M","E","T","R","$","M","?","?","R","B"],"character_chosen":"IRONCLAD","items_purchased":["Inflame","OrangePellets","Heavy Blade"],"campfire_rested":0,"item_purchase_floors":[4,4,11],"current_hp_per_floor":[66,66,62,62,62,62,62,22,22,22,22,23,4,4,4,0],"gold":61,"neow_bonus":"TWO_FIFTY_GOLD","is_prod":false,"is_daily":false,"chose_seed":false,"campfire_upgraded":3,"win_rate":0,"timestamp":1565735840,"path_taken":["M","?","?","$","?","R","M","E","T","R","$","?","?","?","R","BOSS"],"build_version":"2019-07-17","purchased_purges":1,"victory":false,"max_hp_per_floor":[68,68,62,62,62,62,62,62,62,62,62,62,62,62,62,62],"card_choices":[{"not_picked":["Perfected Strike","Heavy Blade","Searing Blow"],"picked":"SKIP","floor":1},{"not_picked":["Perfected Strike","Searing Blow"],"picked":"Heavy Blade","floor":1},{"not_picked":["Flex","Carnage"],"picked":"Hemokinesis","floor":7},{"not_picked":["Iron Wave","Shrug It Off"],"picked":"Disarm","floor":8},{"not_picked":["Wild Strike","Perfected Strike"],"picked":"Ghostly Armor","floor":12}],"player_experience":787642,"relics_obtained":[{"floor":8,"key":"PreservedInsect"},{"floor":9,"key":"Sundial"}],"event_choices":[{"damage_healed":0,"gold_gain":53,"player_choice":"Gained Gold","damage_taken":0,"max_hp_gain":0,"max_hp_loss":0,"event_name":"Golden Wing","floor":2,"gold_loss":0},{"damage_healed":0,"gold_gain":0,"player_choice":"Lose Max HP","damage_taken":0,"relics_obtained":["Golden Idol"],"max_hp_gain":0,"max_hp_loss":6,"event_name":"Golden Idol","floor":3,"gold_loss":0},{"cards_removed":["Strike_R"],"damage_healed":0,"gold_gain":0,"player_choice":"Purged","damage_taken":0,"max_hp_gain":0,"max_hp_loss":0,"event_name":"Purifier","floor":5,"gold_loss":0},{"damage_healed":0,"gold_gain":0,"player_choice":"Entered Light","damage_taken":19,"max_hp_gain":0,"max_hp_loss":0,"event_name":"Shining Light","floor":13,"gold_loss":0,"cards_upgraded":["Ghostly Armor","Strike_R"]},{"damage_healed":0,"gold_gain":0,"player_choice":"Gave Potion","damage_taken":0,"relics_obtained":["Oddly Smooth Stone"],"max_hp_gain":0,"max_hp_loss":0,"event_name":"WeMeetAgain","floor":14,"gold_loss":0}],"is_beta":false,"boss_relics":[],"items_purged_floors":[4],"is_endless":false,"potions_floor_spawned":[12],"killed_by":"The Guardian","ascension_level":20}