{"gold_per_floor":[112,131,144,144,21,56,69,69,69,69,85,85,105,161,161,266,266,279,299,299,99,109,109,109,124,205,205,218,318,318,329,329,425,425,439,458,475,13,24,55,0,18,43,56,70,70,70,90,90,90],"floor_reached":50,"playtime":2874,"items_purged":["Defend_B","Strike_B","Strike_B"],"score":611,"play_id":"194bbe24-c23b-415c-b532-6f2ac7a713be","local_time":"20190103042117","is_ascension_mode":true,"campfire_choices":[{"data":"Zap","floor":8,"key":"SMITH"},{"floor":10,"key":"REST"},{"data":"Hologram","floor":12,"key":"SMITH"},{"data":"Hologram","floor":15,"key":"SMITH"},{"data":"Buffer","floor":23,"key":"SMITH"},{"data":"Hologram","floor":27,"key":"SMITH"},{"floor":32,"key":"REST"},{"data":"Consume","floor":46,"key":"SMITH"},{"data":"Enlightenment","floor":49,"key":"SMITH"}],"neow_cost":"NONE","seed_source_timestamp":559649399764005,"circlet_count":0,"master_deck":["Strike_B","Defend_B","Defend_B","Defend_B","Zap+1","Dualcast","Hologram+1","Hologram+1","Self Repair","Rebound","Doom and Gloom+1","Chill","Leap","Melter+1","Hologram+1","Buffer+1","Barrage+1","Steam Power","Beam Cell+1","Ball Lightning+1","Sweeping Beam+1","Sunder+1","Redo+1","Streamline+1","Decay","Leap","Meteor Strike+1","Cold Snap+1","Capacitor+1","Compile Driver+1","Gash+1","Enlightenment+1","Compile Driver+1","Hologram+1","Stack+1","Clumsy","Parasite","Consume+1","Reinforced Body+1","Parasite","Hologram+1"],"relics":["Cracked Core","NeowsBlessing","Molten Egg 2","Ornamental Fan","Odd Mushroom","Tiny Chest","Nuclear Battery","Potion Belt","Frozen Egg 2","Thread and Needle","Question Card","Cursed Key","Cauldron","Blood Vial","Red Mask","Lantern","The Courier"],"potions_floor_usage":[6,13,13,16,16,29,33,33,33,37,40,40,44,50,50,50,50],"damage_taken":[{"damage":0,"enemies":"Cultist","floor":1,"turns":1},{"damage":0,"enemies":"Jaw Worm","floor":2,"turns":1},{"damage":0,"enemies":"2 Louse","floor":3,"turns":1},{"damage":59,"enemies":"3 Sentries","floor":6,"turns":11},{"damage":15,"enemies":"2 Fungi Beasts","floor":7,"turns":3},{"damage":8,"enemies":"Large Slime","floor":11,"turns":4},{"damage":0,"enemies":"The Mushroom Lair","floor":13,"turns":4},{"damage":12,"enemies":"Lagavulin","floor":14,"turns":7},{"damage":22,"enemies":"Hexaghost","floor":16,"turns":7},{"damage":0,"enemies":"Spheric Guardian","floor":18,"turns":1},{"damage":9,"enemies":"Chosen","floor":19,"turns":4},{"damage":28,"enemies":"Snake Plant","floor":22,"turns":4},{"damage":0,"enemies":"Cultist and Chosen","floor":25,"turns":4},{"damage":10,"enemies":"Shelled Parasite and Fungi","floor":28,"turns":3},{"damage":13,"enemies":"Colosseum Slavers","floor":29,"turns":3},{"damage":24,"enemies":"Colosseum Nobs","floor":29,"turns":5},{"damage":0,"enemies":"Snecko","floor":31,"turns":4},{"damage":36,"enemies":"Automaton","floor":33,"turns":12},{"damage":0,"enemies":"Orb Walker","floor":35,"turns":2},{"damage":0,"enemies":"3 Shapes","floor":36,"turns":4},{"damage":0,"enemies":"Maw","floor":37,"turns":7},{"damage":11,"enemies":"4 Shapes","floor":39,"turns":6},{"damage":15,"enemies":"Reptomancer","floor":40,"turns":5},{"damage":0,"enemies":"Spire Growth","floor":42,"turns":3},{"damage":9,"enemies":"Writhing Mass","floor":44,"turns":6},{"damage":0,"enemies":"Jaw Worm Horde","floor":45,"turns":2},{"damage":16,"enemies":"Spire Growth","floor":48,"turns":5},{"damage":68,"enemies":"Awakened One","floor":50,"turns":10}],"seed_played":"-8951410377380927210","potions_obtained":[{"floor":2,"key":"EssenceOfSteel"},{"floor":3,"key":"Strength Potion"},{"floor":11,"key":"Poison Potion"},{"floor":13,"key":"Dexterity Potion"},{"floor":14,"key":"LiquidBronze"},{"floor":18,"key":"SpeedPotion"},{"floor":22,"key":"FocusPotion"},{"floor":29,"key":"Dexterity Potion"},{"floor":31,"key":"Block Potion"},{"floor":36,"key":"SkillPotion"},{"floor":38,"key":"Ancient Potion"},{"floor":38,"key":"SneckoOil"},{"floor":38,"key":"Energy Potion"},{"floor":38,"key":"Poison Potion"},{"floor":38,"key":"SneckoOil"},{"floor":39,"key":"Dexterity Potion"},{"floor":40,"key":"GamblersBrew"},{"floor":44,"key":"FocusPotion"}],"is_trial":false,"path_per_floor":["M","M","M","?","$","E","M","R","T","R","M","R","?","E","R","B",null,"M","M","?","$","M","R","?","M","T","R","M","?","?","M","R","B",null,"M","M","M","$","M","E","?","M","T","M","M","R","T","M","R","B"],"character_chosen":"DEFECT","items_purchased":["Rebound","Beam Cell+1","Ball Lightning+1","Gash+1","Cauldron","Enlightenment"],"campfire_rested":2,"item_purchase_floors":[5,21,21,38,38,38],"current_hp_per_floor":[75,75,75,75,75,23,8,8,8,30,29,29,36,31,31,16,75,75,73,73,73,45,45,45,52,52,52,49,19,19,19,41,5,75,75,75,75,75,71,63,63,65,65,65,67,67,67,60,60,0],"gold":90,"neow_bonus":"THREE_ENEMY_KILL","is_prod":false,"is_daily":false,"chose_seed":false,"campfire_upgraded":7,"win_rate":0,"timestamp":1546510877,"path_taken":["M","?","M","?","$","E","M","R","T","R","?","R","?","E","R","BOSS","M","M","?","$","M","R","?","?","T","R","M","?","?","M","R","BOSS","M","M","M","$","M","E","?","M","T","M","M","R","?","M","R","BOSS"],"build_version":"2018-12-20","purchased_purges":3,"victory":false,"max_hp_per_floor":[75,75,75,75,75,75,75,75,75,75,75,75,75,75,75,75,75,75,75,75,75,75,75,75,75,75,75,75,75,75,75,75,75,75,75,75,75,75,75,75,75,75,75,75,75,75,75,75,75,75],"card_choices":[{"not_picked":["Beam Cell","Stack"],"picked":"Hologram","floor":1},{"not_picked":["Barrage","Redo"],"picked":"Hologram","floor":2},{"not_picked":["Compile Driver","Reinforced Body"],"picked":"Self Repair","floor":3},{"not_picked":["Meteor Strike","Force Field"],"picked":"Doom and Gloom","floor":6},{"not_picked":["Loop","Turbo"],"picked":"Chill","floor":7},{"not_picked":["Recycle","Steam"],"picked":"Leap","floor":11},{"not_picked":["Conserve Battery","Auto Shields"],"picked":"Melter+1","floor":13},{"not_picked":["Skim","Reinforced Body"],"picked":"Hologram","floor":14},{"not_picked":["Rainbow","Electrodynamics"],"picked":"Buffer","floor":16},{"not_picked":["Coolheaded","Recycle+1"],"picked":"Barrage+1","floor":18},{"not_picked":["Undo","Turbo"],"picked":"Steam Power","floor":19},{"not_picked":["Coolheaded","Conserve Battery"],"picked":"Sweeping Beam+1","floor":22},{"not_picked":["Genetic Algorithm","Melter+1"],"picked":"Sunder+1","floor":25},{"not_picked":["Fusion+1","Turbo"],"picked":"Redo+1","floor":28},{"not_picked":["Coolheaded","Hello World+1"],"picked":"Streamline+1","floor":29},{"not_picked":["Coolheaded","Reboot","Blizzard+1"],"picked":"Leap","floor":31},{"not_picked":["Machine Learning+1","Creative AI+1","Electrodynamics+1"],"picked":"Meteor Strike+1","floor":33},{"not_picked":["Force Field","Ball Lightning+1","Hologram+1"],"picked":"Cold Snap+1","floor":35},{"not_picked":["Doom and Gloom+1","Rebound+1","Reinforced Body"],"picked":"Capacitor+1","floor":36},{"not_picked":["Stack","Beam Cell+1","Rebound+1"],"picked":"Compile Driver+1","floor":37},{"not_picked":["Chill","Lockon+1","Skim+1"],"picked":"Compile Driver+1","floor":39},{"not_picked":["Rip and Tear+1","Barrage+1","Heatsinks+1"],"picked":"Hologram+1","floor":40},{"not_picked":["Cold Snap+1","Coolheaded","Sweeping Beam+1"],"picked":"Stack+1","floor":42},{"not_picked":["Gash+1","Rebound+1","Barrage+1"],"picked":"Consume","floor":44},{"not_picked":["Stack+1","Coolheaded+1","Force Field"],"picked":"Reinforced Body+1","floor":45},{"not_picked":["Auto Shields","Compile Driver+1","Fusion+1"],"picked":"Hologram+1","floor":48}],"player_experience":102756,"relics_obtained":[{"floor":6,"key":"Molten Egg 2"},{"floor":9,"key":"Ornamental Fan"},{"floor":13,"key":"Odd Mushroom"},{"floor":14,"key":"Tiny Chest"},{"floor":26,"key":"Frozen Egg 2"},{"floor":29,"key":"Thread and Needle"},{"floor":29,"key":"Question Card"},{"floor":40,"key":"Blood Vial"},{"floor":43,"key":"Lantern"},{"floor":47,"key":"The Courier"}],"event_choices":[{"cards_removed":["Strike_B"],"damage_healed":0,"gold_gain":0,"player_choice":"Offered Basic","damage_taken":0,"max_hp_gain":0,"max_hp_loss":0,"event_name":"Bonfire Elementals","floor":4,"gold_loss":0},{"damage_healed":0,"gold_gain":0,"player_choice":"Fought Mushrooms","damage_taken":0,"max_hp_gain":0,"max_hp_loss":0,"event_name":"Mushrooms","floor":13,"gold_loss":0},{"damage_healed":0,"gold_gain":0,"player_choice":"Ignored","damage_taken":0,"max_hp_gain":0,"max_hp_loss":0,"event_name":"Ghosts","floor":20,"gold_loss":0},{"damage_healed":0,"gold_gain":0,"player_choice":"Opened","damage_taken":0,"relics_obtained":["Potion Belt"],"max_hp_gain":0,"max_hp_loss":0,"event_name":"The Mausoleum","floor":24,"gold_loss":0},{"damage_healed":0,"gold_gain":0,"player_choice":"Fight","damage_taken":0,"max_hp_gain":0,"max_hp_loss":0,"event_name":"Colosseum","floor":29,"gold_loss":0},{"damage_healed":0,"gold_gain":0,"player_choice":"Fought Nobs","damage_taken":0,"max_hp_gain":0,"max_hp_loss":0,"event_name":"Colosseum","floor":29,"gold_loss":0},{"damage_healed":0,"gold_gain":0,"player_choice":"Smashed Altar","damage_taken":0,"max_hp_gain":0,"max_hp_loss":0,"event_name":"Forgotten Altar","floor":30,"gold_loss":0,"cards_obtained":["Decay"]},{"damage_healed":0,"gold_gain":0,"player_choice":"Paid","damage_taken":0,"relics_obtained":["Red Mask"],"max_hp_gain":0,"max_hp_loss":0,"event_name":"Tomb of Lord Red Mask","floor":41,"gold_loss":55}],"is_beta":false,"boss_relics":[{"not_picked":["Philosopher\u0027s Stone","Velvet Choker"],"picked":"Nuclear Battery"},{"not_picked":["Pandora\u0027s Box","White Beast Statue"],"picked":"Cursed Key"}],"items_purged_floors":[5,21,38],"is_endless":false,"potions_floor_spawned":[2,3,11,13,14,18,22,29,31,36,39,40,44],"killed_by":"Awakened One","ascension_level":3}