{"gold_per_floor":[15,32,32,42,117,135,135,60,60,60,60,73,108,108,108,203,203,222,222,222,236,151,151,167,67,67,67,86,86],"floor_reached":29,"playtime":1701,"items_purged":["Defend_B","Strike_B"],"score":245,"play_id":"ce08c145-2ad6-43dc-8e56-5c8f7122aaa5","local_time":"20190825144201","is_ascension_mode":true,"campfire_choices":[{"floor":7,"key":"RECALL"},{"data":"Reinforced Body","floor":10,"key":"SMITH"},{"floor":15,"key":"REST"},{"floor":23,"key":"REST"},{"floor":27,"key":"REST"}],"neow_cost":"NO_GOLD","seed_source_timestamp":156732728871400,"circlet_count":0,"master_deck":["Strike_B","Strike_B","Strike_B","Defend_B","Defend_B","Defend_B","Zap","Dualcast","Sweeping Beam","Reinforced Body+1","Storm","Go for the Eyes","Biased Cognition+1","Hologram","Biased Cognition","Steam Power","J.A.X.","Coolheaded","Cold Snap","Coolheaded+1"],"relics":["Cracked Core","Boot","Sundial","Runic Pyramid","Omamori","Nunchaku"],"potions_floor_usage":[16,16],"damage_taken":[{"damage":0,"enemies":"2 Louse","floor":1,"turns":2},{"damage":4,"enemies":"Small Slimes","floor":2,"turns":3},{"damage":1,"enemies":"Cultist","floor":4,"turns":3},{"damage":4,"enemies":"Red Slaver","floor":6,"turns":4},{"damage":13,"enemies":"Large Slime","floor":12,"turns":5},{"damage":23,"enemies":"Lagavulin","floor":13,"turns":7},{"damage":30,"enemies":"The Guardian","floor":16,"turns":11},{"damage":36,"enemies":"2 Thieves","floor":18,"turns":4},{"damage":14,"enemies":"3 Byrds","floor":21,"turns":4},{"damage":41,"enemies":"Shelled Parasite and Fungi","floor":24,"turns":6},{"damage":14,"enemies":"Centurion and Healer","floor":28,"turns":5},{"damage":37,"enemies":"3 Cultists","floor":29,"turns":5}],"seed_played":"-3343993311108258379","potions_obtained":[{"floor":6,"key":"FearPotion"},{"floor":12,"key":"Block Potion"},{"floor":13,"key":"Poison Potion"},{"floor":28,"key":"LiquidBronze"}],"is_trial":false,"path_per_floor":["M","M","?","M","?","M","R","$","T","R","?","M","E","?","R","B",null,"M","?","?","M","?","R","M","$","T","R","M","M"],"character_chosen":"DEFECT","items_purchased":[],"campfire_rested":3,"item_purchase_floors":[],"current_hp_per_floor":[89,85,85,84,76,72,72,72,72,72,69,56,33,33,59,29,89,53,53,53,39,39,65,24,24,24,50,36,0],"gold":86,"neow_bonus":"TWENTY_PERCENT_HP_BONUS","is_prod":false,"is_daily":false,"chose_seed":false,"campfire_upgraded":1,"win_rate":0,"timestamp":1566762121,"path_taken":["M","M","?","M","?","?","R","?","T","R","?","M","E","?","R","BOSS","M","?","?","M","?","R","M","$","T","R","M","M"],"build_version":"2019-07-17","purchased_purges":2,"victory":false,"max_hp_per_floor":[89,89,89,89,89,89,89,89,89,89,89,89,89,89,89,89,89,89,89,89,89,89,89,89,89,89,89,89,89],"card_choices":[{"not_picked":["Stack","Rebound"],"picked":"Sweeping Beam","floor":1},{"not_picked":["Beam Cell","Streamline"],"picked":"Reinforced Body","floor":2},{"not_picked":["Steam Power","Melter"],"picked":"Storm","floor":4},{"not_picked":["Compile Driver","Recycle"],"picked":"Go for the Eyes","floor":6},{"not_picked":["Cold Snap","Scrape"],"picked":"Biased Cognition","floor":12},{"not_picked":["Scrape","Auto Shields"],"picked":"Hologram","floor":13},{"not_picked":["Hyperbeam","Machine Learning"],"picked":"Biased Cognition","floor":16},{"not_picked":["Steam","Redo"],"picked":"Steam Power","floor":18},{"not_picked":["Beam Cell+1","Conserve Battery"],"picked":"Coolheaded","floor":21},{"not_picked":["Steam","Creative AI"],"picked":"Cold Snap","floor":24},{"not_picked":["Capacitor","Streamline+1"],"picked":"Coolheaded+1","floor":28}],"player_experience":201573,"relics_obtained":[{"floor":13,"key":"Sundial"},{"floor":26,"key":"Nunchaku"}],"event_choices":[{"damage_healed":0,"gold_gain":0,"player_choice":"Ignored","damage_taken":0,"max_hp_gain":0,"max_hp_loss":0,"event_name":"Golden Idol","floor":3,"gold_loss":0},{"damage_healed":0,"gold_gain":75,"player_choice":"Touch","damage_taken":8,"max_hp_gain":0,"max_hp_loss":0,"event_name":"FaceTrader","floor":5,"gold_loss":0},{"damage_healed":0,"gold_gain":0,"player_choice":"Success","damage_taken":3,"relics_obtained":["Boot"],"max_hp_gain":0,"max_hp_loss":0,"event_name":"Scrap Ooze","floor":11,"gold_loss":0},{"damage_healed":0,"gold_gain":0,"player_choice":"Grow","damage_taken":0,"max_hp_gain":0,"max_hp_loss":0,"event_name":"Living Wall","floor":14,"gold_loss":0,"cards_upgraded":["Biased Cognition"]},{"damage_healed":0,"gold_gain":0,"player_choice":"Ignored","damage_taken":0,"max_hp_gain":0,"max_hp_loss":0,"event_name":"Vampires","floor":19,"gold_loss":0},{"damage_healed":0,"gold_gain":0,"player_choice":"Obtain J.A.X.","damage_taken":0,"max_hp_gain":0,"max_hp_loss":0,"event_name":"Drug Dealer","floor":20,"gold_loss":0,"cards_obtained":["J.A.X."]},{"damage_healed":0,"gold_gain":0,"player_choice":"Obtained Relic","damage_taken":0,"relics_obtained":["Omamori"],"max_hp_gain":0,"max_hp_loss":0,"event_name":"Addict","floor":22,"gold_loss":85}],"is_beta":false,"boss_relics":[{"not_picked":["White Beast Statue","Orrery"],"picked":"Runic Pyramid"}],"items_purged_floors":[8,25],"is_endless":false,"potions_floor_spawned":[6,12,13,28],"killed_by":"3 Cultists","ascension_level":2}