{"gold_per_floor":[118,131,11,11,35,62,9,9,33,58,86,98,143,172,184,274,286,271,283,27,27,27,27,27,58,107,136,43,43,74,89,89,89],"floor_reached":33,"playtime":1016,"items_purged":["Bite"],"score":725,"play_id":"b66bab94-dfe8-431e-841e-aa4a6bdf29cf","local_time":"20190808194950","is_ascension_mode":true,"campfire_choices":[{"data":"Hemokinesis","floor":8,"key":"SMITH"},{"data":"Twin Strike","floor":12,"key":"SMITH"},{"data":"Shockwave","floor":15,"key":"SMITH"},{"floor":23,"key":"REST"},{"floor":32,"key":"RECALL"}],"neow_cost":"NONE","seed_source_timestamp":445577463039400,"circlet_count":0,"master_deck":["AscendersBane","Defend_R","Defend_R","Defend_R+1","Defend_R","Bash","Hemokinesis+1","Twin Strike+1","Feel No Pain","Shockwave+1","Combust","Second Wind","Demon Form","Entrench","Bite+1","Bite","Bite","Bite+1","Feel No Pain","Armaments","RitualDagger","Flame Barrier+1","Reckless Charge","True Grit","Armaments","Shrug It Off"],"relics":["Burning Blood","Pen Nib","Bag of Marbles","WingedGreaves","PreservedInsect","Lantern","MawBank","Centennial Puzzle","Fusion Hammer","Kunai","Orichalcum","Whetstone","Gremlin Horn","Regal Pillow"],"potions_floor_usage":[6,11,16,30,33,33],"damage_taken":[{"damage":1,"enemies":"Cultist","floor":1,"turns":3},{"damage":10,"enemies":"Jaw Worm","floor":2,"turns":3},{"damage":20,"enemies":"Gremlin Nob","floor":6,"turns":4},{"damage":18,"enemies":"3 Sentries","floor":10,"turns":4},{"damage":4,"enemies":"Lagavulin","floor":11,"turns":5},{"damage":10,"enemies":"Gremlin Nob","floor":13,"turns":3},{"damage":8,"enemies":"2 Louse","floor":14,"turns":3},{"damage":7,"enemies":"Hexaghost","floor":16,"turns":7},{"damage":23,"enemies":"2 Thieves","floor":18,"turns":4},{"damage":21,"enemies":"Slavers","floor":25,"turns":6},{"damage":27,"enemies":"Gremlin Leader","floor":27,"turns":7},{"damage":10,"enemies":"Slavers","floor":30,"turns":5},{"damage":0,"enemies":"Shell Parasite","floor":31,"turns":1},{"damage":76,"enemies":"Automaton","floor":33,"turns":10}],"seed_played":"8509532777525059578","potions_obtained":[{"floor":2,"key":"Block Potion"},{"floor":10,"key":"SkillPotion"},{"floor":16,"key":"SpeedPotion"},{"floor":30,"key":"Explosive Potion"},{"floor":31,"key":"PowerPotion"}],"is_trial":false,"path_per_floor":["M","M","$","?","T","E","$","R","T","E","E","R","E","M","R","B",null,"M","?","$","?","$","R","?","E","T","E","$","T","E","M","R","B"],"character_chosen":"IRONCLAD","items_purchased":["Feel No Pain","Shockwave","Strength Potion","Feel No Pain","Armaments","Fire Potion","Reckless Charge","True Grit"],"campfire_rested":1,"item_purchase_floors":[3,3,7,20,20,20,28,28],"current_hp_per_floor":[73,69,69,46,46,32,32,32,32,20,22,22,18,16,16,15,60,43,43,43,37,37,52,52,39,39,34,34,34,43,52,52,0],"gold":89,"neow_bonus":"RANDOM_COMMON_RELIC","is_prod":false,"is_daily":false,"chose_seed":false,"campfire_upgraded":3,"win_rate":0,"timestamp":1565318990,"path_taken":["M","M","$","?","?","E","$","R","T","E","E","R","E","M","R","BOSS","M","?","$","?","?","R","?","E","T","E","?","?","E","M","R","BOSS"],"build_version":"2019-07-17","purchased_purges":1,"victory":false,"max_hp_per_floor":[75,75,75,75,75,75,75,75,75,75,75,75,75,75,75,75,75,75,52,52,52,52,52,52,52,52,52,52,52,52,52,52,52],"card_choices":[{"not_picked":["Wild Strike","Heavy Blade"],"picked":"Hemokinesis","floor":1},{"not_picked":["Entrench","Seeing Red"],"picked":"Twin Strike","floor":2},{"not_picked":["Bloodletting","Clothesline"],"picked":"Combust","floor":6},{"not_picked":["Anger","Wild Strike"],"picked":"Second Wind","floor":10},{"not_picked":["Wild Strike","Heavy Blade","Limit Break"],"picked":"SKIP","floor":11},{"not_picked":["Bloodletting","Anger","Twin Strike"],"picked":"SKIP","floor":13},{"not_picked":["Thunderclap","Anger","Rage"],"picked":"SKIP","floor":14},{"not_picked":["Juggernaut","Double Tap"],"picked":"Demon Form","floor":16},{"not_picked":["Clash+1","Seeing Red+1"],"picked":"Entrench","floor":18},{"not_picked":["Pummel+1","Shockwave","Infernal Blade+1"],"picked":"SKIP","floor":25},{"not_picked":["Iron Wave","Fire Breathing"],"picked":"Flame Barrier+1","floor":27},{"not_picked":["Flex","Metallicize"],"picked":"Armaments","floor":30},{"not_picked":["Rage","Twin Strike"],"picked":"Shrug It Off","floor":31}],"player_experience":756311,"relics_obtained":[{"floor":5,"key":"Bag of Marbles"},{"floor":6,"key":"WingedGreaves"},{"floor":9,"key":"PreservedInsect"},{"floor":10,"key":"Lantern"},{"floor":11,"key":"MawBank"},{"floor":13,"key":"Centennial Puzzle"},{"floor":25,"key":"Kunai"},{"floor":26,"key":"Orichalcum"},{"floor":27,"key":"Whetstone"},{"floor":29,"key":"Gremlin Horn"},{"floor":30,"key":"Regal Pillow"}],"event_choices":[{"damage_healed":0,"gold_gain":0,"player_choice":"Entered Light","damage_taken":23,"max_hp_gain":0,"max_hp_loss":0,"event_name":"Shining Light","floor":4,"gold_loss":0,"cards_upgraded":["Strike_R","Defend_R"]},{"damage_healed":0,"gold_gain":0,"player_choice":"Became a vampire","damage_taken":0,"max_hp_gain":0,"max_hp_loss":23,"event_name":"Vampires","floor":19,"gold_loss":0,"cards_obtained":["Bite","Bite","Bite","Bite","Bite"]},{"damage_healed":0,"gold_gain":0,"player_choice":"Joined the Cult","damage_taken":6,"max_hp_gain":0,"max_hp_loss":0,"event_name":"Nest","floor":21,"gold_loss":0,"cards_obtained":["RitualDagger"]},{"damage_healed":0,"gold_gain":0,"player_choice":"Ignored","damage_taken":0,"max_hp_gain":0,"max_hp_loss":0,"event_name":"The Mausoleum","floor":24,"gold_loss":0}],"is_beta":false,"boss_relics":[{"not_picked":["Runic Pyramid","Orrery"],"picked":"Fusion Hammer"}],"items_purged_floors":[20],"is_endless":false,"potions_floor_spawned":[2,10,16,30,31],"killed_by":"Automaton","ascension_level":20}