{"gold_per_floor":[113,113,26,41,59,59,86,86,86,98,98,131,143,174,174,251,251,251,171,171,171,19,19,19,19,19,19,0,0,0,0,0,0],"floor_reached":33,"playtime":727,"items_purged":["Decay"],"score":566,"play_id":"d98dad85-ec2a-43a1-887c-96a16da8f588","local_time":"20190818042049","is_ascension_mode":true,"campfire_choices":[{"data":"Anger","floor":6,"key":"SMITH"},{"data":"Headbutt","floor":8,"key":"SMITH"},{"data":"Shockwave","floor":11,"key":"SMITH"},{"data":"Pommel Strike","floor":15,"key":"SMITH"},{"data":"Corruption","floor":23,"key":"SMITH"},{"floor":27,"key":"REST"},{"data":"Reaper","floor":32,"key":"SMITH"}],"neow_cost":"NONE","seed_source_timestamp":1254124814494500,"circlet_count":0,"master_deck":["AscendersBane","Strike_R","Strike_R","Defend_R","Defend_R","Defend_R","Defend_R","Bash","Anger+1","Corruption+1","Headbutt+1","Pommel Strike+1","Shockwave+1","Disarm+1","Impervious+1","Flame Barrier+1","Armaments+1","Impervious+1","Metallicize+1","Reaper+1","Combust","Pommel Strike"],"relics":["Burning Blood","NeowsBlessing","Matryoshka","Self Forming Clay","Toxic Egg 2","Art of War","Dodecahedron","Ectoplasm","Boot","The Courier","Lantern"],"potions_floor_usage":[16],"damage_taken":[{"damage":0,"enemies":"Jaw Worm","floor":1,"turns":1},{"damage":0,"enemies":"Cultist","floor":4,"turns":1},{"damage":0,"enemies":"Small Slimes","floor":5,"turns":1},{"damage":25,"enemies":"Lagavulin","floor":7,"turns":7},{"damage":1,"enemies":"2 Fungi Beasts","floor":10,"turns":3},{"damage":29,"enemies":"Gremlin Nob","floor":12,"turns":4},{"damage":4,"enemies":"3 Louse","floor":13,"turns":4},{"damage":7,"enemies":"Lagavulin","floor":14,"turns":6},{"damage":28,"enemies":"Slime Boss","floor":16,"turns":7},{"damage":18,"enemies":"Spheric Guardian","floor":18,"turns":5},{"damage":6,"enemies":"2 Thieves","floor":19,"turns":4},{"damage":38,"enemies":"Slavers","floor":24,"turns":8},{"damage":24,"enemies":"Snake Plant","floor":29,"turns":5},{"damage":0,"enemies":"Cultist and Chosen","floor":30,"turns":8},{"damage":0,"enemies":"Automaton","floor":33,"turns":1}],"seed_played":"4566724618075246691","potions_obtained":[{"floor":4,"key":"Strength Potion"},{"floor":5,"key":"SpeedPotion"},{"floor":16,"key":"EssenceOfSteel"},{"floor":29,"key":"BloodPotion"}],"is_trial":false,"path_per_floor":["M","?","$","M","M","R","E","R","T","M","R","E","M","E","R","B",null,"M","M","?","?","$","R","E","?","T","R","?","M","M","?","R","B"],"character_chosen":"IRONCLAD","items_purchased":["Corruption","Flame Barrier+1"],"campfire_rested":1,"item_purchase_floors":[3,22],"current_hp_per_floor":[74,74,74,75,75,75,56,56,56,61,61,38,40,39,39,17,61,49,49,49,49,49,49,17,17,17,39,39,21,27,27,27,27],"gold":0,"neow_bonus":"THREE_ENEMY_KILL","is_prod":false,"is_daily":false,"chose_seed":false,"campfire_upgraded":6,"win_rate":0,"timestamp":1566127249,"path_taken":["M","?","?","?","M","R","E","R","T","M","R","E","M","E","R","BOSS","M","M","?","?","$","R","E","?","T","R","?","M","M","?","R","BOSS"],"build_version":"2019-07-17","purchased_purges":1,"victory":false,"max_hp_per_floor":[75,75,75,75,75,75,75,75,75,75,75,75,75,75,75,75,75,75,75,75,75,75,75,75,75,75,75,75,75,75,75,75,75],"card_choices":[{"not_picked":["Shrug It Off","Reckless Charge"],"picked":"Anger","floor":1},{"not_picked":["Carnage","Perfected Strike"],"picked":"Headbutt","floor":4},{"not_picked":["Searing Blow","Wild Strike"],"picked":"Pommel Strike","floor":5},{"not_picked":["Flex","Cleave"],"picked":"Shockwave","floor":7},{"not_picked":["Iron Wave","Searing Blow","Rage+1"],"picked":"SKIP","floor":10},{"not_picked":["Dark Embrace","Headbutt"],"picked":"Disarm+1","floor":12},{"not_picked":["Flex+1","Anger","Cleave"],"picked":"SKIP","floor":13},{"not_picked":["Rupture","Clash","Wild Strike"],"picked":"SKIP","floor":14},{"not_picked":["Feed","Double Tap+1"],"picked":"Impervious+1","floor":16},{"not_picked":["Bloodletting+1","Thunderclap","Perfected Strike"],"picked":"SKIP","floor":18},{"not_picked":["Infernal Blade+1","Havoc+1","Clash+1"],"picked":"SKIP","floor":19},{"not_picked":["Sword Boomerang","Perfected Strike"],"picked":"Armaments+1","floor":24},{"not_picked":["Pommel Strike","Sword Boomerang"],"picked":"Metallicize+1","floor":29},{"not_picked":["Combust","Flex+1"],"picked":"Reaper","floor":30}],"player_experience":802934,"relics_obtained":[{"floor":7,"key":"Matryoshka"},{"floor":9,"key":"Self Forming Clay"},{"floor":9,"key":"Toxic Egg 2"},{"floor":12,"key":"Art of War"},{"floor":14,"key":"Dodecahedron"},{"floor":24,"key":"Boot"},{"floor":26,"key":"The Courier"},{"floor":26,"key":"Lantern"}],"event_choices":[{"cards_removed":["Strike_R"],"damage_healed":0,"gold_gain":0,"player_choice":"Purged","damage_taken":0,"max_hp_gain":0,"max_hp_loss":0,"event_name":"Purifier","floor":2,"gold_loss":0},{"damage_healed":0,"gold_gain":0,"player_choice":"Smashed Altar","damage_taken":0,"max_hp_gain":0,"max_hp_loss":0,"event_name":"Forgotten Altar","floor":20,"gold_loss":0,"cards_obtained":["Decay"]},{"damage_healed":0,"gold_gain":0,"player_choice":"Ignored","damage_taken":0,"max_hp_gain":0,"max_hp_loss":0,"event_name":"Beggar","floor":21,"gold_loss":0},{"damage_healed":0,"gold_gain":0,"player_choice":"Read","damage_taken":0,"max_hp_gain":0,"max_hp_loss":0,"event_name":"The Library","floor":25,"gold_loss":0,"cards_obtained":["Impervious"]},{"damage_healed":0,"gold_gain":0,"player_choice":"Paid Fearfully","damage_taken":0,"max_hp_gain":0,"max_hp_loss":0,"event_name":"Masked Bandits","floor":28,"gold_loss":19},{"damage_healed":0,"gold_gain":0,"cards_transformed":["Strike_R","Strike_R"],"player_choice":"Became Test Subject","damage_taken":0,"max_hp_gain":0,"max_hp_loss":0,"event_name":"Drug Dealer","floor":31,"gold_loss":0,"cards_obtained":["Combust","Pommel Strike"]}],"is_beta":false,"boss_relics":[{"not_picked":["Runic Dome","Calling Bell"],"picked":"Ectoplasm"}],"items_purged_floors":[22],"is_endless":false,"potions_floor_spawned":[4,5,7,10,16,19,29],"killed_by":"Automaton","ascension_level":20}