{"gold_per_floor":[118,193,193,209,209,239,239,264,264,593,605,67,67,67,67,140,140,152,163,163,88,88,123,123,149,149,177,194,220,236,249,249,326,326,342,342,355,44,61,89,89,112,158,189,189,25,42,69,69,69,69,69,69,12,38,38],"floor_reached":56,"playtime":2814,"items_purged":["Strike_R","Strike_R+1","Injury"],"score":2133,"play_id":"ba840be8-2b79-4941-b59b-1523578014b4","local_time":"20190722021122","is_ascension_mode":true,"campfire_choices":[{"data":"Pommel Strike","floor":7.0,"key":"SMITH"},{"data":"Bash","floor":13.0,"key":"SMITH"},{"data":"Anger","floor":15.0,"key":"SMITH"},{"data":"True Grit","floor":24.0,"key":"SMITH"},{"floor":32.0,"key":"REST"},{"data":"Armaments","floor":41.0,"key":"SMITH"},{"floor":45.0,"key":"RECALL"},{"floor":49.0,"key":"REST"},{"floor":53.0,"key":"REST"}],"neow_cost":"NONE","seed_source_timestamp":411286867596600,"circlet_count":0,"master_deck":["AscendersBane","Strike_R+1","Strike_R+1","Defend_R+1","Defend_R+1","Defend_R+1","Defend_R+1","Bash+1","Whirlwind+1","Pommel Strike+1","Anger+1","Headbutt","Shrug It Off","Shrug It Off","Offering","Flex","Bloodletting+1","True Grit+1","Offering","Warcry+1","Disarm","Feel No Pain+1","Armaments+1","Fiend Fire","True Grit","Seeing Red+1","Exhume","Shame","Feel No Pain","Feel No Pain","Disarm"],"special_seed":0,"relics":["Burning Blood","NeowsBlessing","Charon\u0027s Ashes","Vajra","Pear","Letter Opener","Old Coin","Prayer Wheel","Runic Pyramid","Blood Vial","Turnip","Paper Frog","Mercury Hourglass","Cursed Key","Chemical X","Strawberry","Boot","Centennial Puzzle","Thread and Needle","Nunchaku","Oddly Smooth Stone"],"potions_floor_usage":[55,56],"damage_taken":[{"damage":0.0,"enemies":"Small Slimes","floor":1.0,"turns":1.0},{"damage":0.0,"enemies":"2 Louse","floor":4.0,"turns":1.0},{"damage":0.0,"enemies":"Lagavulin","floor":6.0,"turns":1.0},{"damage":32.0,"enemies":"Gremlin Nob","floor":8.0,"turns":4.0},{"damage":36.0,"enemies":"Lagavulin","floor":10.0,"turns":6.0},{"damage":7.0,"enemies":"Jaw Worm","floor":11.0,"turns":2.0},{"damage":24.0,"enemies":"Slime Boss","floor":16.0,"turns":11.0},{"damage":6.0,"enemies":"Chosen","floor":18.0,"turns":3.0},{"damage":6.0,"enemies":"Spheric Guardian","floor":19.0,"turns":3.0},{"damage":26.0,"enemies":"Slavers","floor":23.0,"turns":2.0},{"damage":18.0,"enemies":"Book of Stabbing","floor":25.0,"turns":3.0},{"damage":12.0,"enemies":"Gremlin Leader","floor":27.0,"turns":7.0},{"damage":9.0,"enemies":"Cultist and Chosen","floor":28.0,"turns":5.0},{"damage":20.0,"enemies":"Book of Stabbing","floor":29.0,"turns":3.0},{"damage":6.0,"enemies":"Snake Plant","floor":30.0,"turns":2.0},{"damage":6.0,"enemies":"Chosen and Byrds","floor":31.0,"turns":3.0},{"damage":51.0,"enemies":"Automaton","floor":33.0,"turns":10.0},{"damage":16.0,"enemies":"3 Darklings","floor":35.0,"turns":3.0},{"damage":0.0,"enemies":"3 Shapes","floor":37.0,"turns":1.0},{"damage":5.0,"enemies":"Jaw Worm Horde","floor":39.0,"turns":4.0},{"damage":17.0,"enemies":"Giant Head","floor":40.0,"turns":5.0},{"damage":11.0,"enemies":"Reptomancer","floor":44.0,"turns":3.0},{"damage":9.0,"enemies":"Maw","floor":47.0,"turns":6.0},{"damage":33.0,"enemies":"Giant Head","floor":48.0,"turns":6.0},{"damage":29.0,"enemies":"Awakened One","floor":50.0,"turns":15.0},{"damage":43.0,"enemies":"Time Eater","floor":51.0,"turns":14.0},{"damage":55,"enemies":"Shield and Spear","floor":55,"turns":6},{"damage":50,"enemies":"The Heart","floor":56,"turns":5}],"seed_played":"-7182859428780667830","potions_obtained":[{"floor":1.0,"key":"EssenceOfSteel"},{"floor":10.0,"key":"SpeedPotion"},{"floor":11.0,"key":"Swift Potion"},{"floor":23.0,"key":"FearPotion"},{"floor":30.0,"key":"GamblersBrew"},{"floor":33.0,"key":"Energy Potion"},{"floor":37.0,"key":"SpeedPotion"}],"is_trial":false,"path_per_floor":["M","?","?","M","?","E","R","E","T","E","M","$","R","?","R","B",null,"M","M","?","?","?","E","R","E","T","E","M","E","M","M","R","B",null,"M","?","M","$","M","E","R","T","T","E","R","$","M","E","R","B","B",null,"R","$","E","B"],"character_chosen":"IRONCLAD","items_purchased":["Regen Potion","Shrug It Off","Prayer Wheel","Chemical X","Feel No Pain","Energy Potion"],"campfire_rested":3,"item_purchase_floors":[12,12,12,38,46,54],"current_hp_per_floor":[74,63,58,64,64,70,70,54,54,24,23,23,23,23,23,20,69,69,69,69,69,69,49,49,39,39,35,34,22,24,26,51,8,66,58,58,66,66,69,67,67,67,67,64,64,64,63,38,65,44,9,71,92,92,43,0],"gold":38,"neow_bonus":"THREE_ENEMY_KILL","is_prod":false,"is_daily":false,"chose_seed":false,"campfire_upgraded":5,"win_rate":0,"timestamp":1563786682,"path_taken":["M","?","?","?","?","E","R","E","T","E","?","$","R","?","R","BOSS","M","M","?","?","?","E","R","E","T","E","?","E","M","M","R","BOSS","M","?","M","$","M","E","R","?","T","E","R","?","?","E","R","BOSS","BOSS","R","$","E","BOSS"],"build_version":"2019-07-17","purchased_purges":3,"victory":false,"max_hp_per_floor":[75,75,75,75,75,75,75,85,85,85,85,85,85,85,85,85,85,85,85,85,85,85,85,85,85,85,85,85,85,85,85,85,85,85,85,85,85,85,85,92,92,92,92,92,92,92,92,92,92,92,92,92,92,92,92,92],"card_choices":[{"not_picked":["Pommel Strike","Hemokinesis"],"picked":"Whirlwind","floor":1.0},{"not_picked":["Dual Wield","Body Slam"],"picked":"Pommel Strike","floor":4.0},{"not_picked":["Perfected Strike","Blood for Blood","Cleave"],"picked":"SKIP","floor":6.0},{"not_picked":["Fire Breathing","Iron Wave"],"picked":"Anger","floor":8.0},{"not_picked":["Rupture","Perfected Strike"],"picked":"Headbutt","floor":10.0},{"not_picked":["Clash","Wild Strike"],"picked":"Shrug It Off","floor":11.0},{"not_picked":["Fiend Fire","Impervious"],"picked":"Offering","floor":16.0},{"not_picked":["Headbutt","Warcry"],"picked":"Flex","floor":18.0},{"not_picked":["Fire Breathing","Thunderclap","Warcry"],"picked":"SKIP","floor":18.0},{"not_picked":["Wild Strike+1","Twin Strike"],"picked":"Bloodletting+1","floor":19.0},{"not_picked":["Pummel","Iron Wave+1","Bloodletting"],"picked":"SKIP","floor":19.0},{"not_picked":["Pommel Strike+1","Body Slam"],"picked":"True Grit","floor":23.0},{"not_picked":["Carnage","Havoc"],"picked":"Offering","floor":25.0},{"not_picked":["Dropkick+1","Sword Boomerang","Heavy Blade"],"picked":"SKIP","floor":27.0},{"not_picked":["Second Wind","Heavy Blade"],"picked":"Warcry+1","floor":28.0},{"not_picked":["Shrug It Off","Anger","Rage"],"picked":"SKIP","floor":28.0},{"not_picked":["Body Slam+1","Thunderclap","Wild Strike"],"picked":"SKIP","floor":29.0},{"not_picked":["Headbutt","Twin Strike"],"picked":"Disarm","floor":30.0},{"not_picked":["True Grit","Iron Wave","Warcry"],"picked":"SKIP","floor":30.0},{"not_picked":["Iron Wave","True Grit"],"picked":"Feel No Pain+1","floor":31.0},{"not_picked":["Clash","Twin Strike"],"picked":"Armaments","floor":31.0},{"not_picked":["Immolate","Reaper"],"picked":"Fiend Fire","floor":33.0},{"not_picked":["Warcry","Pommel Strike+1","Bloodletting+1"],"picked":"SKIP","floor":35.0},{"not_picked":["Heavy Blade+1","Shrug It Off","Clash+1"],"picked":"SKIP","floor":35.0},{"not_picked":["Clothesline","Blood for Blood"],"picked":"True Grit","floor":37.0},{"not_picked":["Flex","Shrug It Off","Body Slam"],"picked":"SKIP","floor":37.0},{"not_picked":["Wild Strike","Infernal Blade"],"picked":"Seeing Red+1","floor":39.0},{"not_picked":["Twin Strike+1","Pommel Strike","Anger+1"],"picked":"SKIP","floor":39.0},{"not_picked":["Intimidate","Armaments"],"picked":"Exhume","floor":40.0},{"not_picked":["Hemokinesis+1","Sentinel","Body Slam"],"picked":"SKIP","floor":44.0},{"not_picked":["Hemokinesis+1","Sentinel","Body Slam"],"picked":"SKIP","floor":44.0},{"not_picked":["Dual Wield","Twin Strike"],"picked":"Feel No Pain","floor":47.0},{"not_picked":["Second Wind","Flex","Body Slam+1"],"picked":"SKIP","floor":47.0},{"not_picked":["Metallicize","Pommel Strike","Ghostly Armor"],"picked":"SKIP","floor":48.0},{"not_picked":["Pommel Strike","Clash+1"],"picked":"Disarm","floor":55}],"player_experience":685877,"relics_obtained":[{"floor":6.0,"key":"Vajra"},{"floor":8.0,"key":"Pear"},{"floor":9.0,"key":"Letter Opener"},{"floor":10.0,"key":"Old Coin"},{"floor":23.0,"key":"Blood Vial"},{"floor":25.0,"key":"Turnip"},{"floor":27.0,"key":"Paper Frog"},{"floor":29.0,"key":"Mercury Hourglass"},{"floor":40.0,"key":"Strawberry"},{"floor":42.0,"key":"Boot"},{"floor":43.0,"key":"Centennial Puzzle"},{"floor":44.0,"key":"Thread and Needle"},{"floor":48.0,"key":"Nunchaku"},{"floor":55,"key":"Oddly Smooth Stone"}],"event_choices":[{"damage_healed":0.0,"max_hp_gain":0.0,"max_hp_loss":0.0,"gold_gain":75.0,"event_name":"World of Goop","player_choice":"Gather Gold","floor":2.0,"gold_loss":0.0,"damage_taken":11.0},{"damage_healed":0.0,"max_hp_gain":0.0,"max_hp_loss":0.0,"gold_gain":0.0,"event_name":"Scrap Ooze","player_choice":"Success","floor":3.0,"gold_loss":0.0,"damage_taken":5.0,"relics_obtained":["Charon\u0027s Ashes"]},{"damage_healed":0.0,"max_hp_gain":0.0,"max_hp_loss":0.0,"gold_gain":0.0,"event_name":"Upgrade Shrine","player_choice":"Upgraded","floor":5.0,"gold_loss":0.0,"damage_taken":0.0,"cards_upgraded":["Whirlwind"]},{"damage_healed":0.0,"max_hp_gain":0.0,"max_hp_loss":0.0,"gold_gain":0.0,"event_name":"Shining Light","player_choice":"Ignored","floor":14.0,"gold_loss":0.0,"damage_taken":0.0},{"damage_healed":0.0,"max_hp_gain":0.0,"max_hp_loss":0.0,"gold_gain":0.0,"event_name":"Back to Basics","player_choice":"Simplicity","floor":20.0,"gold_loss":0.0,"damage_taken":0.0,"cards_upgraded":["Strike_R","Strike_R","Strike_R","Strike_R","Defend_R","Defend_R","Defend_R","Defend_R"]},{"cards_removed":["Strike_R"],"damage_healed":0.0,"max_hp_gain":0.0,"max_hp_loss":0.0,"gold_gain":0.0,"event_name":"Beggar","player_choice":"Gave Gold","floor":21.0,"gold_loss":75.0,"damage_taken":0.0},{"damage_healed":0.0,"max_hp_gain":0.0,"max_hp_loss":0.0,"gold_gain":0.0,"event_name":"Match and Keep!","player_choice":"0 cards matched","floor":22.0,"gold_loss":0.0,"damage_taken":0.0,"cards_obtained":[]},{"damage_healed":0.0,"max_hp_gain":0.0,"max_hp_loss":0.0,"gold_gain":0.0,"event_name":"Tomb of Lord Red Mask","player_choice":"Ignored","floor":36.0,"gold_loss":0.0,"damage_taken":0.0}],"is_beta":false,"boss_relics":[{"not_picked":["Orrery","Coffee Dripper"],"picked":"Runic Pyramid"},{"not_picked":["Black Blood","Snecko Eye"],"picked":"Cursed Key"}],"items_purged_floors":[12,38,46],"is_endless":false,"potions_floor_spawned":[1,10,11,23,30,33,37,40,48],"killed_by":"The Heart","ascension_level":20}