{"gold_per_floor":[118,43,43,55,55,55,72,72,72,89,106,118,144,144,144,241,241,256,256,1,11,30,30,49,49,72,72],"floor_reached":27,"playtime":921,"items_purged":["Strike_B","Strike_B"],"score":269,"play_id":"732af16d-c778-473e-9102-69d699f02cca","local_time":"20190112084429","is_ascension_mode":true,"campfire_choices":[{"data":"Leap","floor":6.0,"key":"SMITH"},{"data":"Sweeping Beam","floor":8.0,"key":"SMITH"},{"floor":15.0,"key":"REST"},{"floor":23.0,"key":"REST"}],"neow_cost":"NONE","seed_source_timestamp":0,"circlet_count":0,"master_deck":["Strike_B","Strike_B","Defend_B","Defend_B","Defend_B","Defend_B","Zap+1","Leap+1","Steam","Sweeping Beam+1","Lockon","Cold Snap","Undo","BootSequence","Buffer+1","Cold Snap","Capacitor","FTL","Lockon+1","Conserve Battery","Static Discharge+1"],"special_seed":0,"relics":["Cracked Core","NeowsBlessing","Emotion Chip","Letter Opener","Matryoshka","Inserter","Enchiridion","Strawberry","Juzu Bracelet"],"potions_floor_usage":[],"damage_taken":[{"damage":0.0,"enemies":"Small Slimes","floor":1.0,"turns":1.0},{"damage":0.0,"enemies":"Cultist","floor":4.0,"turns":1.0},{"damage":0.0,"enemies":"2 Louse","floor":7.0,"turns":1.0},{"damage":0.0,"enemies":"Blue Slaver","floor":10.0,"turns":4.0},{"damage":0.0,"enemies":"Exordium Wildlife","floor":11.0,"turns":4.0},{"damage":4.0,"enemies":"Exordium Thugs","floor":12.0,"turns":4.0},{"damage":34.0,"enemies":"Gremlin Nob","floor":13.0,"turns":4.0},{"damage":36.0,"enemies":"The Guardian","floor":16.0,"turns":15.0},{"damage":13.0,"enemies":"Spheric Guardian","floor":18.0,"turns":6.0},{"damage":0.0,"enemies":"3 Byrds","floor":21.0,"turns":4.0},{"damage":38.0,"enemies":"3 Cultists","floor":22.0,"turns":6.0},{"damage":1.0,"enemies":"Centurion and Healer","floor":24.0,"turns":8.0},{"damage":37,"enemies":"Slavers","floor":27,"turns":4}],"seed_played":"-8513954440590567554","potions_obtained":[{"floor":4.0,"key":"Energy Potion"},{"floor":12.0,"key":"AttackPotion"},{"floor":13.0,"key":"Regen Potion"},{"floor":22.0,"key":"SteroidPotion"}],"is_trial":false,"path_per_floor":["M","$","?","M","?","R","M","R","T","M","M","M","E","T","R","B",null,"M","?","$","M","M","R","M","?","T","E"],"character_chosen":"DEFECT","items_purchased":["Capacitor","FTL"],"campfire_rested":2,"item_purchase_floors":[20,20],"current_hp_per_floor":[75,75,75,75,75,75,75,75,75,75,75,71,37,37,59,23,62,49,33,33,33,9,31,30,30,37,0],"gold":72,"neow_bonus":"THREE_ENEMY_KILL","is_prod":false,"is_daily":false,"chose_seed":false,"campfire_upgraded":2,"win_rate":0,"timestamp":1547304269,"path_taken":["M","$","?","?","?","R","M","R","T","M","M","M","E","?","R","BOSS","M","?","?","M","?","R","M","?","T","E"],"build_version":"2019-01-10","purchased_purges":2,"victory":false,"max_hp_per_floor":[75,75,75,75,75,75,75,75,75,75,75,75,75,75,75,75,75,75,75,75,75,75,75,75,75,82,82],"card_choices":[{"not_picked":["Sweeping Beam","White Noise"],"picked":"Leap","floor":1.0},{"not_picked":["Stack","Fusion"],"picked":"Steam","floor":4.0},{"not_picked":["Chill","Go for the Eyes"],"picked":"Sweeping Beam","floor":7.0},{"not_picked":["White Noise","Static Discharge"],"picked":"Lockon","floor":10.0},{"not_picked":["Chill","Beam Cell"],"picked":"Cold Snap","floor":11.0},{"not_picked":["Gash","Steam"],"picked":"Undo","floor":12.0},{"not_picked":["Auto Shields","Stack"],"picked":"BootSequence","floor":13.0},{"not_picked":["Thunder Strike","Amplify"],"picked":"Buffer","floor":16.0},{"not_picked":["Steam","Sweeping Beam"],"picked":"Cold Snap","floor":18.0},{"not_picked":["Force Field","Ball Lightning"],"picked":"Lockon+1","floor":21.0},{"not_picked":["Steam Power+1","Rebound"],"picked":"Conserve Battery","floor":22.0},{"not_picked":["Genetic Algorithm","Compile Driver"],"picked":"Static Discharge+1","floor":24.0}],"player_experience":131981,"relics_obtained":[{"floor":9.0,"key":"Emotion Chip"},{"floor":13.0,"key":"Letter Opener"},{"floor":14.0,"key":"Matryoshka"},{"floor":19.0,"key":"Enchiridion"},{"floor":26,"key":"Strawberry"},{"floor":26,"key":"Juzu Bracelet"}],"event_choices":[{"cards_removed":["Dualcast"],"damage_healed":0.0,"max_hp_gain":0.0,"max_hp_loss":0.0,"gold_gain":0.0,"event_name":"Bonfire Elementals","player_choice":"Offered Basic","floor":3.0,"gold_loss":0.0,"damage_taken":0.0},{"damage_healed":0.0,"max_hp_gain":0.0,"max_hp_loss":0.0,"gold_gain":0.0,"event_name":"Living Wall","player_choice":"Grow","floor":5.0,"gold_loss":0.0,"damage_taken":0.0,"cards_upgraded":["Zap"]},{"damage_healed":0.0,"max_hp_gain":0.0,"max_hp_loss":0.0,"gold_gain":0.0,"event_name":"Cursed Tome","player_choice":"Obtained Book","floor":19.0,"gold_loss":0.0,"damage_taken":16.0},{"damage_healed":0,"gold_gain":0,"player_choice":"Upgraded","damage_taken":0,"max_hp_gain":0,"max_hp_loss":0,"event_name":"Upgrade Shrine","floor":25,"gold_loss":0,"cards_upgraded":["Buffer"]}],"is_beta":false,"boss_relics":[{"not_picked":["FrozenCore","Runic Pyramid"],"picked":"Inserter"}],"items_purged_floors":[2,20],"is_endless":false,"potions_floor_spawned":[4,12,13,22],"killed_by":"Slavers","ascension_level":5}