{"gold_per_floor":[116,134,134,134,134,164,164,180,251,251,282,282,282,292,292,363,413,429,429,11,28,28],"floor_reached":22,"playtime":529,"items_purged":["Strike_R"],"score":391,"play_id":"dd29bf56-00c9-4360-9b31-54f00376d083","local_time":"20181221235505","is_ascension_mode":true,"campfire_choices":[{"data":"Bash","floor":7,"key":"SMITH"},{"data":"Battle Trance","floor":10,"key":"SMITH"},{"floor":12,"key":"REST"},{"data":"Clash","floor":15,"key":"SMITH"}],"neow_cost":"NONE","seed_source_timestamp":31085101128200,"circlet_count":0,"master_deck":["AscendersBane","Strike_R","Strike_R","Strike_R+1","Defend_R","Defend_R+1","Defend_R","Defend_R","Bash+1","Armaments+1","Pommel Strike","Battle Trance+1","Clash+1","Limit Break+1","Uppercut","Shrug It Off","True Grit","Feel No Pain"],"relics":["Burning Blood","NeowsBlessing","Bag of Marbles","Tiny House","Nloth\u0027s Gift","Medical Kit"],"potions_floor_usage":[18],"damage_taken":[{"damage":0,"enemies":"Small Slimes","floor":1,"turns":1},{"damage":0,"enemies":"2 Louse","floor":2,"turns":1},{"damage":0,"enemies":"Lagavulin","floor":6,"turns":2},{"damage":0,"enemies":"Cultist","floor":8,"turns":4},{"damage":20,"enemies":"Gremlin Nob","floor":11,"turns":4},{"damage":2,"enemies":"Exordium Thugs","floor":14,"turns":4},{"damage":48,"enemies":"Slime Boss","floor":16,"turns":10},{"damage":54,"enemies":"Spheric Guardian","floor":18,"turns":6},{"damage":4,"enemies":"Chosen","floor":21,"turns":7},{"damage":25,"enemies":"Centurion and Healer","floor":22,"turns":4}],"seed_played":"-1266994396213455744","potions_obtained":[{"floor":8,"key":"LiquidBronze"},{"floor":13,"key":"Swift Potion"},{"floor":17,"key":"Explosive Potion"},{"floor":18,"key":"Fruit Juice"}],"is_trial":false,"path_per_floor":["M","M","?","?","?","E","R","M","T","R","E","R","?","M","R","B",null,"M","?","$","M","M"],"character_chosen":"IRONCLAD","items_purchased":["Medical Kit","Shrug It Off","True Grit"],"campfire_rested":1,"item_purchase_floors":[20,20,20],"current_hp_per_floor":[74,75,75,52,45,51,51,57,57,57,43,65,65,69,69,27,68,25,25,25,27,2],"gold":28,"neow_bonus":"THREE_ENEMY_KILL","is_prod":false,"is_daily":false,"chose_seed":false,"campfire_upgraded":3,"win_rate":0,"timestamp":1545465305,"path_taken":["M","M","?","?","?","E","R","M","T","R","E","R","?","?","R","BOSS","M","?","?","?","M"],"build_version":"2018-12-20","purchased_purges":1,"victory":false,"max_hp_per_floor":[75,75,75,75,75,75,75,75,75,75,75,75,75,75,75,75,80,85,85,85,85,85],"card_choices":[{"not_picked":["Havoc","Headbutt","Armaments"],"picked":"SKIP","floor":1},{"not_picked":["True Grit","Body Slam"],"picked":"Armaments","floor":2},{"not_picked":["Cleave","Intimidate"],"picked":"Pommel Strike","floor":6},{"not_picked":["Havoc","Twin Strike"],"picked":"Battle Trance","floor":8},{"not_picked":["Clothesline","Body Slam"],"picked":"Clash","floor":11},{"not_picked":["Rupture","Heavy Blade","Twin Strike"],"picked":"SKIP","floor":14},{"not_picked":["Double Tap","Brutality"],"picked":"Limit Break","floor":16},{"not_picked":["Battle Trance","Searing Blow"],"picked":"Uppercut","floor":17},{"not_picked":["Disarm","Havoc","True Grit"],"picked":"SKIP","floor":18},{"not_picked":["Uppercut","Combust"],"picked":"Feel No Pain","floor":21}],"player_experience":167569,"relics_obtained":[{"floor":6,"key":"Bag of Marbles"},{"floor":11,"key":"Art of War"}],"event_choices":[{"damage_healed":0,"gold_gain":0,"player_choice":"Grow","damage_taken":0,"max_hp_gain":0,"max_hp_loss":0,"event_name":"Living Wall","floor":3,"gold_loss":0,"cards_upgraded":["Armaments"]},{"damage_healed":0,"gold_gain":0,"player_choice":"Entered Light","damage_taken":23,"max_hp_gain":0,"max_hp_loss":0,"event_name":"Shining Light","floor":4,"gold_loss":0,"cards_upgraded":["Defend_R","Strike_R"]},{"cards_removed":["Strike_R"],"damage_healed":0,"gold_gain":0,"player_choice":"Card Removal","damage_taken":7,"max_hp_gain":0,"max_hp_loss":0,"event_name":"Golden Wing","floor":5,"gold_loss":0},{"damage_healed":0,"gold_gain":0,"player_choice":"Got Potions","damage_taken":0,"max_hp_gain":0,"max_hp_loss":0,"event_name":"Lab","floor":13,"gold_loss":0},{"damage_healed":0,"gold_gain":0,"player_choice":"Traded Relic","damage_taken":0,"relics_obtained":["Nloth\u0027s Gift"],"max_hp_gain":0,"max_hp_loss":0,"event_name":"N\u0027loth","floor":19,"relics_lost":["Art of War"],"gold_loss":0}],"is_beta":false,"boss_relics":[{"not_picked":["Fusion Hammer","Empty Cage"],"picked":"Tiny House"}],"items_purged_floors":[20],"is_endless":false,"potions_floor_spawned":[8,16,18],"killed_by":"Centurion and Healer","ascension_level":16}