{"gold_per_floor":[119,197,347,358,21,21,71,85,85,85,100,110,110,138,138,209,209,149,149,74,74,74,74,74,74,74,74,74,20,20,20,20,20],"floor_reached":33,"playtime":905,"items_purged":["Doubt"],"score":634,"play_id":"6ce3fb79-ff52-466c-b659-c3959f10553c","local_time":"20190812210922","is_ascension_mode":true,"campfire_choices":[{"data":"Combust","floor":6.0,"key":"SMITH"},{"data":"Pommel Strike","floor":10.0,"key":"SMITH"},{"data":"Anger","floor":13.0,"key":"SMITH"},{"data":"Whirlwind","floor":15.0,"key":"SMITH"},{"data":"Immolate","floor":23.0,"key":"SMITH"},{"data":"Corruption","floor":25.0,"key":"SMITH"},{"floor":32,"key":"REST"}],"neow_cost":"NONE","seed_source_timestamp":796050294433300,"circlet_count":0,"master_deck":["AscendersBane","Strike_R+1","Strike_R+1","Strike_R+1","Strike_R+1","Defend_R+1","Defend_R+1","Defend_R+1","Defend_R+1","Bash","Anger+1","Clothesline","Combust+1","Pommel Strike+1","Shrug It Off","Disarm","Whirlwind+1","Offering","Corruption+1","Rampage","Immolate+1","Flame Barrier"],"special_seed":0,"relics":["Burning Blood","Mercury Hourglass","Self Forming Clay","Ginger","Ectoplasm","Orichalcum","Paper Frog"],"potions_floor_usage":[30,33],"damage_taken":[{"damage":15.0,"enemies":"Small Slimes","floor":1.0,"turns":4.0},{"damage":12.0,"enemies":"Jaw Worm","floor":4.0,"turns":3.0},{"damage":15.0,"enemies":"2 Louse","floor":8.0,"turns":2.0},{"damage":12.0,"enemies":"Red Slaver","floor":11.0,"turns":3.0},{"damage":2.0,"enemies":"Gremlin Gang","floor":12.0,"turns":3.0},{"damage":5.0,"enemies":"Gremlin Nob","floor":14.0,"turns":3.0},{"damage":5.0,"enemies":"Slime Boss","floor":16.0,"turns":6.0},{"damage":18.0,"enemies":"2 Thieves","floor":18.0,"turns":3.0},{"damage":1.0,"enemies":"3 Byrds","floor":19.0,"turns":2.0},{"damage":38.0,"enemies":"Snake Plant","floor":21.0,"turns":5.0},{"damage":3.0,"enemies":"Centurion and Healer","floor":24.0,"turns":3.0},{"damage":2.0,"enemies":"Cultist and Chosen","floor":27.0,"turns":3.0},{"damage":24,"enemies":"Slavers","floor":30,"turns":4},{"damage":6,"enemies":"Snake Plant","floor":31,"turns":4},{"damage":59,"enemies":"Champ","floor":33,"turns":13}],"seed_played":"8059171781256501141","potions_obtained":[{"floor":4.0,"key":"Poison Potion"},{"floor":8.0,"key":"Strength Potion"},{"floor":16.0,"key":"BloodPotion"},{"floor":31,"key":"Fire Potion"}],"is_trial":false,"path_per_floor":["M","?","?","M","$","R","?","M","T","R","M","M","R","E","R","B",null,"M","M","?","M","?","R","M","R","T","M","?","$","E","M","R","B"],"character_chosen":"IRONCLAD","items_purchased":["Mercury Hourglass","Fire Potion"],"campfire_rested":1,"item_purchase_floors":[5,29],"current_hp_per_floor":[59,59,59,53,53,53,53,44,44,44,38,42,42,43,43,44,67,55,60,60,28,28,28,31,31,31,35,35,35,17,17,39,0],"gold":20,"neow_bonus":"THREE_CARDS","is_prod":false,"is_daily":false,"chose_seed":false,"campfire_upgraded":6,"win_rate":0,"timestamp":1565669362,"path_taken":["M","?","?","M","$","R","?","?","T","R","M","?","R","E","R","BOSS","M","M","?","M","?","R","M","R","T","M","?","$","E","?","R","BOSS"],"build_version":"2019-07-17","purchased_purges":1,"victory":false,"max_hp_per_floor":[75,75,75,75,75,75,75,75,75,75,75,75,75,75,75,75,75,75,75,75,75,75,75,75,75,75,75,75,75,75,75,75,75],"card_choices":[{"not_picked":["Havoc","Carnage"],"picked":"Anger","floor":0.0},{"not_picked":["Sentinel","True Grit"],"picked":"Clothesline","floor":1.0},{"not_picked":["True Grit","Wild Strike"],"picked":"Combust","floor":4.0},{"not_picked":["Shrug It Off","Thunderclap"],"picked":"Pommel Strike","floor":8.0},{"not_picked":["True Grit","Perfected Strike"],"picked":"Shrug It Off","floor":11.0},{"not_picked":["Twin Strike","Searing Blow"],"picked":"Disarm","floor":12.0},{"not_picked":["Clash","Intimidate"],"picked":"Whirlwind","floor":14.0},{"not_picked":["Impervious","Fiend Fire"],"picked":"Offering","floor":16.0},{"not_picked":["Clothesline","Headbutt"],"picked":"Corruption","floor":18.0},{"not_picked":["Sword Boomerang+1","Warcry"],"picked":"Rampage","floor":19.0},{"not_picked":["Seeing Red","Pommel Strike"],"picked":"Immolate","floor":21.0},{"not_picked":["Iron Wave","Rampage","Cleave"],"picked":"SKIP","floor":24.0},{"not_picked":["Thunderclap","Flex","Wild Strike"],"picked":"SKIP","floor":27.0},{"not_picked":["Thunderclap","Flex","Wild Strike"],"picked":"SKIP","floor":27.0},{"not_picked":["Clash","Bludgeon"],"picked":"Flame Barrier","floor":30},{"not_picked":["Whirlwind","Heavy Blade","Wild Strike"],"picked":"SKIP","floor":31}],"player_experience":784867,"relics_obtained":[{"floor":9.0,"key":"Self Forming Clay"},{"floor":14.0,"key":"Ginger"},{"floor":26.0,"key":"Orichalcum"},{"floor":30,"key":"Paper Frog"}],"event_choices":[{"damage_healed":0.0,"max_hp_gain":0.0,"max_hp_loss":0.0,"gold_gain":78.0,"event_name":"Golden Wing","player_choice":"Gained Gold","floor":2.0,"gold_loss":0.0,"damage_taken":0.0},{"damage_healed":0.0,"max_hp_gain":0.0,"max_hp_loss":0.0,"gold_gain":150.0,"event_name":"Liars Game","player_choice":"AGREE","floor":3.0,"gold_loss":0.0,"damage_taken":0.0,"cards_obtained":["Doubt"]},{"damage_healed":0.0,"max_hp_gain":0.0,"max_hp_loss":0.0,"gold_gain":50.0,"event_name":"Golden Shrine","player_choice":"Pray","floor":7.0,"gold_loss":0.0,"damage_taken":0.0},{"cards_removed":["Strike_R"],"damage_healed":0.0,"max_hp_gain":0.0,"max_hp_loss":0.0,"gold_gain":0.0,"event_name":"Beggar","player_choice":"Gave Gold","floor":20.0,"gold_loss":75.0,"damage_taken":0.0},{"damage_healed":0.0,"max_hp_gain":0.0,"max_hp_loss":0.0,"gold_gain":0.0,"event_name":"Back to Basics","player_choice":"Simplicity","floor":22.0,"gold_loss":0.0,"damage_taken":0.0,"cards_upgraded":["Strike_R","Strike_R","Strike_R","Strike_R","Defend_R","Defend_R","Defend_R","Defend_R"]},{"damage_healed":0,"gold_gain":0,"player_choice":"Ignored","damage_taken":0,"max_hp_gain":0,"max_hp_loss":0,"event_name":"Golden Shrine","floor":28,"gold_loss":0}],"is_beta":false,"boss_relics":[{"not_picked":["White Beast Statue","Eternal Feather"],"picked":"Ectoplasm"}],"items_purged_floors":[5],"is_endless":false,"potions_floor_spawned":[4,8,16,19,27,31],"killed_by":"Champ","ascension_level":20}