{"gold_per_floor":[109,120,120,140,140,168,183,196,271,271,288,305,305,28,28,133,133,152,175,75,175,185,185,204,222,222,222,137,168,43,113,113,113],"floor_reached":33,"playtime":1945,"items_purged":["Strike_R","Strike_R","Strike_R"],"score":297,"play_id":"5892d891-8a45-4e9a-b2be-f8731423e26d","local_time":"20181212013738","is_ascension_mode":false,"campfire_choices":[{"floor":10.0,"key":"REST"},{"data":"Bash","floor":13.0,"key":"SMITH"},{"data":"Flex","floor":15.0,"key":"SMITH"},{"floor":23.0,"key":"RECALL"},{"data":"Cleave","floor":27.0,"key":"SMITH"},{"data":"Clothesline","floor":32.0,"key":"SMITH"}],"neow_cost":"NONE","seed_source_timestamp":485662013438900,"circlet_count":0,"master_deck":["Strike_R","Defend_R","Defend_R","Defend_R","Bash+1","Flex+1","Feed","Iron Wave","Clothesline+1","Disarm","Cleave+1","Reaper","Pommel Strike","Twin Strike","Twin Strike"],"special_seed":0,"relics":["Burning Blood","NeowsBlessing","Bag of Preparation","Strawberry","Empty Cage","Vajra","Kunai","Mango","Red Mask","Singing Bowl"],"potions_floor_usage":[33,33],"damage_taken":[{"damage":0.0,"enemies":"Jaw Worm","floor":1.0,"turns":1.0},{"damage":0.0,"enemies":"2 Louse","floor":2.0,"turns":1.0},{"damage":0.0,"enemies":"Cultist","floor":4.0,"turns":1.0},{"damage":57.0,"enemies":"Lagavulin","floor":6.0,"turns":8.0},{"damage":17.0,"enemies":"Red Slaver","floor":7.0,"turns":7.0},{"damage":6.0,"enemies":"Exordium Thugs","floor":8.0,"turns":4.0},{"damage":11.0,"enemies":"Exordium Wildlife","floor":11.0,"turns":5.0},{"damage":6.0,"enemies":"Lots of Slimes","floor":12.0,"turns":5.0},{"damage":55.0,"enemies":"Slime Boss","floor":16.0,"turns":12.0},{"damage":39.0,"enemies":"Shell Parasite","floor":18.0,"turns":9.0},{"damage":34.0,"enemies":"Chosen","floor":22.0,"turns":8.0},{"damage":32.0,"enemies":"Shelled Parasite and Fungi","floor":24.0,"turns":9.0},{"damage":25.0,"enemies":"3 Cultists","floor":25.0,"turns":6.0},{"damage":9.0,"enemies":"Masked Bandits","floor":29.0,"turns":3.0},{"damage":115,"enemies":"Automaton","floor":33,"turns":12}],"seed_played":"4054331450991994576","potions_obtained":[{"floor":4.0,"key":"Fire Potion"},{"floor":7.0,"key":"PowerPotion"},{"floor":8.0,"key":"Energy Potion"},{"floor":11.0,"key":"PowerPotion"},{"floor":18.0,"key":"SneckoOil"},{"floor":24.0,"key":"SteroidPotion"},{"floor":25.0,"key":"SpeedPotion"}],"is_trial":false,"path_per_floor":["M","M","?","M","?","E","M","M","T","R","M","M","R","$","R","B",null,"M","T","$","?","M","R","M","M","T","R","?","?","$","T","R","B"],"character_chosen":"IRONCLAD","items_purchased":["Cleave","Strawberry"],"campfire_rested":1,"item_purchase_floors":[14,14],"current_hp_per_floor":[80,80,85,85,85,34,26,29,29,56,54,57,57,64,64,18,107,89,89,89,89,69,69,55,39,39,39,53,95,95,95,95,0],"gold":113,"neow_bonus":"THREE_ENEMY_KILL","is_prod":false,"is_daily":false,"chose_seed":false,"campfire_upgraded":4,"win_rate":0,"timestamp":1544607458,"path_taken":["M","M","?","M","?","E","M","M","T","R","M","?","R","$","R","BOSS","M","?","?","?","?","R","M","M","T","R","?","?","$","?","R","BOSS"],"build_version":"2018-12-06","purchased_purges":3,"victory":false,"max_hp_per_floor":[80,80,85,85,85,85,88,91,91,91,94,97,97,104,104,107,107,110,110,110,110,113,113,116,119,119,119,133,136,136,136,136,136],"card_choices":[{"not_picked":["Perfected Strike","Sever Soul"],"picked":"Flex","floor":1.0},{"not_picked":["Dropkick","Intimidate","Sever Soul"],"picked":"SKIP","floor":2.0},{"not_picked":["Anger","Warcry","Flex"],"picked":"SKIP","floor":4.0},{"not_picked":["Headbutt","Pommel Strike"],"picked":"Feed","floor":6.0},{"not_picked":["Body Slam","Fire Breathing"],"picked":"Iron Wave","floor":7.0},{"not_picked":["Carnage","Shrug It Off"],"picked":"Clothesline","floor":8.0},{"not_picked":["Twin Strike","Evolve"],"picked":"Disarm","floor":11.0},{"not_picked":["Second Wind","Metallicize","Feel No Pain"],"picked":"SKIP","floor":12.0},{"not_picked":["Demon Form","Impervious"],"picked":"Reaper","floor":16.0},{"not_picked":["Body Slam","Rupture"],"picked":"Pommel Strike","floor":18.0},{"not_picked":["Pummel","Sword Boomerang"],"picked":"Twin Strike","floor":22.0},{"not_picked":["Perfected Strike","Fire Breathing","Havoc"],"picked":"SKIP","floor":24.0},{"not_picked":["Thunderclap","Wild Strike+1"],"picked":"Twin Strike","floor":25.0}],"player_experience":50089,"relics_obtained":[{"floor":6.0,"key":"Bag of Preparation"},{"floor":19.0,"key":"Vajra"},{"floor":26.0,"key":"Kunai"},{"floor":29.0,"key":"Red Mask"},{"floor":31.0,"key":"Singing Bowl"}],"event_choices":[{"damage_healed":0.0,"max_hp_gain":5.0,"max_hp_loss":0.0,"gold_gain":0.0,"event_name":"Big Fish","player_choice":"Donut","floor":3.0,"gold_loss":0.0,"damage_taken":0.0},{"damage_healed":0.0,"max_hp_gain":0.0,"max_hp_loss":0.0,"gold_gain":0.0,"event_name":"Match and Keep!","player_choice":"0 cards matched","floor":5.0,"gold_loss":0.0,"damage_taken":0.0,"cards_obtained":[]},{"damage_healed":0.0,"max_hp_gain":0.0,"max_hp_loss":0.0,"gold_gain":100.0,"event_name":"Golden Shrine","player_choice":"Pray","floor":21.0,"gold_loss":0.0,"damage_taken":0.0},{"damage_healed":0.0,"max_hp_gain":0.0,"max_hp_loss":0.0,"gold_gain":0.0,"event_name":"Addict","player_choice":"Obtained Relic","floor":28.0,"gold_loss":85.0,"damage_taken":0.0,"relics_obtained":["Mango"]},{"damage_healed":0.0,"max_hp_gain":0.0,"max_hp_loss":0.0,"gold_gain":0.0,"event_name":"Masked Bandits","player_choice":"Fought Bandits","floor":29.0,"gold_loss":0.0,"damage_taken":0.0}],"is_beta":false,"boss_relics":[{"not_picked":["Philosopher\u0027s Stone","Black Blood"],"picked":"Empty Cage"}],"items_purged_floors":[14,20,30],"is_endless":false,"potions_floor_spawned":[4,7,8,11,18,24,25],"killed_by":"Automaton","ascension_level":0}