{"gold_per_floor":[109,124,141,141,159,159,84,259,286,304,338,338,352,372,372,473,473,489,349,349,366,336,336,350,350,398,418,166,166],"floor_reached":29,"playtime":2478,"items_purged":["Strike_B","Strike_B","Strike_B"],"score":227,"play_id":"836210b8-26d6-4fff-ba66-ab1e32e24933","local_time":"20190831181820","is_ascension_mode":false,"campfire_choices":[{"data":"Double Energy","floor":6,"key":"SMITH"},{"floor":12,"key":"REST"},{"data":"Electrodynamics","floor":15,"key":"SMITH"},{"data":"Echo Form","floor":23,"key":"SMITH"}],"neow_cost":"NONE","seed_source_timestamp":1298663122571900,"circlet_count":0,"master_deck":["Defend_B","Defend_B","Defend_B","Defend_B","Zap","Dualcast","Electrodynamics+1","Capacitor","Undo","Leap","Double Energy+1","Doubt","Skim","Static Discharge","Capacitor","Rebound","Echo Form+1","Aggregate+1","Hello World","Capacitor+1","Conserve Battery","Leap+1","Gash"],"relics":["Cracked Core","Juzu Bracelet","Potion Belt","Bag of Preparation","Velvet Choker","Smiling Mask","Strawberry"],"potions_floor_usage":[11,16,16,16,24,27],"damage_taken":[{"damage":0,"enemies":"Small Slimes","floor":1,"turns":2},{"damage":9,"enemies":"2 Louse","floor":2,"turns":2},{"damage":6,"enemies":"Jaw Worm","floor":3,"turns":4},{"damage":1,"enemies":"2 Fungi Beasts","floor":5,"turns":4},{"damage":3,"enemies":"Red Slaver","floor":10,"turns":4},{"damage":29,"enemies":"Gremlin Nob","floor":11,"turns":6},{"damage":12,"enemies":"3 Louse","floor":13,"turns":2},{"damage":4,"enemies":"2 Fungi Beasts","floor":14,"turns":4},{"damage":7,"enemies":"The Guardian","floor":16,"turns":9},{"damage":4,"enemies":"Spheric Guardian","floor":18,"turns":7},{"damage":29,"enemies":"Chosen","floor":21,"turns":7},{"damage":4,"enemies":"3 Cultists","floor":24,"turns":3},{"damage":8,"enemies":"Centurion and Healer","floor":27,"turns":6},{"damage":50,"enemies":"Gremlin Leader","floor":29,"turns":6}],"seed_played":"-5026022731732203458","potions_obtained":[{"floor":1,"key":"SteroidPotion"},{"floor":3,"key":"PowerPotion"},{"floor":5,"key":"LiquidBronze"},{"floor":11,"key":"PowerPotion"},{"floor":18,"key":"Dexterity Potion"},{"floor":21,"key":"FocusPotion"},{"floor":22,"key":"PowerPotion"},{"floor":22,"key":"SteroidPotion"},{"floor":27,"key":"GamblersBrew"}],"is_trial":false,"path_per_floor":["M","M","M","?","M","R","$","?","T","M","E","R","M","M","R","B",null,"M","$","?","M","?","R","M","?","T","M","$","E"],"character_chosen":"DEFECT","items_purchased":["Hello World","Gash","Strawberry"],"campfire_rested":1,"item_purchase_floors":[19,28,28],"current_hp_per_floor":[75,66,60,48,47,47,47,47,47,44,15,37,25,21,21,14,75,71,71,71,42,42,42,38,38,38,30,37,0],"gold":166,"neow_bonus":"ONE_RANDOM_RARE_CARD","is_prod":false,"is_daily":false,"chose_seed":false,"campfire_upgraded":3,"win_rate":0.0,"timestamp":1567300700,"path_taken":["M","M","M","?","M","R","$","?","T","M","E","R","M","M","R","BOSS","M","$","?","M","?","R","M","?","T","M","$","E"],"build_version":"2019-07-17","purchased_purges":3,"victory":false,"max_hp_per_floor":[75,75,75,75,75,75,75,75,75,75,75,75,75,75,75,75,75,75,75,75,75,75,75,75,75,75,75,82,82],"card_choices":[{"not_picked":["Double Energy","White Noise"],"picked":"Capacitor","floor":1},{"not_picked":["Rebound","Blizzard"],"picked":"Undo","floor":2},{"not_picked":["Stack","Sweeping Beam"],"picked":"Leap","floor":3},{"not_picked":["Coolheaded","Steam Power"],"picked":"Double Energy","floor":5},{"not_picked":["Coolheaded","Sweeping Beam"],"picked":"Skim","floor":10},{"not_picked":["Streamline","Glacier"],"picked":"Static Discharge","floor":11},{"not_picked":["Rip and Tear","Hologram"],"picked":"Capacitor","floor":13},{"not_picked":["Compile Driver","Redo"],"picked":"Rebound","floor":14},{"not_picked":["Amplify","Buffer"],"picked":"Echo Form","floor":16},{"not_picked":["Scrape","Stack"],"picked":"Aggregate+1","floor":18},{"not_picked":["Auto Shields","Barrage"],"picked":"Capacitor+1","floor":21},{"not_picked":["Steam Power","Gash+1"],"picked":"Conserve Battery","floor":24},{"not_picked":["Stack+1","Chill"],"picked":"Leap+1","floor":27}],"player_experience":51351,"relics_obtained":[{"floor":9,"key":"Potion Belt"},{"floor":11,"key":"Bag of Preparation"},{"floor":26,"key":"Smiling Mask"}],"event_choices":[{"damage_healed":0,"gold_gain":0,"player_choice":"Success","damage_taken":12,"relics_obtained":["Juzu Bracelet"],"max_hp_gain":0,"max_hp_loss":0,"event_name":"Scrap Ooze","floor":4,"gold_loss":0},{"damage_healed":0,"gold_gain":175,"player_choice":"AGREE","damage_taken":0,"max_hp_gain":0,"max_hp_loss":0,"event_name":"Liars Game","floor":8,"gold_loss":0,"cards_obtained":["Doubt"]},{"damage_healed":0,"gold_gain":0,"player_choice":"Ignored","damage_taken":0,"max_hp_gain":0,"max_hp_loss":0,"event_name":"Ghosts","floor":20,"gold_loss":0},{"damage_healed":0,"gold_gain":0,"player_choice":"Bought 2 Potions","damage_taken":0,"max_hp_gain":0,"max_hp_loss":0,"event_name":"The Woman in Blue","floor":22,"gold_loss":0},{"cards_removed":["Strike_B"],"damage_healed":0,"gold_gain":0,"player_choice":"Elegance","damage_taken":0,"max_hp_gain":0,"max_hp_loss":0,"event_name":"Back to Basics","floor":25,"gold_loss":0}],"is_beta":false,"boss_relics":[{"not_picked":["Coffee Dripper","Runic Pyramid"],"picked":"Velvet Choker"}],"items_purged_floors":[7,19,28],"is_endless":false,"potions_floor_spawned":[1,3,5,11,18,21,27],"killed_by":"Gremlin Leader","ascension_level":0}