{"gold_per_floor":[115,134,151,170,245,245,275,292,292,304,328,121,121,21,21,119,119,131,99,20,20,20,20,20,20,20,20,20,20,52,52,52,154,154,169,180,199,199,219,244,244,244],"floor_reached":42,"playtime":4166,"items_purged":["Strike_G","Strike_G"],"score":484,"play_id":"2bab4374-d9d5-4b3b-95a8-72c5772677a8","local_time":"20190830222148","is_ascension_mode":false,"campfire_choices":[{"data":"Dodge and Roll","floor":6,"key":"SMITH"},{"data":"Survivor","floor":10,"key":"SMITH"},{"data":"Backflip","floor":13,"key":"SMITH"},{"floor":15,"key":"REST"},{"floor":23,"key":"REST"},{"data":"Night Terror","floor":25,"key":"SMITH"},{"data":"Leg Sweep","floor":27,"key":"SMITH"},{"data":"Neutralize","floor":32,"key":"SMITH"},{"floor":41,"key":"REST"}],"neow_cost":"NONE","seed_source_timestamp":1225183256773600,"circlet_count":0,"master_deck":["Strike_G","Strike_G","Strike_G","Defend_G","Defend_G","Defend_G","Defend_G","Defend_G","Survivor+1","Flying Knee","Outmaneuver+1","Dodge and Roll+1","Flying Knee","Backflip+1","Backflip+1","Night Terror+1","Choke","Choke+1","Leg Sweep+1","Shame","Dodge and Roll+1","Burst","Endless Agony","Dash","Dodge and Roll","Backflip","Backflip+1","Dodge and Roll+1","Dodge and Roll","Parasite","Dodge and Roll+1","PiercingWail","Escape Plan"],"relics":["Ring of the Snake","Blood Vial","Odd Mushroom","MawBank","War Paint","Sozu","Bronze Scales","Enchiridion","Bag of Marbles","Letter Opener","Dream Catcher","Orrery","Regal Pillow"],"potions_floor_usage":[16,16,16,16,16,33],"damage_taken":[{"damage":0,"enemies":"2 Louse","floor":1,"turns":4},{"damage":0,"enemies":"Jaw Worm","floor":2,"turns":7},{"damage":0,"enemies":"Small Slimes","floor":3,"turns":4},{"damage":12,"enemies":"3 Louse","floor":4,"turns":7},{"damage":13,"enemies":"The Mushroom Lair","floor":7,"turns":7},{"damage":0,"enemies":"Blue Slaver","floor":8,"turns":6},{"damage":0,"enemies":"Looter","floor":11,"turns":3},{"damage":54,"enemies":"The Guardian","floor":16,"turns":18},{"damage":2,"enemies":"Shell Parasite","floor":18,"turns":17},{"damage":13,"enemies":"2 Thieves","floor":19,"turns":5},{"damage":14,"enemies":"Gremlin Leader","floor":30,"turns":8},{"damage":22,"enemies":"Collector","floor":33,"turns":19},{"damage":26,"enemies":"3 Darklings","floor":35,"turns":5},{"damage":0,"enemies":"Orb Walker","floor":36,"turns":4},{"damage":4,"enemies":"Transient","floor":37,"turns":5},{"damage":18,"enemies":"Writhing Mass","floor":39,"turns":17},{"damage":16,"enemies":"Nemesis","floor":40,"turns":15},{"damage":1,"enemies":"3 Darklings","floor":42,"turns":3}],"seed_played":"-4430557879905232338","potions_obtained":[{"floor":4,"key":"Poison Potion"},{"floor":8,"key":"Block Potion"},{"floor":11,"key":"EntropicBrew"},{"floor":16,"key":"Swift Potion"}],"is_trial":false,"path_per_floor":["M","M","M","M","?","R","?","M","T","R","M","$","R","$","R","B",null,"M","M","$","?","?","R","$","R","T","R","$","?","E","$","R","B",null,"M","M","M","?","M","E","R","M"],"character_chosen":"THE_SILENT","items_purchased":["War Paint","Leg Sweep"],"campfire_rested":3,"item_purchase_floors":[12,20],"current_hp_per_floor":[70,70,70,58,47,47,36,38,38,38,40,40,40,40,61,9,70,68,57,57,57,41,62,62,62,62,62,62,62,50,50,50,30,70,44,46,44,44,28,14,50,51],"gold":244,"neow_bonus":"RANDOM_COMMON_RELIC","is_prod":false,"is_daily":false,"chose_seed":false,"campfire_upgraded":6,"win_rate":0.0,"timestamp":1567228908,"path_taken":["M","M","M","M","?","R","?","M","T","R","M","$","R","?","R","BOSS","M","M","$","?","?","R","$","R","T","R","$","?","E","?","R","BOSS","M","M","M","?","M","E","R","M"],"build_version":"2019-07-17","purchased_purges":2,"victory":false,"max_hp_per_floor":[70,70,70,70,70,70,70,70,70,70,70,70,70,70,70,70,70,70,70,70,70,70,70,70,70,70,70,70,70,70,70,70,70,70,70,70,70,70,70,70,70,70],"card_choices":[{"not_picked":["Slice","PiercingWail"],"picked":"Flying Knee","floor":1},{"not_picked":["Choke","Prepared"],"picked":"Outmaneuver","floor":2},{"not_picked":["Deadly Poison","Bouncing Flask"],"picked":"Dodge and Roll","floor":3},{"not_picked":["Prepared","Riddle With Holes","Sucker Punch"],"picked":"SKIP","floor":4},{"not_picked":["Prepared","Skewer"],"picked":"Flying Knee","floor":7},{"not_picked":["Flying Knee","Reflex"],"picked":"Backflip","floor":8},{"not_picked":["PiercingWail","Dagger Throw"],"picked":"Backflip","floor":11},{"not_picked":["Glass Knife","Malaise"],"picked":"Night Terror","floor":16},{"not_picked":["Underhanded Strike","Outmaneuver"],"picked":"Choke","floor":18},{"not_picked":["Bane","Prepared"],"picked":"Choke+1","floor":19},{"not_picked":["Prepared+1","Deflect"],"picked":"Dodge and Roll+1","floor":30},{"not_picked":["Adrenaline","Night Terror"],"picked":"Burst","floor":33},{"not_picked":["Masterful Stab+1","Dagger Throw"],"picked":"Endless Agony","floor":34},{"not_picked":["Dagger Throw+1","Outmaneuver"],"picked":"Dash","floor":34},{"not_picked":["Prepared","Backflip"],"picked":"Dodge and Roll","floor":34},{"not_picked":["Predator","Quick Slash"],"picked":"Backflip","floor":34},{"not_picked":["Catalyst","Prepared+1"],"picked":"Backflip+1","floor":35},{"not_picked":["Unload","Crippling Poison"],"picked":"Dodge and Roll+1","floor":36},{"not_picked":["Deflect","Quick Slash+1"],"picked":"Dodge and Roll","floor":37},{"not_picked":["Bane+1","Slice+1"],"picked":"Dodge and Roll+1","floor":39},{"not_picked":["Poisoned Stab+1","Dagger Throw+1"],"picked":"PiercingWail","floor":40},{"not_picked":["Sucker Punch+1","Deadly Poison"],"picked":"Escape Plan","floor":41}],"player_experience":13508,"relics_obtained":[{"floor":7,"key":"Odd Mushroom"},{"floor":9,"key":"MawBank"},{"floor":22,"key":"Enchiridion"},{"floor":26,"key":"Bag of Marbles"},{"floor":30,"key":"Dream Catcher"},{"floor":40,"key":"Regal Pillow"}],"event_choices":[{"damage_healed":0,"gold_gain":75,"player_choice":"Gather Gold","damage_taken":11,"max_hp_gain":0,"max_hp_loss":0,"event_name":"World of Goop","floor":5,"gold_loss":0},{"damage_healed":0,"gold_gain":0,"player_choice":"Fought Mushrooms","damage_taken":0,"max_hp_gain":0,"max_hp_loss":0,"event_name":"Mushrooms","floor":7,"gold_loss":0},{"damage_healed":0,"gold_gain":0,"player_choice":"Stole Relic","damage_taken":0,"relics_obtained":["Bronze Scales"],"max_hp_gain":0,"max_hp_loss":0,"event_name":"Addict","floor":21,"gold_loss":0,"cards_obtained":["Shame"]},{"damage_healed":0,"gold_gain":0,"player_choice":"Obtained Book","damage_taken":16,"max_hp_gain":0,"max_hp_loss":0,"event_name":"Cursed Tome","floor":22,"gold_loss":0},{"damage_healed":0,"gold_gain":0,"player_choice":"Opened","damage_taken":0,"relics_obtained":["Letter Opener"],"max_hp_gain":0,"max_hp_loss":0,"event_name":"The Mausoleum","floor":29,"gold_loss":0},{"cards_removed":["Neutralize"],"damage_healed":0,"gold_gain":0,"player_choice":"Removed Attack","damage_taken":0,"max_hp_gain":0,"max_hp_loss":0,"event_name":"Falling","floor":38,"gold_loss":0}],"is_beta":false,"boss_relics":[{"not_picked":["Fusion Hammer","Busted Crown"],"picked":"Sozu"},{"not_picked":["Calling Bell","Runic Dome"],"picked":"Orrery"}],"items_purged_floors":[12,14],"is_endless":false,"potions_floor_spawned":[4,8,11,16,30,39],"killed_by":"3 Darklings","ascension_level":0}