{"gold_per_floor":[140,65,25,25,25,25,25,25,48,48,65,80,25,0,0,78,78,92,104,47,47,47,47,47,47,47,47,82,82,95,95],"floor_reached":31,"playtime":1633,"items_purged":[],"score":427,"play_id":"54915b6f-af43-4dee-84e8-422848c6846c","local_time":"20181223145436","is_ascension_mode":true,"campfire_choices":[{"data":"True Grit","floor":7.0,"key":"SMITH"},{"data":"Entrench","floor":10.0,"key":"SMITH"},{"data":"Dual Wield","floor":15.0,"key":"SMITH"},{"floor":23.0,"key":"REST"},{"floor":29,"key":"REST"}],"neow_cost":"NONE","seed_source_timestamp":170257555583500,"circlet_count":0,"master_deck":["AscendersBane","Strike_R","Strike_R","Defend_R","Defend_R","Defend_R","Defend_R","Bash","True Grit+1","Entrench+1","Power Through","Dual Wield+1","Shrug It Off","Metallicize","Barricade","Body Slam","Shrug It Off","Body Slam","Injury","Anger","Juggernaut","Feel No Pain"],"special_seed":0,"relics":["Burning Blood","Tiny Chest","Gremlin Horn","Juzu Bracelet","Dream Catcher","Sozu","Nilry\u0027s Codex","Pantograph","Shuriken"],"potions_floor_usage":[],"damage_taken":[{"damage":9.0,"enemies":"Small Slimes","floor":1.0,"turns":5.0},{"damage":1.0,"enemies":"2 Louse","floor":11.0,"turns":3.0},{"damage":2.0,"enemies":"Jaw Worm","floor":12.0,"turns":6.0},{"damage":3.0,"enemies":"Looter","floor":14.0,"turns":4.0},{"damage":32.0,"enemies":"Slime Boss","floor":16.0,"turns":45.0},{"damage":3.0,"enemies":"Shell Parasite","floor":18.0,"turns":16.0},{"damage":20.0,"enemies":"3 Byrds","floor":19.0,"turns":17.0},{"damage":52,"enemies":"Gremlin Leader","floor":28,"turns":9},{"damage":21,"enemies":"Centurion and Healer","floor":30,"turns":8},{"damage":21,"enemies":"Snake Plant","floor":31,"turns":2}],"seed_played":"-4683359751741834898","potions_obtained":[{"floor":12.0,"key":"PowerPotion"},{"floor":16.0,"key":"PowerPotion"}],"is_trial":false,"path_per_floor":["M","?","$","?","$","T","R","?","T","R","M","M","$","M","R","B",null,"M","M","$","?","?","R","?","?","T","?","E","R","M","M"],"character_chosen":"IRONCLAD","items_purchased":["Entrench","Shrug It Off","Shrug It Off"],"campfire_rested":2,"item_purchase_floors":[3,13,20],"current_hp_per_floor":[65,65,65,47,47,47,47,47,47,47,52,56,56,59,59,33,65,68,54,54,33,33,55,55,55,55,55,9,31,16,0],"gold":95,"neow_bonus":"RANDOM_COMMON_RELIC","is_prod":false,"is_daily":false,"chose_seed":false,"campfire_upgraded":3,"win_rate":0,"timestamp":1545605676,"path_taken":["M","?","$","?","?","?","R","?","T","R","M","M","?","M","R","BOSS","M","M","$","?","?","R","?","?","T","?","E","R","M","M"],"build_version":"2018-12-20","purchased_purges":0,"victory":false,"max_hp_per_floor":[75,75,75,75,75,75,75,75,75,75,75,75,75,75,75,75,75,75,75,75,75,75,75,75,75,75,75,75,75,75,75],"card_choices":[{"not_picked":["Cleave","Ghostly Armor"],"picked":"True Grit","floor":1.0},{"not_picked":["True Grit","Fire Breathing"],"picked":"Power Through","floor":11.0},{"not_picked":["Anger","Headbutt"],"picked":"Dual Wield","floor":12.0},{"not_picked":["Armaments","Pommel Strike"],"picked":"Metallicize","floor":14.0},{"not_picked":["Brutality","Offering"],"picked":"Barricade","floor":16.0},{"not_picked":["Heavy Blade","Burning Pact","Clash"],"picked":"SKIP","floor":18.0},{"not_picked":["Sever Soul","Ghostly Armor"],"picked":"Body Slam","floor":19.0},{"not_picked":["Flex","Carnage"],"picked":"Body Slam","floor":23.0},{"not_picked":["Twin Strike","Anger+1","Carnage"],"picked":"SKIP","floor":28},{"not_picked":["Burning Pact","Evolve","Warcry"],"picked":"SKIP","floor":30}],"player_experience":181171,"relics_obtained":[{"floor":6.0,"key":"Juzu Bracelet"},{"floor":9.0,"key":"Dream Catcher"},{"floor":21.0,"key":"Nilry\u0027s Codex"},{"floor":26,"key":"Pantograph"},{"floor":28,"key":"Shuriken"}],"event_choices":[{"cards_removed":["Strike_R"],"damage_healed":0.0,"max_hp_gain":0.0,"max_hp_loss":0.0,"gold_gain":0.0,"event_name":"The Cleric","player_choice":"Card Removal","floor":2.0,"gold_loss":75.0,"damage_taken":0.0},{"damage_healed":0.0,"max_hp_gain":0.0,"max_hp_loss":0.0,"gold_gain":0.0,"event_name":"Scrap Ooze","player_choice":"Success","floor":4.0,"gold_loss":0.0,"damage_taken":18.0,"relics_obtained":["Gremlin Horn"]},{"cards_removed":["Strike_R"],"damage_healed":0.0,"max_hp_gain":0.0,"max_hp_loss":0.0,"gold_gain":0.0,"event_name":"Bonfire Elementals","player_choice":"Offered Basic","floor":8.0,"gold_loss":0.0,"damage_taken":0.0},{"damage_healed":0.0,"max_hp_gain":0.0,"max_hp_loss":0.0,"gold_gain":0.0,"event_name":"Cursed Tome","player_choice":"Obtained Book","floor":21.0,"gold_loss":0.0,"damage_taken":21.0},{"damage_healed":0.0,"max_hp_gain":0.0,"max_hp_loss":0.0,"gold_gain":0.0,"event_name":"Forgotten Altar","player_choice":"Smashed Altar","floor":22.0,"gold_loss":0.0,"damage_taken":0.0,"cards_obtained":["Decay"]},{"damage_healed":0.0,"max_hp_gain":0.0,"max_hp_loss":0.0,"gold_gain":0.0,"cards_transformed":["Decay","Strike_R"],"event_name":"Drug Dealer","player_choice":"Became Test Subject","floor":24.0,"gold_loss":0.0,"damage_taken":0.0,"cards_obtained":["Injury","Anger"]},{"damage_healed":0,"gold_gain":0,"player_choice":"2 cards matched","damage_taken":0,"max_hp_gain":0,"max_hp_loss":0,"event_name":"Match and Keep!","floor":25,"gold_loss":0,"cards_obtained":["Juggernaut","Feel No Pain"]},{"damage_healed":0,"gold_gain":0,"player_choice":"Ignored","damage_taken":0,"max_hp_gain":0,"max_hp_loss":0,"event_name":"Beggar","floor":27,"gold_loss":0}],"is_beta":false,"boss_relics":[{"not_picked":["Cursed Key","Coffee Dripper"],"picked":"Sozu"}],"items_purged_floors":[],"is_endless":false,"potions_floor_spawned":[12,16,18,30],"killed_by":"Snake Plant","ascension_level":16}