{"gold_per_floor":[114,114,114,29,44,44,44,74,99,111,123,135,162,189,201,313,325,352,379,406,418,445,487,514,526,563,601,638,650,406,421,421,521,521,536,536,16,31,31,31,61,76,126,141,171,11,26,41,41,41],"floor_reached":51,"playtime":1717,"items_purged":[],"score":1077,"play_id":"5f4d0283-5224-45e1-b7c2-d752057f298d","local_time":"20190907150551","daily_mods":["Cursed Run","Hoarder","Night Terrors"],"is_ascension_mode":false,"campfire_choices":[{"floor":6,"key":"REST"},{"data":"Neutralize","floor":11,"key":"SMITH"},{"data":"Noxious Fumes","floor":15,"key":"SMITH"},{"data":"Noxious Fumes","floor":29,"key":"SMITH"},{"data":"Noxious Fumes","floor":32,"key":"SMITH"},{"floor":40,"key":"REST"},{"floor":49,"key":"REST"}],"neow_cost":"","seed_source_timestamp":0,"circlet_count":0,"master_deck":["Strike_G","Strike_G","Strike_G","Strike_G+1","Strike_G+1","Defend_G","Defend_G+1","Defend_G","Defend_G","Defend_G","Survivor","Neutralize+1","Flash of Steel","Flash of Steel","Flash of Steel","Endless Agony","Endless Agony","Endless Agony","Decay","Decay","Decay","Noxious Fumes+1","Noxious Fumes+1","Noxious Fumes+1","Prepared","Prepared","Prepared","Normality","Normality","Die Die Die","Die Die Die","Die Die Die","Quick Slash","Quick Slash","Quick Slash","Backstab","Backstab","Backstab","Quick Slash+1","Quick Slash+1","Quick Slash+1","Injury","Injury","Injury","Clumsy","Clumsy","Clumsy","Secret Weapon","Secret Weapon","Secret Weapon","Regret","Regret","Regret","Adrenaline+1","Adrenaline","Adrenaline","Prepared","Prepared","Prepared","Parasite","Parasite","Parasite","Injury","Injury","Injury","Prepared","Prepared","Prepared","Decay","Decay","Decay"],"special_seed":18146,"relics":["Cursed Key","Darkstone Periapt","Du-Vu Doll","PreservedInsect","Bag of Marbles","MawBank","Mummified Hand","Busted Crown","The Courier","Nilry\u0027s Codex","Dream Catcher","Red Mask","Anchor","Lantern","Fusion Hammer","Kunai","Pantograph","Mercury Hourglass","War Paint","Snake Skull","Bronze Scales","Blood Vial","Medical Kit"],"potions_floor_usage":[19,23,33,50,50],"damage_taken":[{"damage":1,"enemies":"Cultist","floor":1,"turns":4},{"damage":0,"enemies":"2 Louse","floor":5,"turns":2},{"damage":9,"enemies":"3 Sentries","floor":8,"turns":5},{"damage":0,"enemies":"Jaw Worm","floor":13,"turns":1},{"damage":1,"enemies":"Large Slime","floor":14,"turns":4},{"damage":69,"enemies":"The Guardian","floor":16,"turns":8},{"damage":0,"enemies":"Shell Parasite","floor":18,"turns":1},{"damage":9,"enemies":"3 Byrds","floor":19,"turns":3},{"damage":0,"enemies":"Snecko","floor":20,"turns":2},{"damage":0,"enemies":"Shelled Parasite and Fungi","floor":22,"turns":1},{"damage":12,"enemies":"Book of Stabbing","floor":23,"turns":3},{"damage":12,"enemies":"Sentry and Sphere","floor":24,"turns":3},{"damage":0,"enemies":"Masked Bandits","floor":27,"turns":1},{"damage":0,"enemies":"Snake Plant","floor":31,"turns":1},{"damage":47,"enemies":"Collector","floor":33,"turns":4},{"damage":16,"enemies":"3 Shapes","floor":35,"turns":3},{"damage":0,"enemies":"Orb Walker","floor":38,"turns":1},{"damage":23,"enemies":"Nemesis","floor":41,"turns":3},{"damage":51,"enemies":"Transient","floor":42,"turns":5},{"damage":0,"enemies":"Sphere and 2 Shapes","floor":44,"turns":1},{"damage":0,"enemies":"Reptomancer","floor":45,"turns":1},{"damage":5,"enemies":"Maw","floor":47,"turns":4},{"damage":0,"enemies":"Writhing Mass","floor":48,"turns":1},{"damage":43,"enemies":"Time Eater","floor":50,"turns":4}],"seed_played":"1355614524646077970","potions_obtained":[{"floor":1,"key":"SpeedPotion"},{"floor":8,"key":"Explosive Potion"},{"floor":16,"key":"GhostInAJar"},{"floor":22,"key":"PowerPotion"},{"floor":27,"key":"EssenceOfSteel"},{"floor":35,"key":"FairyPotion"},{"floor":44,"key":"AttackPotion"}],"is_trial":false,"path_per_floor":["M","?","?","$","M","R","$","E","T","?","R","?","M","M","R","B",null,"M","M","M","?","M","E","M","?","T","?","T","R","$","M","R","B",null,"M","T","$","M","?","R","E","M","T","M","E","$","M","M","R","B",null],"character_chosen":"THE_SILENT","items_purchased":["Flash of Steel","Lantern","Secret Weapon","Pantograph","Mercury Hourglass","War Paint","Medical Kit"],"campfire_rested":3,"item_purchase_floors":[4,30,30,37,37,37,46],"current_hp_per_floor":[69,55,30,30,30,65,65,56,74,74,74,74,74,73,73,22,101,101,92,92,92,92,80,68,52,70,70,88,88,88,88,88,59,155,139,157,157,157,157,168,145,94,112,112,112,112,109,111,181,156],"gold":41,"neow_bonus":"","is_prod":false,"is_daily":true,"chose_seed":false,"campfire_upgraded":4,"win_rate":0,"timestamp":1567893951,"path_taken":["M","?","?","$","?","R","$","E","T","?","R","?","?","?","R","BOSS","M","M","?","?","M","E","M","?","T","?","?","R","$","M","R","BOSS","M","?","$","M","?","R","E","?","T","M","E","?","M","?","R","BOSS"],"build_version":"2019-07-17","purchased_purges":0,"victory":true,"max_hp_per_floor":[70,70,70,70,70,65,65,65,83,83,83,83,83,83,83,101,101,101,101,101,101,101,101,101,101,119,119,137,137,137,137,137,155,155,155,173,173,173,173,168,168,168,186,186,186,186,186,186,181,199],"card_choices":[{"not_picked":["Choke","Dash","Flying Knee"],"picked":"SKIP","floor":1},{"not_picked":["Dodge and Roll","Bane"],"picked":"Endless Agony","floor":5},{"not_picked":["Flying Knee","All Out Attack","Dash"],"picked":"SKIP","floor":8},{"not_picked":["Leg Sweep","Acrobatics"],"picked":"Noxious Fumes","floor":13},{"not_picked":["Eviscerate","Dagger Spray"],"picked":"Prepared","floor":14},{"not_picked":["Doppelganger","Envenom"],"picked":"Die Die Die","floor":16},{"not_picked":["Outmaneuver"],"picked":"SKIP","floor":18},{"not_picked":[],"picked":"Quick Slash","floor":19},{"not_picked":["Dagger Throw"],"picked":"SKIP","floor":20},{"not_picked":["Flechettes"],"picked":"SKIP","floor":22},{"not_picked":["Deflect"],"picked":"SKIP","floor":23},{"not_picked":[],"picked":"Quick Slash+1","floor":24},{"not_picked":["Cloak And Dagger"],"picked":"SKIP","floor":31},{"not_picked":[],"picked":"Adrenaline","floor":33},{"not_picked":[],"picked":"Prepared","floor":35},{"not_picked":["Dagger Spray+1"],"picked":"SKIP","floor":38},{"not_picked":["Well Laid Plans"],"picked":"SKIP","floor":41},{"not_picked":["Slice"],"picked":"SKIP","floor":42},{"not_picked":["Sucker Punch"],"picked":"SKIP","floor":44},{"not_picked":[],"picked":"Prepared","floor":45},{"not_picked":["Noxious Fumes"],"picked":"SKIP","floor":47},{"not_picked":["Bouncing Flask"],"picked":"SKIP","floor":48}],"player_experience":149446,"relics_obtained":[{"floor":8,"key":"Bag of Marbles"},{"floor":9,"key":"MawBank"},{"floor":23,"key":"The Courier"},{"floor":25,"key":"Nilry\u0027s Codex"},{"floor":26,"key":"Dream Catcher"},{"floor":27,"key":"Red Mask"},{"floor":28,"key":"Anchor"},{"floor":36,"key":"Kunai"},{"floor":41,"key":"Snake Skull"},{"floor":43,"key":"Bronze Scales"},{"floor":45,"key":"Blood Vial"}],"event_choices":[{"damage_healed":0,"gold_gain":0,"player_choice":"Entered Light","damage_taken":14,"max_hp_gain":0,"max_hp_loss":0,"event_name":"Shining Light","floor":2,"gold_loss":0,"cards_upgraded":["Strike_G","Strike_G"]},{"damage_healed":0,"gold_gain":0,"player_choice":"Success","damage_taken":25,"relics_obtained":["PreservedInsect"],"max_hp_gain":0,"max_hp_loss":0,"event_name":"Scrap Ooze","floor":3,"gold_loss":0},{"damage_healed":0,"gold_gain":0,"player_choice":"Searched \u00271\u0027 times","damage_taken":0,"relics_obtained":["Mummified Hand"],"max_hp_gain":0,"max_hp_loss":0,"event_name":"Dead Adventurer","floor":10,"gold_loss":0},{"damage_healed":0,"gold_gain":0,"player_choice":"0 cards matched","damage_taken":0,"max_hp_gain":0,"max_hp_loss":0,"event_name":"Match and Keep!","floor":12,"gold_loss":0,"cards_obtained":[]},{"damage_healed":0,"gold_gain":0,"player_choice":"Read","damage_taken":0,"max_hp_gain":0,"max_hp_loss":0,"event_name":"The Library","floor":21,"gold_loss":0,"cards_obtained":["Backstab"]},{"damage_healed":0,"gold_gain":0,"player_choice":"Obtained Book","damage_taken":16,"max_hp_gain":0,"max_hp_loss":0,"event_name":"Cursed Tome","floor":25,"gold_loss":0},{"damage_healed":0,"gold_gain":0,"player_choice":"Fought Bandits","damage_taken":0,"max_hp_gain":0,"max_hp_loss":0,"event_name":"Masked Bandits","floor":27,"gold_loss":0},{"cards_removed":["Normality"],"damage_healed":0,"gold_gain":0,"player_choice":"Purged","damage_taken":0,"max_hp_gain":0,"max_hp_loss":0,"event_name":"Purifier","floor":39,"gold_loss":0}],"is_beta":false,"boss_relics":[{"not_picked":["Lizard Tail","Tiny House"],"picked":"Busted Crown"},{"not_picked":["Coffee Dripper","Velvet Choker"],"picked":"Fusion Hammer"}],"items_purged_floors":[],"is_endless":false,"potions_floor_spawned":[1,8,16,22,27,31,35,44,47],"ascension_level":0}