{"gold_per_floor":[110,123,142,161,161,161,219,219,219,237,249,266,266,282,282,377,377,391,404,404,404,17,17,17,33,60,34,46,46],"floor_reached":29,"playtime":1953,"items_purged":[],"score":380,"play_id":"2ba06162-3448-4fd4-9741-3b9895432f1a","local_time":"20190827151312","is_ascension_mode":true,"campfire_choices":[{"data":"Glass Knife","floor":6.0,"key":"SMITH"},{"floor":8.0,"key":"REST"},{"floor":13.0,"key":"REST"},{"floor":15.0,"key":"REST"},{"data":"Envenom","floor":23.0,"key":"SMITH"}],"neow_cost":"NONE","seed_source_timestamp":5343050153829,"circlet_count":0,"master_deck":["AscendersBane","Defend_G","Defend_G","Defend_G","Defend_G","Survivor","Neutralize","Glass Knife+1","Acrobatics","Dagger Spray","Tactician","Dodge and Roll","Infinite Blades","Backflip","Sucker Punch","Accuracy","PiercingWail","Envenom+1","Finisher","Bite","Bite","Bite","Bite","Bite","Well Laid Plans","Pain","Decay","PiercingWail","Dodge and Roll+1"],"special_seed":0,"relics":["Ring of the Snake","Tiny Chest","Bottled Lightning","Cursed Key","Calipers","Matryoshka","Vajra","Art of War"],"potions_floor_usage":[28,29],"damage_taken":[{"damage":2.0,"enemies":"2 Louse","floor":1.0,"turns":3.0},{"damage":3.0,"enemies":"Small Slimes","floor":2.0,"turns":5.0},{"damage":3.0,"enemies":"Jaw Worm","floor":3.0,"turns":5.0},{"damage":4.0,"enemies":"Blue Slaver","floor":4.0,"turns":4.0},{"damage":14.0,"enemies":"3 Sentries","floor":7.0,"turns":7.0},{"damage":3.0,"enemies":"3 Louse","floor":10.0,"turns":3.0},{"damage":10.0,"enemies":"Exordium Wildlife","floor":11.0,"turns":5.0},{"damage":15.0,"enemies":"Exordium Thugs","floor":12.0,"turns":4.0},{"damage":22.0,"enemies":"Gremlin Gang","floor":14.0,"turns":7.0},{"damage":26.0,"enemies":"The Guardian","floor":16.0,"turns":15.0},{"damage":18.0,"enemies":"Chosen","floor":18.0,"turns":6.0},{"damage":11.0,"enemies":"Shell Parasite","floor":19.0,"turns":4.0},{"damage":38.0,"enemies":"Snake Plant","floor":25.0,"turns":6.0},{"damage":12,"enemies":"3 Cultists","floor":28,"turns":5},{"damage":15,"enemies":"Cultist and Chosen","floor":29,"turns":4}],"seed_played":"-4630841144886981412","potions_obtained":[{"floor":2.0,"key":"PowerPotion"},{"floor":4.0,"key":"SneckoOil"},{"floor":7.0,"key":"AttackPotion"},{"floor":12.0,"key":"Weak Potion"},{"floor":16.0,"key":"PowerPotion"},{"floor":19.0,"key":"Fire Potion"},{"floor":28,"key":"Fire Potion"}],"is_trial":false,"path_per_floor":["M","M","M","M","?","R","E","R","T","M","M","M","R","M","R","B",null,"M","M","?","?","$","R","T","M","T","$","M","M"],"character_chosen":"THE_SILENT","items_purchased":["Calipers","Well Laid Plans","PiercingWail"],"campfire_rested":3,"item_purchase_floors":[22,22,27],"current_hp_per_floor":[61,58,55,51,51,51,37,58,58,55,45,30,51,29,50,24,59,41,30,30,30,30,30,30,12,12,12,12,0],"gold":46,"neow_bonus":"ONE_RANDOM_RARE_CARD","is_prod":false,"is_daily":false,"chose_seed":false,"campfire_upgraded":2,"win_rate":0,"timestamp":1566933192,"path_taken":["M","M","M","M","?","R","E","R","T","M","M","M","R","M","R","BOSS","M","M","?","?","$","R","?","M","T","?","M","M"],"build_version":"2019-07-17","purchased_purges":0,"victory":false,"max_hp_per_floor":[70,70,70,70,70,70,70,70,70,70,70,70,70,70,70,70,70,70,70,49,49,49,49,49,49,49,49,49,49],"card_choices":[{"not_picked":["Flying Knee","Deadly Poison"],"picked":"Acrobatics","floor":1.0},{"not_picked":["Accuracy","Concentrate","Bane"],"picked":"SKIP","floor":2.0},{"not_picked":["Caltrops","Bane"],"picked":"Dagger Spray","floor":3.0},{"not_picked":["Dagger Throw","Caltrops"],"picked":"Tactician","floor":4.0},{"not_picked":["Backstab","Slice"],"picked":"Infinite Blades","floor":7.0},{"not_picked":["Calculated Gamble","Dagger Spray"],"picked":"Backflip","floor":10.0},{"not_picked":["Quick Slash","Tactician"],"picked":"Sucker Punch","floor":11.0},{"not_picked":["Slice","Bane"],"picked":"Accuracy","floor":12.0},{"not_picked":["Deflect","Infinite Blades"],"picked":"PiercingWail","floor":14.0},{"not_picked":["Adrenaline","Glass Knife"],"picked":"Envenom","floor":16.0},{"not_picked":["Flying Knee","Quick Slash"],"picked":"Finisher","floor":18.0},{"not_picked":["Slice","Caltrops","Underhanded Strike+1"],"picked":"SKIP","floor":19.0},{"not_picked":["Poisoned Stab+1","Accuracy","Quick Slash+1"],"picked":"SKIP","floor":25.0},{"not_picked":["Blade Dance+1","Riddle With Holes"],"picked":"Dodge and Roll+1","floor":28}],"player_experience":589337,"relics_obtained":[{"floor":7.0,"key":"Tiny Chest"},{"floor":9.0,"key":"Bottled Lightning"},{"floor":24.0,"key":"Matryoshka"},{"floor":26.0,"key":"Vajra"},{"floor":26.0,"key":"Art of War"}],"event_choices":[{"damage_healed":0.0,"max_hp_gain":0.0,"max_hp_loss":0.0,"gold_gain":0.0,"cards_transformed":["Defend_G"],"event_name":"Living Wall","player_choice":"Change","floor":5.0,"gold_loss":0.0,"damage_taken":0.0,"cards_obtained":["Dodge and Roll"]},{"damage_healed":0.0,"max_hp_gain":0.0,"max_hp_loss":21.0,"gold_gain":0.0,"event_name":"Vampires","player_choice":"Became a vampire","floor":20.0,"gold_loss":0.0,"damage_taken":0.0,"cards_obtained":["Bite","Bite","Bite","Bite","Bite"]},{"damage_healed":0.0,"max_hp_gain":0.0,"max_hp_loss":0.0,"gold_gain":0.0,"event_name":"Cursed Tome","player_choice":"Ignored","floor":21.0,"gold_loss":0.0,"damage_taken":0.0}],"is_beta":false,"boss_relics":[{"not_picked":["Fusion Hammer","Runic Dome"],"picked":"Cursed Key"}],"items_purged_floors":[],"is_endless":false,"potions_floor_spawned":[2,4,7,12,16,19,28],"killed_by":"Cultist and Chosen","ascension_level":11}