{"gold_per_floor":[110,110,120,41,41,41,41,59,59,59,77,92,118,133,133,233,233,245,245,263,263,279,279,311,311,334,334],"floor_reached":27,"playtime":1405,"items_purged":[],"score":233,"play_id":"6ddf99d7-0ebc-42f9-82e1-42434aee52ba","local_time":"20190906142335","is_ascension_mode":false,"campfire_choices":[{"data":"Defragment","floor":6,"key":"SMITH"},{"data":"Genetic Algorithm","floor":10,"key":"SMITH"},{"data":"Sweeping Beam","floor":15,"key":"SMITH"},{"data":"Loop","floor":23,"key":"SMITH"},{"floor":25,"key":"REST"}],"neow_cost":"PERCENT_DAMAGE","seed_source_timestamp":1804055148502000,"circlet_count":0,"master_deck":["Zap","Dualcast","Conserve Battery","Redo","Defragment+1","Genetic Algorithm+1","Cold Snap","Sweeping Beam","Sweeping Beam+1","Redo","Amplify","Amplify","Consume","Undo","Chaos","Thunder Strike","All For One","Conserve Battery","Streamline+1","Loop+1","Cold Snap+1"],"relics":["Cracked Core","FossilizedHelix","PreservedInsect","Matryoshka","Pandora\u0027s Box","Kunai","Juzu Bracelet","Ancient Tea Set"],"potions_floor_usage":[12,16,24,27],"damage_taken":[{"damage":0,"enemies":"Small Slimes","floor":1,"turns":3},{"damage":5,"enemies":"2 Louse","floor":3,"turns":3},{"damage":0,"enemies":"Jaw Worm","floor":8,"turns":3},{"damage":0,"enemies":"Blue Slaver","floor":11,"turns":3},{"damage":0,"enemies":"3 Louse","floor":12,"turns":4},{"damage":5,"enemies":"3 Sentries","floor":13,"turns":5},{"damage":0,"enemies":"Large Slime","floor":14,"turns":5},{"damage":10,"enemies":"Slime Boss","floor":16,"turns":10},{"damage":0,"enemies":"3 Byrds","floor":18,"turns":5},{"damage":4,"enemies":"Shell Parasite","floor":20,"turns":11},{"damage":12,"enemies":"Centurion and Healer","floor":22,"turns":8},{"damage":31,"enemies":"Slavers","floor":24,"turns":5},{"damage":41,"enemies":"Gremlin Leader","floor":27,"turns":4}],"seed_played":"2136759920067023863","potions_obtained":[{"floor":1,"key":"Poison Potion"},{"floor":3,"key":"EssenceOfSteel"},{"floor":14,"key":"Dexterity Potion"},{"floor":16,"key":"Swift Potion"},{"floor":18,"key":"Swift Potion"},{"floor":22,"key":"PowerPotion"}],"is_trial":false,"path_per_floor":["M","?","M","$","?","R","?","M","T","R","M","M","E","M","R","B",null,"M","?","M","?","M","R","E","R","T","E"],"character_chosen":"DEFECT","items_purchased":["Defragment"],"campfire_rested":1,"item_purchase_floors":[4],"current_hp_per_floor":[54,54,49,49,31,31,56,56,56,56,56,56,51,51,51,41,75,75,75,71,57,45,45,14,38,38,0],"gold":334,"neow_bonus":"ONE_RARE_RELIC","is_prod":false,"is_daily":false,"chose_seed":false,"campfire_upgraded":4,"win_rate":0,"timestamp":1567805015,"path_taken":["M","?","M","$","?","R","?","M","T","R","M","M","E","M","R","BOSS","M","?","M","?","M","R","E","R","T","E"],"build_version":"2019-07-17","purchased_purges":0,"victory":false,"max_hp_per_floor":[75,75,75,75,75,75,75,75,75,75,75,75,75,75,75,75,75,75,75,75,80,80,80,80,80,80,80],"card_choices":[{"not_picked":["Static Discharge","Leap"],"picked":"Conserve Battery","floor":1},{"not_picked":["Barrage","Lockon"],"picked":"Redo","floor":3},{"not_picked":["Stack","Steam"],"picked":"Genetic Algorithm","floor":8},{"not_picked":["Compile Driver","Ball Lightning"],"picked":"Cold Snap","floor":11},{"not_picked":["Turbo","Barrage"],"picked":"Sweeping Beam","floor":12},{"not_picked":["Thunder Strike","Beam Cell"],"picked":"Sweeping Beam","floor":13},{"not_picked":["Compile Driver","White Noise"],"picked":"Redo","floor":14},{"not_picked":["All For One","Thunder Strike"],"picked":"Amplify","floor":16},{"not_picked":["Gash","Stack"],"picked":"Streamline+1","floor":18},{"not_picked":["Redo","Compile Driver"],"picked":"Cold Snap+1","floor":20},{"not_picked":["Go for the Eyes","Cold Snap","Tempest+1"],"picked":"SKIP","floor":22},{"not_picked":["Barrage","Aggregate","Multi-Cast"],"picked":"SKIP","floor":24}],"player_experience":128953,"relics_obtained":[{"floor":13,"key":"Matryoshka"},{"floor":24,"key":"Kunai"},{"floor":26,"key":"Juzu Bracelet"},{"floor":26,"key":"Ancient Tea Set"}],"event_choices":[{"cards_removed":["Defend_B"],"damage_healed":0,"gold_gain":0,"player_choice":"Forget","damage_taken":0,"max_hp_gain":0,"max_hp_loss":0,"event_name":"Living Wall","floor":2,"gold_loss":0},{"damage_healed":0,"gold_gain":0,"player_choice":"Success","damage_taken":18,"relics_obtained":["PreservedInsect"],"max_hp_gain":0,"max_hp_loss":0,"event_name":"Scrap Ooze","floor":5,"gold_loss":0},{"damage_healed":25,"gold_gain":0,"player_choice":"Banana","damage_taken":0,"max_hp_gain":0,"max_hp_loss":0,"event_name":"Big Fish","floor":7,"gold_loss":0},{"damage_healed":0,"gold_gain":0,"player_choice":"Read","damage_taken":0,"max_hp_gain":0,"max_hp_loss":0,"event_name":"The Library","floor":19,"gold_loss":0,"cards_obtained":["Loop"]},{"damage_healed":0,"gold_gain":0,"player_choice":"Shed Blood","damage_taken":19,"max_hp_gain":5,"max_hp_loss":0,"event_name":"Forgotten Altar","floor":21,"gold_loss":0}],"is_beta":false,"boss_relics":[{"not_picked":["Fusion Hammer","Ectoplasm"],"picked":"Pandora\u0027s Box"}],"items_purged_floors":[],"is_endless":false,"potions_floor_spawned":[1,3,14,16,18,22],"killed_by":"Gremlin Leader","ascension_level":0}