{"gold_per_floor":[111,130,52,64,78,78,31,41,41,41,75,75,105,115,115,211,211,192,207,26,26,41,71,71,84,84,84,9,29,29,29,29,133,133,153,153,28,40,40,40,74,74,98,98,98,98,0,0,0,0],"floor_reached":50,"playtime":2630,"items_purged":["Pain","Strike_B"],"score":486,"play_id":"0c843648-3fcd-4841-8b3d-0479ca033370","local_time":"20181229231056","is_ascension_mode":false,"campfire_choices":[{"data":"Zap","floor":6,"key":"SMITH"},{"data":"Redo","floor":12,"key":"SMITH"},{"floor":15,"key":"REST"},{"data":"Creative AI","floor":24,"key":"SMITH"},{"floor":27,"key":"REST"},{"floor":32,"key":"REST"},{"data":"Hologram","floor":40,"key":"SMITH"},{"data":"Coolheaded","floor":42,"key":"SMITH"},{"data":"Skim","floor":44,"key":"SMITH"},{"data":"Redo","floor":46,"key":"SMITH"},{"floor":49,"key":"REST"}],"neow_cost":"NONE","seed_source_timestamp":195699602955662,"circlet_count":0,"master_deck":["Defend_B","Defend_B","Defend_B","Defend_B","Zap+1","Dualcast+1","Leap","Redo+1","Scrape","Beam Cell","Beam Cell","Coolheaded+1","Go for the Eyes","Hologram+1","Meteor Strike","Leap+1","Redo+1","Creative AI+1","Skim+1","All For One","Coolheaded+1","Steam+1","Self Repair","Conserve Battery","Multi-Cast","Gash+1","Good Instincts","Leap","Glacier+1","Gash+1","Regret","Compile Driver+1"],"relics":["Cracked Core","Potion Belt","Matryoshka","Calipers","Question Card","Cursed Key","Juzu Bracelet","Molten Egg 2","Incense Burner","Ice Cream","Philosopher\u0027s Stone","Pen Nib","Anchor","PreservedInsect","Red Mask"],"potions_floor_usage":[11,22,25,25,25,25,33,33,33,33,38,41,50],"damage_taken":[{"damage":1,"enemies":"Cultist","floor":1,"turns":3},{"damage":0,"enemies":"2 Louse","floor":2,"turns":2},{"damage":6,"enemies":"Jaw Worm","floor":4,"turns":3},{"damage":11,"enemies":"Large Slime","floor":5,"turns":6},{"damage":15,"enemies":"Exordium Thugs","floor":8,"turns":4},{"damage":6,"enemies":"Gremlin Nob","floor":11,"turns":3},{"damage":8,"enemies":"Lots of Slimes","floor":14,"turns":5},{"damage":21,"enemies":"The Guardian","floor":16,"turns":15},{"damage":9,"enemies":"2 Thieves","floor":18,"turns":4},{"damage":0,"enemies":"Shell Parasite","floor":19,"turns":7},{"damage":24,"enemies":"Centurion and Healer","floor":22,"turns":7},{"damage":22,"enemies":"Gremlin Leader","floor":23,"turns":5},{"damage":20,"enemies":"Sentry and Sphere","floor":25,"turns":11},{"damage":30,"enemies":"Cultist and Chosen","floor":29,"turns":9},{"damage":21,"enemies":"Automaton","floor":33,"turns":13},{"damage":12,"enemies":"Orb Walker","floor":35,"turns":3},{"damage":26,"enemies":"3 Darklings","floor":38,"turns":8},{"damage":11,"enemies":"Nemesis","floor":41,"turns":11},{"damage":63,"enemies":"Awakened One","floor":50,"turns":5}],"seed_played":"316274065004258932","potions_obtained":[{"floor":4,"key":"Fire Potion"},{"floor":8,"key":"Dexterity Potion"},{"floor":14,"key":"EntropicBrew"},{"floor":18,"key":"Fire Potion"},{"floor":19,"key":"SteroidPotion"},{"floor":29,"key":"GamblersBrew"},{"floor":33,"key":"Explosive Potion"},{"floor":41,"key":"FocusPotion"}],"is_trial":false,"path_per_floor":["M","M","$","M","M","R","$","M","T","?","E","R","?","M","R","B",null,"M","M","$","?","M","E","R","M","T","R","$","M","$","?","R","B",null,"M","?","$","M","?","R","E","R","T","R","?","R","?","?","R","B"],"character_chosen":"DEFECT","items_purchased":["Scrape","Beam Cell","Creative AI","Skim","Leap"],"campfire_rested":4,"item_purchase_floors":[3,7,20,20,37],"current_hp_per_floor":[74,74,74,68,57,57,57,42,42,35,29,29,29,21,43,22,75,66,66,66,66,42,20,20,15,15,37,37,14,14,14,36,22,75,63,63,63,44,44,44,40,40,40,40,40,40,40,40,62,0],"gold":0,"neow_bonus":"RANDOM_COMMON_RELIC","is_prod":false,"is_daily":false,"chose_seed":false,"campfire_upgraded":7,"win_rate":0,"timestamp":1546146656,"path_taken":["M","M","$","M","?","R","$","M","T","?","E","R","?","M","R","BOSS","M","M","$","?","M","E","R","M","T","R","$","M","?","?","R","BOSS","M","?","$","M","?","R","E","R","T","R","?","R","?","?","R","BOSS"],"build_version":"2018-12-20","purchased_purges":2,"victory":false,"max_hp_per_floor":[75,75,75,75,75,75,75,75,75,75,75,75,75,75,75,75,75,75,75,75,75,75,75,75,75,75,75,75,75,75,75,75,75,75,75,75,75,75,75,75,75,75,75,75,75,75,75,75,75,75],"card_choices":[{"not_picked":["Hologram","Sweeping Beam"],"picked":"Leap","floor":1},{"not_picked":["Sweeping Beam","Turbo"],"picked":"Redo","floor":2},{"not_picked":["Sweeping Beam","Storm"],"picked":"Go for the Eyes","floor":4},{"not_picked":["BootSequence","Darkness"],"picked":"Beam Cell","floor":5},{"not_picked":["Electrodynamics","Skim"],"picked":"Coolheaded","floor":8},{"not_picked":["Heatsinks","Barrage"],"picked":"Go for the Eyes","floor":11},{"not_picked":["Force Field","BootSequence","Streamline"],"picked":"Hologram","floor":14},{"not_picked":["Biased Cognition","Amplify","Reboot"],"picked":"Meteor Strike","floor":16},{"not_picked":["Stack","Hologram+1","Beam Cell"],"picked":"Leap+1","floor":18},{"not_picked":["Barrage","Auto Shields","Amplify"],"picked":"Redo","floor":19},{"not_picked":["Beam Cell","Stack","Ball Lightning"],"picked":"Coolheaded+1","floor":22},{"not_picked":["Turbo","Barrage+1","Aggregate+1"],"picked":"Steam+1","floor":23},{"not_picked":["Steam","Static Discharge+1","Echo Form"],"picked":"Self Repair","floor":25},{"not_picked":["Undo","Recycle","Stack"],"picked":"Conserve Battery","floor":29},{"not_picked":["Biased Cognition","Meteor Strike+1","Core Surge+1"],"picked":"Multi-Cast","floor":33},{"not_picked":["Hologram+1","BootSequence+1","Ball Lightning+1"],"picked":"Gash+1","floor":35},{"not_picked":["Violence","PanicButton","Trip"],"picked":"Good Instincts","floor":36},{"not_picked":["Consume","Blizzard+1","Doom and Gloom+1"],"picked":"Glacier+1","floor":38},{"not_picked":["Static Discharge","Go for the Eyes+1","Leap+1"],"picked":"Gash+1","floor":41}],"player_experience":43835,"relics_obtained":[{"floor":9,"key":"Matryoshka"},{"floor":11,"key":"Calipers"},{"floor":23,"key":"Juzu Bracelet"},{"floor":26,"key":"Molten Egg 2"},{"floor":26,"key":"Incense Burner"},{"floor":41,"key":"Pen Nib"},{"floor":43,"key":"Anchor"},{"floor":43,"key":"PreservedInsect"}],"event_choices":[{"cards_removed":["Strike_B"],"damage_healed":0,"gold_gain":0,"player_choice":"Card Removal","damage_taken":7,"max_hp_gain":0,"max_hp_loss":0,"event_name":"Golden Wing","floor":10,"gold_loss":0},{"damage_healed":0,"gold_gain":30,"player_choice":"Searched \u00273\u0027 times","damage_taken":0,"relics_obtained":["Question Card"],"max_hp_gain":0,"max_hp_loss":0,"event_name":"Dead Adventurer","floor":13,"gold_loss":0},{"damage_healed":0,"gold_gain":0,"cards_transformed":["Strike_B"],"player_choice":"Transformed","damage_taken":0,"max_hp_gain":0,"max_hp_loss":0,"event_name":"Transmorgrifier","floor":21,"gold_loss":0,"cards_obtained":["All For One"]},{"damage_healed":0,"gold_gain":0,"player_choice":"Opened","damage_taken":0,"relics_obtained":["Ice Cream"],"max_hp_gain":0,"max_hp_loss":0,"event_name":"The Mausoleum","floor":31,"gold_loss":0},{"damage_healed":0,"gold_gain":0,"player_choice":"Memory 1","damage_taken":0,"max_hp_gain":0,"max_hp_loss":0,"event_name":"SensoryStone","floor":36,"gold_loss":0},{"cards_removed":["Go for the Eyes"],"damage_healed":0,"gold_gain":0,"player_choice":"Removed Attack","damage_taken":0,"max_hp_gain":0,"max_hp_loss":0,"event_name":"Falling","floor":39,"gold_loss":0},{"damage_healed":0,"gold_gain":0,"cards_transformed":["Strike_B"],"player_choice":"Transformed","damage_taken":0,"max_hp_gain":0,"max_hp_loss":0,"event_name":"Transmorgrifier","floor":45,"gold_loss":0,"cards_obtained":["Compile Driver"]},{"damage_healed":0,"gold_gain":0,"player_choice":"Paid","damage_taken":0,"relics_obtained":["Red Mask"],"max_hp_gain":0,"max_hp_loss":0,"event_name":"Tomb of Lord Red Mask","floor":47,"gold_loss":98},{"damage_healed":0,"gold_gain":0,"player_choice":"Forge","damage_taken":0,"max_hp_gain":0,"max_hp_loss":0,"event_name":"Accursed Blacksmith","floor":48,"gold_loss":0,"cards_upgraded":["Dualcast"]}],"is_beta":false,"boss_relics":[{"not_picked":["Astrolabe","Calling Bell"],"picked":"Cursed Key"},{"not_picked":["Orrery","FrozenCore"],"picked":"Philosopher\u0027s Stone"}],"items_purged_floors":[28,37],"is_endless":false,"potions_floor_spawned":[4,8,14,18,19,29,33,41],"killed_by":"Awakened One","ascension_level":0}