{"gold_per_floor":[113,113,113,137,312,312,333,361,361,94,94,134,134,155,155,155],"floor_reached":16,"playtime":1426,"items_purged":["Doubt"],"score":123,"play_id":"a9af64c1-66a7-4393-bb46-c4daa5bb5dd1","local_time":"20190815190938","is_ascension_mode":false,"campfire_choices":[{"data":"Dodge and Roll","floor":6,"key":"SMITH"},{"floor":11,"key":"REST"},{"floor":15,"key":"REST"}],"neow_cost":"NONE","seed_source_timestamp":1384930857195636,"circlet_count":0,"master_deck":["Strike_G","Strike_G","Strike_G","Strike_G","Strike_G","Defend_G","Defend_G","Defend_G","Defend_G","Defend_G","Survivor","Neutralize","Outmaneuver","Injury","Dodge and Roll+1","Well Laid Plans","Heel Hook","Predator","Outmaneuver","Poisoned Stab"],"relics":["Ring of the Snake","Golden Idol","Odd Mushroom","Mango","TwistedFunnel","Dream Catcher","Peace Pipe"],"potions_floor_usage":[4,16,16,16],"damage_taken":[{"damage":0,"enemies":"Small Slimes","floor":1,"turns":4},{"damage":2,"enemies":"Jaw Worm","floor":4,"turns":7},{"damage":4,"enemies":"Cultist","floor":7,"turns":5},{"damage":23,"enemies":"The Mushroom Lair","floor":8,"turns":7},{"damage":34,"enemies":"3 Sentries","floor":12,"turns":17},{"damage":2,"enemies":"3 Louse","floor":14,"turns":3},{"damage":78,"enemies":"Slime Boss","floor":16,"turns":18}],"seed_played":"-2884413902800639084","potions_obtained":[{"floor":1,"key":"AttackPotion"},{"floor":7,"key":"Swift Potion"},{"floor":12,"key":"Energy Potion"},{"floor":14,"key":"PowerPotion"}],"is_trial":false,"path_per_floor":["M","?","?","M","?","R","M","?","T","$","R","E","?","M","R","B"],"character_chosen":"THE_SILENT","items_purchased":["TwistedFunnel"],"campfire_rested":2,"item_purchase_floors":[10],"current_hp_per_floor":[77,77,77,75,75,75,71,48,62,62,89,55,48,46,73,0],"gold":155,"neow_bonus":"TEN_PERCENT_HP_BONUS","is_prod":false,"is_daily":false,"chose_seed":false,"campfire_upgraded":1,"win_rate":0.0,"timestamp":1565914178,"path_taken":["M","?","?","?","?","R","M","?","T","$","R","E","?","M","R","BOSS"],"build_version":"2019-07-17","purchased_purges":1,"victory":false,"max_hp_per_floor":[77,77,77,77,77,77,77,77,91,91,91,91,91,91,91,91],"card_choices":[{"not_picked":["All Out Attack","Accuracy"],"picked":"Outmaneuver","floor":1},{"not_picked":["Cloak And Dagger","Blade Dance"],"picked":"Dodge and Roll","floor":4},{"not_picked":["Poisoned Stab","Blade Dance"],"picked":"Well Laid Plans","floor":7},{"not_picked":["Setup","Prepared"],"picked":"Heel Hook","floor":8},{"not_picked":["Expertise","Accuracy"],"picked":"Predator","floor":12},{"not_picked":["Prepared","All Out Attack"],"picked":"Outmaneuver","floor":14},{"not_picked":["Quick Slash","Blade Dance"],"picked":"Poisoned Stab","floor":15}],"player_experience":174612,"relics_obtained":[{"floor":8,"key":"Odd Mushroom"},{"floor":9,"key":"Mango"},{"floor":12,"key":"Dream Catcher"}],"event_choices":[{"damage_healed":0,"gold_gain":0,"player_choice":"Take Wound","damage_taken":0,"relics_obtained":["Golden Idol"],"max_hp_gain":0,"max_hp_loss":0,"event_name":"Golden Idol","floor":2,"gold_loss":0,"cards_obtained":["Injury"]},{"damage_healed":0,"gold_gain":0,"player_choice":"Bought 0 Potions","damage_taken":0,"max_hp_gain":0,"max_hp_loss":0,"event_name":"The Woman in Blue","floor":3,"gold_loss":0},{"damage_healed":0,"gold_gain":175,"player_choice":"AGREE","damage_taken":0,"max_hp_gain":0,"max_hp_loss":0,"event_name":"Liars Game","floor":5,"gold_loss":0,"cards_obtained":["Doubt"]},{"damage_healed":0,"gold_gain":0,"player_choice":"Fought Mushrooms","damage_taken":0,"max_hp_gain":0,"max_hp_loss":0,"event_name":"Mushrooms","floor":8,"gold_loss":0},{"damage_healed":0,"gold_gain":0,"player_choice":"Success","damage_taken":7,"relics_obtained":["Peace Pipe"],"max_hp_gain":0,"max_hp_loss":0,"event_name":"Scrap Ooze","floor":13,"gold_loss":0}],"is_beta":false,"boss_relics":[],"items_purged_floors":[10],"is_endless":false,"potions_floor_spawned":[1,7,12,14],"killed_by":"Slime Boss","ascension_level":0}