{"gold_per_floor":[210,224,200,200,212,212,247,247,319,350,363,363,382,382,382,486,486,496,496,421,434,448,479,491,522,603,421,431,286,314,330,330,431,481,493,493,508,468,488,488,520,318,318,68,87,104,104,122,122,122],"floor_reached":51,"playtime":2621,"items_purged":["Strike_R"],"score":945,"play_id":"00c68be0-b4a6-46a0-ab8b-b5ea91e74b0f","local_time":"20181211010314","is_ascension_mode":true,"campfire_choices":[{"data":"Bash","floor":6.0,"key":"SMITH"},{"floor":12.0,"key":"REST"},{"data":"Limit Break","floor":15.0,"key":"SMITH"},{"data":"Clothesline","floor":24.0,"key":"SMITH"},{"data":"Flex","floor":32.0,"key":"SMITH"},{"floor":40.0,"key":"REST"},{"floor":47.0,"key":"REST"},{"floor":49.0,"key":"REST"}],"neow_cost":"NONE","seed_source_timestamp":395576273612500,"circlet_count":0,"master_deck":["Strike_R","Strike_R","Strike_R","Defend_R","Defend_R","Defend_R","Defend_R","Bash+1","Perfected Strike+1","Perfected Strike+1","Clothesline+1","Spot Weakness+1","Reaper","Limit Break+1","Cleave+1","Impervious","Flex+1","Pommel Strike+1","Cleave+1","Battle Trance","Twin Strike+1","Clothesline+1","Pommel Strike+1","Intimidate+1","Spot Weakness","Shrug It Off+1","Inflame"],"special_seed":0,"relics":["Burning Blood","Bag of Marbles","Molten Egg 2","Oddly Smooth Stone","Black Star","Potion Belt","MawBank","Ornamental Fan","Lee\u0027s Waffle","Ancient Tea Set","Red Skull","Magic Flower","Tiny House","Self Forming Clay","Lantern","Calipers","ClockworkSouvenir"],"potions_floor_usage":[50,50,50,50,50],"damage_taken":[{"damage":3.0,"enemies":"Jaw Worm","floor":1.0,"turns":5.0},{"damage":8.0,"enemies":"Small Slimes","floor":2.0,"turns":5.0},{"damage":0.0,"enemies":"Cultist","floor":5.0,"turns":2.0},{"damage":16.0,"enemies":"Gremlin Nob","floor":7.0,"turns":3.0},{"damage":46.0,"enemies":"Lagavulin","floor":10.0,"turns":6.0},{"damage":5.0,"enemies":"Looter","floor":11.0,"turns":2.0},{"damage":4.0,"enemies":"Exordium Wildlife","floor":13.0,"turns":3.0},{"damage":51.0,"enemies":"The Guardian","floor":16.0,"turns":8.0},{"damage":6.0,"enemies":"Chosen","floor":18.0,"turns":3.0},{"damage":14.0,"enemies":"Shell Parasite","floor":21.0,"turns":4.0},{"damage":10.0,"enemies":"Snecko","floor":22.0,"turns":3.0},{"damage":0.0,"enemies":"Gremlin Leader","floor":23.0,"turns":4.0},{"damage":22.0,"enemies":"Centurion and Healer","floor":25.0,"turns":6.0},{"damage":30.0,"enemies":"Chosen and Byrds","floor":28.0,"turns":6.0},{"damage":50.0,"enemies":"Slavers","floor":30.0,"turns":4.0},{"damage":4.0,"enemies":"Snecko","floor":31.0,"turns":4.0},{"damage":74.0,"enemies":"Collector","floor":33.0,"turns":7.0},{"damage":49.0,"enemies":"3 Shapes","floor":35.0,"turns":3.0},{"damage":46.0,"enemies":"3 Darklings","floor":37.0,"turns":4.0},{"damage":82.0,"enemies":"Writhing Mass","floor":39.0,"turns":6.0},{"damage":3.0,"enemies":"Reptomancer","floor":41.0,"turns":4.0},{"damage":11.0,"enemies":"Sphere and 2 Shapes","floor":45.0,"turns":4.0},{"damage":35.0,"enemies":"Spire Growth","floor":46.0,"turns":4.0},{"damage":25.0,"enemies":"Jaw Worm Horde","floor":48.0,"turns":4.0},{"damage":115,"enemies":"Awakened One","floor":50,"turns":9}],"seed_played":"-4331578929859047688","potions_obtained":[{"floor":2.0,"key":"SneckoOil"},{"floor":5.0,"key":"SteroidPotion"},{"floor":10.0,"key":"Strength Potion"},{"floor":11.0,"key":"SteroidPotion"},{"floor":23.0,"key":"Swift Potion"},{"floor":28.0,"key":"Strength Potion"},{"floor":31.0,"key":"PowerPotion"},{"floor":34.0,"key":"SmokeBomb"},{"floor":35.0,"key":"SteroidPotion"},{"floor":41.0,"key":"Swift Potion"},{"floor":46.0,"key":"Poison Potion"}],"is_trial":false,"path_per_floor":["M","M","$","?","M","R","E","?","T","E","M","R","M","?","R","B",null,"M","?","?","M","M","E","R","M","T","$","M","$","E","M","R","B",null,"M","?","M","?","M","R","E","$","T","$","M","M","R","M","R","B",null],"character_chosen":"IRONCLAD","items_purchased":["Clothesline","Lee\u0027s Waffle","Ancient Tea Set","PowerPotion","LiquidBronze","ClockworkSouvenir","PowerPotion"],"campfire_rested":4,"item_purchase_floors":[3,27,29,42,42,44,44],"current_hp_per_floor":[80,78,78,78,80,80,70,70,70,36,37,61,75,80,80,35,85,85,69,69,61,57,90,90,74,74,97,86,86,64,69,69,22,102,84,112,75,75,32,65,71,71,71,71,81,55,88,80,112,50],"gold":122,"neow_bonus":"HUNDRED_GOLD","is_prod":false,"is_daily":false,"chose_seed":false,"campfire_upgraded":4,"win_rate":0,"timestamp":1544518994,"path_taken":["M","M","$","?","M","R","E","?","T","E","M","R","?","?","R","BOSS","M","?","?","?","M","E","R","M","T","$","M","$","E","M","R","BOSS","M","?","?","?","?","R","E","$","T","$","M","M","R","?","R","BOSS"],"build_version":"2018-12-06","purchased_purges":1,"victory":true,"max_hp_per_floor":[80,80,80,80,80,80,80,80,80,80,80,80,80,85,85,85,85,85,90,90,90,90,90,90,90,90,97,97,97,97,97,97,97,102,102,112,112,112,112,112,112,112,112,112,112,112,112,112,112,112],"card_choices":[{"not_picked":["Iron Wave","Anger"],"picked":"Perfected Strike","floor":1.0},{"not_picked":["Second Wind","Bloodletting"],"picked":"Perfected Strike","floor":2.0},{"not_picked":["Thunderclap","Metallicize"],"picked":"Spot Weakness","floor":5.0},{"not_picked":["Carnage","Burning Pact"],"picked":"Reaper","floor":7.0},{"not_picked":["Headbutt+1","Clash+1"],"picked":"Limit Break","floor":10.0},{"not_picked":["Burning Pact","Rupture","Headbutt+1"],"picked":"SKIP","floor":11.0},{"not_picked":["Uppercut+1","Armaments"],"picked":"Cleave+1","floor":13.0},{"not_picked":["Berserk","Demon Form"],"picked":"Impervious","floor":16.0},{"not_picked":["Power Through","Heavy Blade+1"],"picked":"Flex","floor":18.0},{"not_picked":["Perfected Strike+1","Reaper+1"],"picked":"Pommel Strike+1","floor":21.0},{"not_picked":["Clash+1","Havoc"],"picked":"Cleave+1","floor":22.0},{"not_picked":["Ghostly Armor","Heavy Blade+1","Seeing Red"],"picked":"SKIP","floor":23.0},{"not_picked":["Wild Strike+1","Flex","Infernal Blade+1"],"picked":"SKIP","floor":25.0},{"not_picked":["Clash+1","Heavy Blade+1"],"picked":"Battle Trance","floor":28.0},{"not_picked":["Rage","Power Through+1","Body Slam+1"],"picked":"SKIP","floor":30.0},{"not_picked":["Cleave+1","Ghostly Armor+1"],"picked":"Twin Strike+1","floor":31.0},{"not_picked":["Berserk","Immolate+1"],"picked":"Double Tap","floor":33.0},{"not_picked":["Battle Trance+1","Sever Soul+1"],"picked":"Clothesline+1","floor":34.0},{"not_picked":["Body Slam+1","Rupture"],"picked":"Pommel Strike+1","floor":35.0},{"not_picked":["Anger+1","Wild Strike+1"],"picked":"Intimidate+1","floor":37.0},{"not_picked":["Intimidate+1","Havoc+1","Clash+1"],"picked":"SKIP","floor":39.0},{"not_picked":["Bloodletting","Flex"],"picked":"Spot Weakness","floor":41.0},{"not_picked":["Flex+1","Seeing Red+1"],"picked":"Shrug It Off+1","floor":45.0},{"not_picked":["Wild Strike+1","Pommel Strike+1","Sword Boomerang+1"],"picked":"SKIP","floor":46.0},{"not_picked":["Flex+1","Rampage+1"],"picked":"Inflame","floor":48.0}],"player_experience":29716,"relics_obtained":[{"floor":7.0,"key":"Bag of Marbles"},{"floor":9.0,"key":"Molten Egg 2"},{"floor":10.0,"key":"Oddly Smooth Stone"},{"floor":23.0,"key":"Potion Belt"},{"floor":23.0,"key":"MawBank"},{"floor":26.0,"key":"Ornamental Fan"},{"floor":30.0,"key":"Red Skull"},{"floor":30.0,"key":"Magic Flower"},{"floor":41.0,"key":"Self Forming Clay"},{"floor":41.0,"key":"Lantern"},{"floor":43.0,"key":"Calipers"}],"event_choices":[{"damage_healed":0.0,"max_hp_gain":0.0,"max_hp_loss":0.0,"gold_gain":0.0,"event_name":"Living Wall","player_choice":"Grow","floor":4.0,"gold_loss":0.0,"damage_taken":0.0,"cards_upgraded":["Perfected Strike"]},{"damage_healed":0.0,"max_hp_gain":0.0,"max_hp_loss":0.0,"gold_gain":0.0,"event_name":"Accursed Blacksmith","player_choice":"Forge","floor":8.0,"gold_loss":0.0,"damage_taken":0.0,"cards_upgraded":["Perfected Strike"]},{"damage_healed":0.0,"max_hp_gain":5.0,"max_hp_loss":0.0,"gold_gain":0.0,"event_name":"Big Fish","player_choice":"Donut","floor":14.0,"gold_loss":0.0,"damage_taken":0.0},{"damage_healed":0.0,"max_hp_gain":5.0,"max_hp_loss":0.0,"gold_gain":0.0,"event_name":"Forgotten Altar","player_choice":"Shed Blood","floor":19.0,"gold_loss":0.0,"damage_taken":21.0},{"cards_removed":["Strike_R"],"damage_healed":0.0,"max_hp_gain":0.0,"max_hp_loss":0.0,"gold_gain":0.0,"event_name":"Beggar","player_choice":"Gave Gold","floor":20.0,"gold_loss":75.0,"damage_taken":0.0},{"cards_removed":["Double Tap"],"damage_healed":18.0,"max_hp_gain":10.0,"max_hp_loss":0.0,"gold_gain":0.0,"event_name":"Bonfire Elementals","player_choice":"Offered Rare","floor":36.0,"gold_loss":0.0,"damage_taken":0.0},{"damage_healed":0.0,"max_hp_gain":0.0,"max_hp_loss":0.0,"gold_gain":0.0,"event_name":"Designer","player_choice":"Upgrade","floor":38.0,"gold_loss":40.0,"damage_taken":0.0,"cards_upgraded":["Spot Weakness"]}],"is_beta":false,"boss_relics":[{"not_picked":["Calling Bell","Philosopher\u0027s Stone"],"picked":"Black Star"},{"not_picked":["Black Blood","Orrery"],"picked":"Tiny House"}],"items_purged_floors":[42],"is_endless":false,"potions_floor_spawned":[2,5,10,11,18,23,28,31,35,41,46],"ascension_level":4}