{"gold_per_floor":[118,118,130,142,161,161,236,296,321,341,355,355,428,30,30,101,101,119,119,119,119,132,132],"floor_reached":23,"playtime":581,"items_purged":["Strike_R"],"score":344,"play_id":"08755c5b-b8a9-4db0-ba34-2e8251c51913","local_time":"20181223033213","is_ascension_mode":true,"campfire_choices":[{"data":"Armaments","floor":6.0,"key":"SMITH"},{"floor":12.0,"key":"REST"},{"data":"Uppercut","floor":15.0,"key":"SMITH"}],"neow_cost":"NONE","seed_source_timestamp":130344924167200,"circlet_count":0,"master_deck":["AscendersBane","Strike_R+1","Strike_R+1","Strike_R+1","Defend_R+1","Defend_R+1","Defend_R+1","Defend_R+1","Bash","Iron Wave","Uppercut+1","Shrug It Off","Armaments+1","Clash","Limit Break","Headbutt","Limit Break","Anger","Limit Break","Cleave"],"special_seed":0,"relics":["Burning Blood","NeowsBlessing","Tiny Chest","Potion Belt","DollysMirror","Eternal Feather","Orichalcum"],"potions_floor_usage":[22,22,22],"damage_taken":[{"damage":0.0,"enemies":"Small Slimes","floor":1.0,"turns":1.0},{"damage":0.0,"enemies":"Cultist","floor":3.0,"turns":1.0},{"damage":0.0,"enemies":"Jaw Worm","floor":4.0,"turns":1.0},{"damage":11.0,"enemies":"Looter","floor":5.0,"turns":4.0},{"damage":30.0,"enemies":"3 Sentries","floor":8.0,"turns":11.0},{"damage":11.0,"enemies":"Exordium Thugs","floor":10.0,"turns":5.0},{"damage":6.0,"enemies":"Blue Slaver","floor":11.0,"turns":4.0},{"damage":27.0,"enemies":"Hexaghost","floor":16.0,"turns":6.0},{"damage":18.0,"enemies":"2 Thieves","floor":18.0,"turns":4.0},{"damage":36,"enemies":"3 Byrds","floor":22,"turns":6},{"damage":0,"enemies":"Gremlin Leader","floor":23,"turns":1}],"seed_played":"-5016395459407085538","potions_obtained":[{"floor":3.0,"key":"Strength Potion"},{"floor":5.0,"key":"Energy Potion"},{"floor":11.0,"key":"AttackPotion"},{"floor":16.0,"key":"Ancient Potion"},{"floor":18.0,"key":"BloodPotion"}],"is_trial":false,"path_per_floor":["M","?","M","M","M","R","?","E","T","M","M","R","?","$","R","B",null,"M","?","T","$","M","E"],"character_chosen":"IRONCLAD","items_purchased":["DollysMirror","Anger","Strength Potion"],"campfire_rested":1,"item_purchase_floors":[14,14,14],"current_hp_per_floor":[74,74,75,75,70,70,59,35,35,30,30,52,52,52,52,31,64,52,52,52,52,29,29],"gold":132,"neow_bonus":"THREE_ENEMY_KILL","is_prod":false,"is_daily":false,"chose_seed":false,"campfire_upgraded":2,"win_rate":0,"timestamp":1545564733,"path_taken":["M","?","M","?","M","R","?","E","T","M","M","R","?","$","R","BOSS","M","?","?","$","?","E"],"build_version":"2018-12-20","purchased_purges":1,"victory":false,"max_hp_per_floor":[75,75,75,75,75,75,75,75,75,75,75,75,75,75,75,75,75,75,75,75,75,75,75],"card_choices":[{"not_picked":["Havoc","Warcry"],"picked":"Iron Wave","floor":1.0},{"not_picked":["Cleave","Iron Wave"],"picked":"Shrug It Off","floor":3.0},{"not_picked":["Perfected Strike","Heavy Blade","Twin Strike"],"picked":"SKIP","floor":4.0},{"not_picked":["Twin Strike","Rage"],"picked":"Armaments","floor":5.0},{"not_picked":["Sword Boomerang","True Grit"],"picked":"Clash","floor":8.0},{"not_picked":["Entrench","Spot Weakness"],"picked":"Limit Break","floor":10.0},{"not_picked":["Heavy Blade","Pommel Strike"],"picked":"Headbutt","floor":11.0},{"not_picked":["Berserk","Offering"],"picked":"Limit Break","floor":16.0},{"not_picked":["Havoc","Dropkick","Armaments+1"],"picked":"SKIP","floor":18.0},{"not_picked":["Shrug It Off","Anger"],"picked":"Cleave","floor":22}],"player_experience":176615,"relics_obtained":[{"floor":8.0,"key":"Tiny Chest"},{"floor":9.0,"key":"Potion Belt"},{"floor":20.0,"key":"Orichalcum"}],"event_choices":[{"damage_healed":0.0,"max_hp_gain":0.0,"max_hp_loss":0.0,"gold_gain":0.0,"cards_transformed":["Strike_R"],"event_name":"Transmorgrifier","player_choice":"Transformed","floor":2.0,"gold_loss":0.0,"damage_taken":0.0,"cards_obtained":["Uppercut"]},{"damage_healed":0.0,"max_hp_gain":0.0,"max_hp_loss":0.0,"gold_gain":75.0,"event_name":"World of Goop","player_choice":"Gather Gold","floor":7.0,"gold_loss":0.0,"damage_taken":11.0},{"damage_healed":0.0,"max_hp_gain":0.0,"max_hp_loss":0.0,"gold_gain":73.0,"event_name":"Golden Wing","player_choice":"Gained Gold","floor":13.0,"gold_loss":0.0,"damage_taken":0.0},{"damage_healed":0.0,"max_hp_gain":0.0,"max_hp_loss":0.0,"gold_gain":0.0,"event_name":"Back to Basics","player_choice":"Simplicity","floor":19.0,"gold_loss":0.0,"damage_taken":0.0,"cards_upgraded":["Strike_R","Strike_R","Strike_R","Defend_R","Defend_R","Defend_R","Defend_R"]}],"is_beta":false,"boss_relics":[{"not_picked":["Coffee Dripper","Fusion Hammer"],"picked":"Eternal Feather"}],"items_purged_floors":[14],"is_endless":false,"potions_floor_spawned":[3,5,11,16,18],"killed_by":"Gremlin Leader","ascension_level":16}