{"gold_per_floor":[116,83,102,102,164,164,214,214,214,230,230,248,41,91,91,187,237,252,241,291,0,50,50,50],"floor_reached":24,"playtime":1363,"items_purged":["Strike_R"],"score":184,"play_id":"fd4357d5-9b52-43ad-93d6-cadf6bfa018c","local_time":"20190809224812","is_ascension_mode":false,"campfire_choices":[{"data":"Second Wind","floor":6,"key":"SMITH"},{"data":"Armaments","floor":8,"key":"SMITH"},{"data":"Second Wind","floor":11,"key":"SMITH"},{"data":"Intimidate","floor":15,"key":"SMITH"},{"floor":23,"key":"REST"}],"neow_cost":"NONE","seed_source_timestamp":879706569950545,"circlet_count":0,"master_deck":["Strike_R+1","Strike_R+1","Strike_R+1","Strike_R+1","Defend_R+1","Defend_R+1","Defend_R+1","Defend_R+1","Bash+1","Body Slam","Second Wind+1","Body Slam","Armaments+1","Second Wind+1","Intimidate+1","Bandage Up","Shrug It Off","Barricade","Armaments","Body Slam","Rage"],"relics":["Burning Blood","SsserpentHead","Ornamental Fan","Juzu Bracelet","Tiny House","MutagenicStrength"],"potions_floor_usage":[],"damage_taken":[{"damage":6,"enemies":"Jaw Worm","floor":1,"turns":4},{"damage":0,"enemies":"Small Slimes","floor":3,"turns":3},{"damage":1,"enemies":"Cultist","floor":5,"turns":3},{"damage":15,"enemies":"Exordium Wildlife","floor":10,"turns":6},{"damage":13,"enemies":"Exordium Thugs","floor":12,"turns":6},{"damage":60,"enemies":"The Guardian","floor":16,"turns":15},{"damage":70,"enemies":"3 Byrds","floor":18,"turns":12},{"damage":27,"enemies":"2 Thieves","floor":19,"turns":4},{"damage":39,"enemies":"Book of Stabbing","floor":24,"turns":8}],"seed_played":"-5172398682996516454","potions_obtained":[{"floor":1,"key":"Ancient Potion"},{"floor":3,"key":"SteroidPotion"},{"floor":5,"key":"SneckoOil"}],"is_trial":false,"path_per_floor":["M","?","M","?","M","R","?","R","T","M","R","M","$","T","R","B",null,"M","M","?","?","?","R","E"],"character_chosen":"IRONCLAD","items_purchased":["Bandage Up","Shrug It Off"],"campfire_rested":1,"item_purchase_floors":[13,13],"current_hp_per_floor":[80,80,80,80,80,80,80,80,80,71,71,64,64,64,64,14,85,25,8,8,8,8,33,0],"gold":50,"neow_bonus":"THREE_CARDS","is_prod":false,"is_daily":false,"chose_seed":false,"campfire_upgraded":4,"win_rate":0.0,"timestamp":1565408892,"path_taken":["M","?","M","?","?","R","?","R","T","M","R","M","$","?","R","BOSS","M","M","?","?","?","R","E"],"build_version":"2019-07-17","purchased_purges":1,"victory":false,"max_hp_per_floor":[80,80,80,80,80,80,80,80,80,80,80,80,80,80,80,80,85,85,85,85,85,85,85,85],"card_choices":[{"not_picked":["Dropkick","Twin Strike"],"picked":"Body Slam","floor":0},{"not_picked":["Dropkick","Thunderclap"],"picked":"Second Wind","floor":1},{"not_picked":["Corruption","True Grit"],"picked":"Body Slam","floor":3},{"not_picked":["Clothesline","Immolate"],"picked":"Armaments","floor":5},{"not_picked":["Shrug It Off","Thunderclap"],"picked":"Second Wind","floor":10},{"not_picked":["Carnage","Burning Pact"],"picked":"Intimidate","floor":12},{"not_picked":["Impervious","Double Tap"],"picked":"Barricade","floor":16},{"not_picked":["Hemokinesis","Twin Strike"],"picked":"Armaments","floor":17},{"not_picked":["Clash","Pommel Strike"],"picked":"Body Slam","floor":18},{"not_picked":["Clash+1","Sever Soul+1"],"picked":"Rage","floor":19}],"player_experience":99381,"relics_obtained":[{"floor":9,"key":"Ornamental Fan"},{"floor":14,"key":"Juzu Bracelet"}],"event_choices":[{"damage_healed":0,"gold_gain":0,"player_choice":"Left Gold","damage_taken":0,"max_hp_gain":0,"max_hp_loss":0,"event_name":"World of Goop","floor":2,"gold_loss":33},{"damage_healed":0,"gold_gain":0,"player_choice":"Trade","damage_taken":0,"relics_obtained":["SsserpentHead"],"max_hp_gain":0,"max_hp_loss":0,"event_name":"FaceTrader","floor":4,"gold_loss":0},{"damage_healed":0,"gold_gain":0,"player_choice":"Ignored","damage_taken":0,"max_hp_gain":0,"max_hp_loss":0,"event_name":"NoteForYourself","floor":7,"gold_loss":0},{"damage_healed":0,"gold_gain":0,"player_choice":"Simplicity","damage_taken":0,"max_hp_gain":0,"max_hp_loss":0,"event_name":"Back to Basics","floor":20,"gold_loss":0,"cards_upgraded":["Strike_R","Strike_R","Strike_R","Strike_R","Defend_R","Defend_R","Defend_R","Defend_R"]},{"damage_healed":0,"gold_gain":0,"player_choice":"Paid Fearfully","damage_taken":0,"max_hp_gain":0,"max_hp_loss":0,"event_name":"Masked Bandits","floor":21,"gold_loss":341},{"damage_healed":0,"gold_gain":0,"player_choice":"Inject Mutagens","damage_taken":0,"relics_obtained":["MutagenicStrength"],"max_hp_gain":0,"max_hp_loss":0,"event_name":"Drug Dealer","floor":22,"gold_loss":0}],"is_beta":false,"boss_relics":[{"not_picked":["Mark of Pain","Cursed Key"],"picked":"Tiny House"}],"items_purged_floors":[13],"is_endless":false,"potions_floor_spawned":[1,3,5,16,19],"killed_by":"Book of Stabbing","ascension_level":0}