{"gold_per_floor":[112,287,287,287,302,327,327,112,112,126,126,144,477,477,477,603,603,571,592,592,592,605,644,644],"floor_reached":24,"playtime":1100,"items_purged":["Strike_R"],"score":248,"play_id":"c8fdf3af-6cb6-48d4-8b95-67e818ca931b","local_time":"20190906210405","is_ascension_mode":false,"campfire_choices":[{"data":"Iron Wave","floor":7,"key":"SMITH"},{"data":"Iron Wave","floor":15,"key":"SMITH"}],"neow_cost":"NONE","seed_source_timestamp":1828390407919800,"circlet_count":0,"master_deck":["Strike_R","Strike_R","Defend_R","Defend_R","Defend_R","Defend_R","Bash","Wild Strike","Flame Barrier+1","Iron Wave+1","Armaments+1","Purity+1","Iron Wave+1","True Grit+1","True Grit+1","Exhume+1"],"relics":["Black Blood","NeowsBlessing","Toxic Egg 2","Spirit Poop","Calipers","Old Coin","Golden Idol","The Courier","Kunai"],"potions_floor_usage":[16,23,23,23,24],"damage_taken":[{"damage":0,"enemies":"Small Slimes","floor":1,"turns":1},{"damage":0,"enemies":"Jaw Worm","floor":5,"turns":1},{"damage":0,"enemies":"3 Sentries","floor":6,"turns":2},{"damage":0,"enemies":"2 Louse","floor":10,"turns":5},{"damage":0,"enemies":"Red Slaver","floor":12,"turns":6},{"damage":21,"enemies":"Gremlin Nob","floor":13,"turns":5},{"damage":42,"enemies":"Hexaghost","floor":16,"turns":14},{"damage":23,"enemies":"2 Thieves","floor":18,"turns":5},{"damage":10,"enemies":"Spheric Guardian","floor":19,"turns":7},{"damage":28,"enemies":"Shelled Parasite and Fungi","floor":22,"turns":15},{"damage":26,"enemies":"Slavers","floor":23,"turns":7},{"damage":22,"enemies":"3 Cultists","floor":24,"turns":6}],"seed_played":"8821407339433765734","potions_obtained":[{"floor":1,"key":"LiquidBronze"},{"floor":5,"key":"LiquidBronze"},{"floor":13,"key":"Regen Potion"},{"floor":18,"key":"AttackPotion"},{"floor":23,"key":"Strength Potion"}],"is_trial":false,"path_per_floor":["M","?","T","?","M","E","R","$","T","M","?","M","E","?","R","B",null,"M","M","?","?","M","E","M"],"character_chosen":"IRONCLAD","items_purchased":["Armaments+1","Purity+1"],"campfire_rested":0,"item_purchase_floors":[8,8],"current_hp_per_floor":[80,80,80,80,80,80,80,80,80,80,80,80,65,45,45,24,80,67,67,67,67,49,33,11],"gold":644,"neow_bonus":"THREE_ENEMY_KILL","is_prod":false,"is_daily":false,"chose_seed":false,"campfire_upgraded":2,"win_rate":0,"timestamp":1567829045,"path_taken":["M","?","?","?","?","E","R","?","T","M","?","?","E","?","R","BOSS","M","M","?","?","?","E","M"],"build_version":"2019-07-17","purchased_purges":1,"victory":false,"max_hp_per_floor":[80,80,80,80,80,80,80,80,80,80,80,80,80,80,80,80,80,80,80,80,80,80,80,80],"card_choices":[{"not_picked":["Shockwave","Uppercut"],"picked":"Wild Strike","floor":1},{"not_picked":["Thunderclap","Anger"],"picked":"Flame Barrier+1","floor":5},{"not_picked":["Combust","Thunderclap"],"picked":"Iron Wave","floor":6},{"not_picked":["Pommel Strike","Intimidate+1"],"picked":"Iron Wave","floor":10},{"not_picked":["Anger","Clash","Searing Blow"],"picked":"SKIP","floor":12},{"not_picked":["Thunderclap","Havoc+1","Whirlwind"],"picked":"SKIP","floor":13},{"not_picked":["Uppercut","Iron Wave","Rampage"],"picked":"SKIP","floor":18},{"not_picked":["Armaments+1","Warcry+1"],"picked":"True Grit+1","floor":19},{"not_picked":["Infernal Blade+1","Havoc+1"],"picked":"True Grit+1","floor":22},{"not_picked":["Heavy Blade","Headbutt+1"],"picked":"Exhume+1","floor":23}],"player_experience":140317,"relics_obtained":[{"floor":3,"key":"Toxic Egg 2"},{"floor":6,"key":"Calipers"},{"floor":13,"key":"Old Coin"},{"floor":21,"key":"The Courier"},{"floor":23,"key":"Kunai"}],"event_choices":[{"damage_healed":0,"gold_gain":175,"player_choice":"AGREE","damage_taken":0,"max_hp_gain":0,"max_hp_loss":0,"event_name":"Liars Game","floor":2,"gold_loss":0,"cards_obtained":["Doubt"]},{"cards_removed":["Doubt"],"damage_healed":0,"gold_gain":0,"player_choice":"Offered Curse","damage_taken":0,"relics_obtained":["Spirit Poop"],"max_hp_gain":0,"max_hp_loss":0,"event_name":"Bonfire Elementals","floor":4,"gold_loss":0},{"cards_removed":["Strike_R"],"damage_healed":0,"gold_gain":0,"player_choice":"Purged","damage_taken":0,"max_hp_gain":0,"max_hp_loss":0,"event_name":"Purifier","floor":11,"gold_loss":0},{"damage_healed":0,"gold_gain":0,"player_choice":"Take Damage","damage_taken":20,"relics_obtained":["Golden Idol"],"max_hp_gain":0,"max_hp_loss":0,"event_name":"Golden Idol","floor":14,"gold_loss":0},{"cards_removed":["Strike_R"],"damage_healed":0,"gold_gain":0,"player_choice":"Elegance","damage_taken":0,"max_hp_gain":0,"max_hp_loss":0,"event_name":"Back to Basics","floor":20,"gold_loss":0},{"damage_healed":0,"gold_gain":0,"player_choice":"Relic","damage_taken":0,"max_hp_gain":0,"max_hp_loss":0,"event_name":"Wheel of Change","floor":21,"gold_loss":0}],"is_beta":false,"boss_relics":[{"not_picked":["Ectoplasm","Cursed Key"],"picked":"Black Blood"}],"items_purged_floors":[8],"is_endless":false,"potions_floor_spawned":[1,5,13,18,23],"killed_by":"3 Cultists","ascension_level":0}