{"gold_per_floor":[11,23,23,48,13,57,57,80,80,80,93,93,93,132,132,223,223,243,243,261,261,280,280,324,239,239,277,36,54,54,70,70,160,160,178,234,567,59,3,36,64,64,64,14,44,20,49,64,64,64,64,64,64,9,9],"floor_reached":55,"playtime":2363,"items_purged":["Writhe"],"score":2058,"play_id":"e5f8d3eb-c00e-46c3-86e2-cf431e81a1b9","local_time":"20190719201936","is_ascension_mode":true,"campfire_choices":[{"data":"Armaments","floor":7.0,"key":"SMITH"},{"data":"Sword Boomerang","floor":10.0,"key":"SMITH"},{"data":"Inflame","floor":12.0,"key":"SMITH"},{"floor":15.0,"key":"REST"},{"floor":23.0,"key":"REST"},{"floor":30.0,"key":"REST"},{"data":"Demon Form","floor":32.0,"key":"SMITH"},{"data":"Corruption","floor":42.0,"key":"SMITH"},{"floor":49.0,"key":"RECALL"},{"data":"Exhume","floor":53.0,"key":"SMITH"}],"neow_cost":"NO_GOLD","seed_source_timestamp":0,"circlet_count":0,"master_deck":["AscendersBane","Strike_R","Strike_R","Defend_R","Defend_R","Defend_R","Defend_R","Bash","Inflame+1","Armaments+1","Demon Form+1","Cleave","Sword Boomerang+1","Reaper","Heavy Blade","Thunderclap","Flex","Clothesline","True Grit","True Grit","Limit Break","Shockwave","Corruption+1","Shrug It Off","Dual Wield","Exhume+1","Shockwave+1","Regret","Shrug It Off","Anger","Shrug It Off","Offering","Power Through"],"special_seed":0,"relics":["Burning Blood","Torii","Juzu Bracelet","Pen Nib","Mercury Hourglass","Cursed Key","Oddly Smooth Stone","Mango","Paper Frog","Peace Pipe","Dodecahedron","Lizard Tail","Pocketwatch","WingedGreaves","PreservedInsect","Bottled Lightning","Strawberry","Frozen Egg 2","Prayer Wheel"],"potions_floor_usage":[55],"damage_taken":[{"damage":2.0,"enemies":"2 Louse","floor":1.0,"turns":4.0},{"damage":7.0,"enemies":"Jaw Worm","floor":2.0,"turns":3.0},{"damage":7.0,"enemies":"Cultist","floor":4.0,"turns":4.0},{"damage":31.0,"enemies":"Lagavulin","floor":6.0,"turns":9.0},{"damage":2.0,"enemies":"Exordium Wildlife","floor":8.0,"turns":3.0},{"damage":7.0,"enemies":"3 Louse","floor":11.0,"turns":2.0},{"damage":32.0,"enemies":"Gremlin Nob","floor":14.0,"turns":4.0},{"damage":8.0,"enemies":"The Guardian","floor":16.0,"turns":7.0},{"damage":28.0,"enemies":"Spheric Guardian","floor":18.0,"turns":4.0},{"damage":43.0,"enemies":"Shell Parasite","floor":20.0,"turns":7.0},{"damage":23.0,"enemies":"Centurion and Healer","floor":22.0,"turns":5.0},{"damage":21.0,"enemies":"Book of Stabbing","floor":24.0,"turns":4.0},{"damage":37.0,"enemies":"Gremlin Leader","floor":27.0,"turns":6.0},{"damage":12.0,"enemies":"Sentry and Sphere","floor":29.0,"turns":3.0},{"damage":49.0,"enemies":"3 Cultists","floor":31.0,"turns":5.0},{"damage":55.0,"enemies":"Collector","floor":33.0,"turns":7.0},{"damage":19.0,"enemies":"Orb Walker","floor":35.0,"turns":4.0},{"damage":84.0,"enemies":"2 Orb Walkers","floor":36.0,"turns":5.0},{"damage":9.0,"enemies":"Giant Head","floor":40.0,"turns":5.0},{"damage":21.0,"enemies":"Nemesis","floor":41.0,"turns":5.0},{"damage":53.0,"enemies":"Giant Head","floor":45.0,"turns":6.0},{"damage":45.0,"enemies":"Nemesis","floor":47.0,"turns":9.0},{"damage":13.0,"enemies":"3 Shapes","floor":48.0,"turns":10.0},{"damage":111.0,"enemies":"Time Eater","floor":50.0,"turns":12.0},{"damage":127.0,"enemies":"Donu and Deca","floor":51.0,"turns":10.0},{"damage":72,"enemies":"Shield and Spear","floor":55,"turns":5}],"seed_played":"-7857978735141128922","potions_obtained":[{"floor":1.0,"key":"GamblersBrew"},{"floor":6.0,"key":"Explosive Potion"},{"floor":16.0,"key":"Poison Potion"},{"floor":31.0,"key":"Regen Potion"},{"floor":36.0,"key":"FearPotion"},{"floor":41.0,"key":"Weak Potion"}],"is_trial":false,"path_per_floor":["M","M","?","M","?","E","R","M","T","R","M","R","?","E","R","B",null,"M","?","M","?","M","R","E","?","T","E","$","M","R","M","R","B",null,"M","?","?","$","$","E","E","R","T","$","E","$","E","M","R","B","B",null,"R","$","E"],"character_chosen":"IRONCLAD","items_purchased":["Shockwave","Corruption","WingedGreaves","PreservedInsect","Energy Potion","Shrug It Off","Shrug It Off","Swift Potion"],"campfire_rested":3,"item_purchase_floors":[28,28,38,38,39,44,46,54],"current_hp_per_floor":[72,71,45,44,62,37,37,41,41,41,40,40,33,7,29,27,63,48,48,30,30,13,35,44,44,44,33,33,27,53,89,89,89,89,76,26,26,26,26,51,71,71,71,71,96,96,58,93,93,72,19,77,77,77,5],"gold":9,"neow_bonus":"ONE_RARE_RELIC","is_prod":false,"is_daily":false,"chose_seed":false,"campfire_upgraded":6,"win_rate":0,"timestamp":1563592776,"path_taken":["M","M","?","M","?","E","R","M","T","R","M","R","?","E","R","BOSS","M","?","M","?","M","R","E","?","T","E","$","M","R","M","R","BOSS","M","?","?","?","$","E","E","R","T","?","E","?","E","M","R","BOSS","BOSS","R","$","E"],"build_version":"2019-07-17","purchased_purges":1,"victory":false,"max_hp_per_floor":[75,75,75,75,75,75,75,75,75,75,75,75,75,75,75,75,75,75,75,75,75,75,75,89,89,89,89,89,89,89,89,89,89,89,89,89,89,89,89,89,96,96,96,96,96,96,96,96,96,96,96,96,96,96,96],"card_choices":[{"not_picked":["Feel No Pain","Heavy Blade"],"picked":"Inflame","floor":1.0},{"not_picked":["Wild Strike","Metallicize"],"picked":"Armaments","floor":2.0},{"not_picked":["Iron Wave","Clothesline"],"picked":"Demon Form","floor":4.0},{"not_picked":["Iron Wave","Hemokinesis"],"picked":"Cleave","floor":6.0},{"not_picked":["Warcry","Sentinel"],"picked":"Sword Boomerang","floor":8.0},{"not_picked":["Clash","Body Slam","Iron Wave"],"picked":"SKIP","floor":11.0},{"not_picked":["Perfected Strike","Brutality","Dual Wield"],"picked":"SKIP","floor":14.0},{"not_picked":["Juggernaut","Impervious"],"picked":"Reaper","floor":16.0},{"not_picked":["Twin Strike","Uppercut"],"picked":"Heavy Blade","floor":18.0},{"not_picked":["Warcry","Thunderclap"],"picked":"Clothesline","floor":20.0},{"not_picked":["Thunderclap+1","Perfected Strike+1"],"picked":"True Grit","floor":22.0},{"not_picked":["Searing Blow","Twin Strike"],"picked":"True Grit","floor":24.0},{"not_picked":["Spot Weakness","Sword Boomerang"],"picked":"Limit Break","floor":27.0},{"not_picked":["True Grit","Havoc"],"picked":"Shrug It Off","floor":29.0},{"not_picked":["Flex","Hemokinesis"],"picked":"Dual Wield","floor":31.0},{"not_picked":["Juggernaut","Brutality"],"picked":"Exhume","floor":33.0},{"not_picked":["Clothesline+1","Clash","Heavy Blade"],"picked":"SKIP","floor":35.0},{"not_picked":["Heavy Blade","Corruption+1"],"picked":"Shockwave+1","floor":40.0},{"not_picked":["Thunderclap","Clothesline","True Grit"],"picked":"SKIP","floor":41.0},{"not_picked":["Spot Weakness","Uppercut"],"picked":"Anger","floor":45.0},{"not_picked":["Double Tap","Warcry"],"picked":"Offering","floor":47.0},{"not_picked":["Second Wind","Hemokinesis"],"picked":"Power Through","floor":48.0},{"not_picked":["Fire Breathing+1","Sword Boomerang","Armaments"],"picked":"SKIP","floor":48.0}],"player_experience":676030,"relics_obtained":[{"floor":6.0,"key":"Juzu Bracelet"},{"floor":9.0,"key":"Pen Nib"},{"floor":14.0,"key":"Mercury Hourglass"},{"floor":21.0,"key":"Oddly Smooth Stone"},{"floor":24.0,"key":"Mango"},{"floor":26.0,"key":"Peace Pipe"},{"floor":27.0,"key":"Dodecahedron"},{"floor":36.0,"key":"Pocketwatch"},{"floor":40.0,"key":"Bottled Lightning"},{"floor":41.0,"key":"Strawberry"},{"floor":45.0,"key":"Frozen Egg 2"},{"floor":47.0,"key":"Prayer Wheel"}],"event_choices":[{"damage_healed":0.0,"max_hp_gain":0.0,"max_hp_loss":0.0,"gold_gain":0.0,"event_name":"Golden Idol","player_choice":"Take Damage","floor":3.0,"gold_loss":0.0,"damage_taken":26.0,"relics_obtained":["Golden Idol"]},{"damage_healed":18.0,"max_hp_gain":0.0,"max_hp_loss":0.0,"gold_gain":0.0,"event_name":"The Cleric","player_choice":"Healed","floor":5.0,"gold_loss":35.0,"damage_taken":0.0},{"cards_removed":["Strike_R"],"damage_healed":0.0,"max_hp_gain":0.0,"max_hp_loss":0.0,"gold_gain":0.0,"event_name":"Golden Wing","player_choice":"Card Removal","floor":13.0,"gold_loss":0.0,"damage_taken":7.0},{"damage_healed":0.0,"max_hp_gain":0.0,"max_hp_loss":0.0,"gold_gain":0.0,"cards_transformed":["Strike_R","Strike_R"],"event_name":"Drug Dealer","player_choice":"Became Test Subject","floor":19.0,"gold_loss":0.0,"damage_taken":0.0,"cards_obtained":["Thunderclap","Flex"]},{"damage_healed":0.0,"max_hp_gain":0.0,"max_hp_loss":0.0,"gold_gain":0.0,"event_name":"Wheel of Change","player_choice":"Relic","floor":21.0,"gold_loss":0.0,"damage_taken":0.0},{"damage_healed":0.0,"max_hp_gain":0.0,"max_hp_loss":0.0,"gold_gain":0.0,"event_name":"Addict","player_choice":"Obtained Relic","floor":25.0,"gold_loss":85.0,"damage_taken":0.0,"relics_obtained":["Paper Frog"]},{"damage_healed":0.0,"max_hp_gain":0.0,"max_hp_loss":0.0,"gold_gain":0.0,"event_name":"Mysterious Sphere","player_choice":"Fight","floor":36.0,"gold_loss":0.0,"damage_taken":0.0},{"damage_healed":0.0,"max_hp_gain":0.0,"max_hp_loss":0.0,"gold_gain":333.0,"event_name":"The Moai Head","player_choice":"Gave Idol","floor":37.0,"relics_lost":["Golden Idol"],"gold_loss":0.0,"damage_taken":0.0}],"is_beta":false,"boss_relics":[{"not_picked":["Runic Dome","Velvet Choker"],"picked":"Cursed Key"},{"not_picked":["Fusion Hammer","Pandora\u0027s Box"],"picked":"Lizard Tail"}],"items_purged_floors":[28],"is_endless":false,"potions_floor_spawned":[1,6,16,22,27,31,33,36,40,41],"killed_by":"Shield and Spear","ascension_level":20}