{"gold_per_floor":[111,61,61,7,20,45,63,63,88,104,104,117,132,6,6,103,103,122,132,132,332,58,58,22,51,77,96,96,110,35,49,49,151,151,171,171,191,191,118,118,118,152,164,176,201,54,54,73,73,73],"floor_reached":50,"playtime":2389,"items_purged":["Defend_B"],"score":644,"play_id":"0d0bc28d-857a-4f20-b823-c9849d251fbf","local_time":"20190108052828","is_ascension_mode":true,"campfire_choices":[{"data":"Hologram","floor":8,"key":"SMITH"},{"data":"Dualcast","floor":11,"key":"SMITH"},{"data":"Fission","floor":15,"key":"SMITH"},{"data":"Rainbow","floor":23,"key":"SMITH"},{"data":"Loop","floor":28,"key":"SMITH"},{"data":"Coolheaded","floor":32,"key":"SMITH"},{"data":"Defragment","floor":40,"key":"SMITH"},{"floor":49,"key":"REST"}],"neow_cost":"NONE","seed_source_timestamp":0,"circlet_count":0,"master_deck":["Defend_B+1","Defend_B+1","Zap+1","Dualcast+1","Conserve Battery+1","Coolheaded+1","Coolheaded","Hologram+1","Steam","Cold Snap","Fission+1","Loop+1","Good Instincts","Rainbow+1","Echo Form+1","Chaos+1","Self Repair+1","Hologram+1","Rebound","Skim","Compile Driver","Cold Snap","Undo+1","Seek","Blizzard+1","Leap+1","Defragment+1","Leap+1","Capacitor","Dark Shackles","Leap+1"],"special_seed":0,"relics":["Cracked Core","NeowsBlessing","War Paint","Potion Belt","Astrolabe","MutagenicStrength","Art of War","Shuriken","Omamori","Nuclear Battery","Shovel","MawBank","Bottled Flame"],"potions_floor_usage":[18,19,37,37,42,42,42],"damage_taken":[{"damage":0.0,"enemies":"Small Slimes","floor":1.0,"turns":1.0},{"damage":0.0,"enemies":"2 Louse","floor":5.0,"turns":1.0},{"damage":0.0,"enemies":"3 Sentries","floor":6.0,"turns":2.0},{"damage":3.0,"enemies":"Jaw Worm","floor":7.0,"turns":4.0},{"damage":8,"enemies":"2 Fungi Beasts","floor":10,"turns":4},{"damage":2,"enemies":"Lots of Slimes","floor":12,"turns":6},{"damage":0,"enemies":"Exordium Wildlife","floor":13,"turns":3},{"damage":14,"enemies":"The Guardian","floor":16,"turns":20},{"damage":0,"enemies":"Chosen","floor":18,"turns":6},{"damage":13,"enemies":"3 Byrds","floor":19,"turns":5},{"damage":18,"enemies":"Slavers","floor":25,"turns":8},{"damage":0,"enemies":"Centurion and Healer","floor":27,"turns":8},{"damage":11,"enemies":"Snake Plant","floor":29,"turns":4},{"damage":0,"enemies":"Snecko","floor":31,"turns":6},{"damage":34,"enemies":"Automaton","floor":33,"turns":11},{"damage":3,"enemies":"3 Shapes","floor":35,"turns":6},{"damage":17,"enemies":"3 Darklings","floor":37,"turns":5},{"damage":32,"enemies":"Reptomancer","floor":42,"turns":6},{"damage":36,"enemies":"Jaw Worm Horde","floor":45,"turns":6},{"damage":33,"enemies":"Sphere and 2 Shapes","floor":48,"turns":6},{"damage":58,"enemies":"Time Eater","floor":50,"turns":3}],"seed_played":"5918144564041617712","potions_obtained":[{"floor":7,"key":"AttackPotion"},{"floor":10,"key":"Dexterity Potion"},{"floor":12,"key":"LiquidBronze"},{"floor":25,"key":"Weak Potion"},{"floor":29,"key":"Weak Potion"},{"floor":31,"key":"Poison Potion"},{"floor":35,"key":"Explosive Potion"}],"is_trial":false,"path_per_floor":["M","?","?","$","M","E","M","R","T","M","R","M","M","$","R","B",null,"M","M","?","?","$","R","$","E","T","M","R","M","?","M","R","B",null,"M","?","M","?","$","R","T","E","T","?","M","$","?","M","R","B"],"character_chosen":"DEFECT","items_purchased":["Cold Snap","Loop","Good Instincts","Rebound","Art of War","Skim","Defragment","Capacitor","Dark Shackles"],"campfire_rested":1,"item_purchase_floors":[4,14,14,22,22,24,39,46,46],"current_hp_per_floor":[75,75,60,60,60,60,57,57,57,49,49,47,47,47,47,33,65,75,75,75,75,75,75,75,67,67,75,75,75,75,75,75,51,69,75,75,68,68,68,68,68,46,46,46,30,30,62,39,57,0],"gold":73,"neow_bonus":"THREE_ENEMY_KILL","is_prod":false,"is_daily":false,"chose_seed":false,"campfire_upgraded":7,"win_rate":0,"timestamp":1546946908,"path_taken":["M","?","?","$","M","E","M","R","T","M","R","M","M","$","R","BOSS","M","M","?","?","$","R","$","E","T","?","R","M","?","M","R","BOSS","M","?","?","?","$","R","?","E","T","?","M","?","?","M","R","BOSS"],"build_version":"2019-01-03v4","purchased_purges":1,"victory":false,"max_hp_per_floor":[75,75,75,75,75,75,75,75,75,75,75,75,75,75,75,75,75,75,75,75,75,75,75,75,75,75,75,75,75,75,75,75,75,75,75,75,75,71,71,71,71,71,71,71,71,71,62,62,62,62],"card_choices":[{"not_picked":["Sweeping Beam","Hello World"],"picked":"Conserve Battery","floor":1.0},{"not_picked":["Go for the Eyes","Cold Snap"],"picked":"Coolheaded","floor":5.0},{"not_picked":["Steam Power","Skim"],"picked":"Coolheaded","floor":6.0},{"not_picked":["Heatsinks","Steam"],"picked":"Hologram","floor":7},{"not_picked":["Streamline","Barrage"],"picked":"Steam","floor":10},{"not_picked":["Doom and Gloom","Barrage"],"picked":"Cold Snap","floor":12},{"not_picked":["Tempest","Storm"],"picked":"Fission","floor":13},{"not_picked":["All For One","Creative AI"],"picked":"Rainbow","floor":16},{"not_picked":["Conserve Battery","Redo"],"picked":"Hologram+1","floor":18},{"not_picked":["Barrage+1","Loop","Gash"],"picked":"SKIP","floor":19},{"not_picked":["Go for the Eyes","Static Discharge","Conserve Battery"],"picked":"SKIP","floor":25},{"not_picked":["Reboot","Beam Cell"],"picked":"Compile Driver","floor":27},{"not_picked":["Turbo","Gash"],"picked":"Cold Snap","floor":29},{"not_picked":["Aggregate+1","Darkness"],"picked":"Undo+1","floor":31},{"not_picked":["Creative AI","Amplify"],"picked":"Seek","floor":33},{"not_picked":["Conserve Battery+1","Consume"],"picked":"Blizzard","floor":35},{"not_picked":["Rebound","Streamline+1"],"picked":"Leap+1","floor":37},{"not_picked":["Beam Cell","Compile Driver"],"picked":"Leap+1","floor":42},{"not_picked":["Rebound","Turbo","Sweeping Beam+1"],"picked":"SKIP","floor":45},{"not_picked":["Ball Lightning+1","Streamline"],"picked":"Leap+1","floor":48}],"player_experience":127325,"relics_obtained":[{"floor":6.0,"key":"War Paint"},{"floor":9,"key":"Potion Belt"},{"floor":25,"key":"Shuriken"},{"floor":26,"key":"Omamori"},{"floor":41,"key":"Shovel"},{"floor":42,"key":"MawBank"},{"floor":43,"key":"Bottled Flame"}],"event_choices":[{"cards_removed":["Strike_B"],"damage_healed":0.0,"max_hp_gain":0.0,"max_hp_loss":0.0,"gold_gain":0.0,"event_name":"The Cleric","player_choice":"Card Removal","floor":2.0,"gold_loss":50.0,"damage_taken":0.0},{"damage_healed":0.0,"max_hp_gain":0.0,"max_hp_loss":0.0,"gold_gain":0.0,"event_name":"Shining Light","player_choice":"Entered Light","floor":3.0,"gold_loss":0.0,"damage_taken":15.0,"cards_upgraded":["Defend_B","Conserve Battery"]},{"damage_healed":0,"gold_gain":0,"player_choice":"Inject Mutagens","damage_taken":0,"relics_obtained":["MutagenicStrength"],"max_hp_gain":0,"max_hp_loss":0,"event_name":"Drug Dealer","floor":20,"gold_loss":0},{"damage_healed":0,"gold_gain":250,"player_choice":"Bet on Owner","damage_taken":0,"max_hp_gain":0,"max_hp_loss":0,"event_name":"The Joust","floor":21,"gold_loss":50},{"cards_removed":["Defend_B"],"damage_healed":0,"gold_gain":0,"player_choice":"Gave Gold","damage_taken":0,"max_hp_gain":0,"max_hp_loss":0,"event_name":"Beggar","floor":30,"gold_loss":75},{"damage_healed":0,"gold_gain":0,"player_choice":"Upgraded","damage_taken":0,"max_hp_gain":0,"max_hp_loss":0,"event_name":"Upgrade Shrine","floor":36,"gold_loss":0,"cards_upgraded":["Blizzard"]},{"damage_healed":0,"gold_gain":0,"player_choice":"Max HP","damage_taken":0,"max_hp_gain":0,"max_hp_loss":4,"event_name":"Winding Halls","floor":38,"gold_loss":0},{"cards_removed":["Cold Snap"],"damage_healed":0,"gold_gain":0,"player_choice":"Removed Attack","damage_taken":0,"max_hp_gain":0,"max_hp_loss":0,"event_name":"Falling","floor":44,"gold_loss":0},{"damage_healed":62,"gold_gain":0,"player_choice":"Heal","damage_taken":0,"max_hp_gain":0,"max_hp_loss":9,"event_name":"The Moai Head","floor":47,"gold_loss":0}],"is_beta":false,"boss_relics":[{"not_picked":["Coffee Dripper","Snecko Eye"],"picked":"Astrolabe"},{"not_picked":["White Beast Statue","FrozenCore"],"picked":"Nuclear Battery"}],"items_purged_floors":[22],"is_endless":false,"potions_floor_spawned":[7,10,12,25,29,31,35],"killed_by":"Time Eater","ascension_level":5}