{"gold_per_floor":[114,189,189,189,201,201,221,221,221,241,12,22,54,66,66,66],"floor_reached":16,"playtime":321,"items_purged":[],"score":204,"play_id":"81642a53-021f-4014-8d13-dba4c03942ae","local_time":"20190814174302","is_ascension_mode":true,"campfire_choices":[{"data":"Hemokinesis","floor":6.0,"key":"SMITH"},{"data":"Pommel Strike","floor":8.0,"key":"SMITH"},{"data":"Body Slam","floor":15.0,"key":"SMITH"}],"neow_cost":"NONE","seed_source_timestamp":957037163542600,"circlet_count":0,"master_deck":["AscendersBane","Strike_R","Strike_R","Strike_R","Strike_R","Strike_R","Defend_R","Defend_R","Defend_R","Defend_R","Bash","Corruption+1","Hemokinesis+1","Pommel Strike+1","Iron Wave","Ghostly Armor","Shockwave","Body Slam+1"],"special_seed":0,"relics":["Burning Blood","NeowsBlessing","Meat on the Bone","Omamori","Shuriken"],"potions_floor_usage":[],"damage_taken":[{"damage":0.0,"enemies":"Small Slimes","floor":1.0,"turns":1.0},{"damage":0.0,"enemies":"Jaw Worm","floor":5.0,"turns":1.0},{"damage":0.0,"enemies":"Cultist","floor":7.0,"turns":1.0},{"damage":23.0,"enemies":"3 Louse","floor":10.0,"turns":3.0},{"damage":1.0,"enemies":"Lots of Slimes","floor":12.0,"turns":3.0},{"damage":32.0,"enemies":"3 Sentries","floor":13.0,"turns":8.0},{"damage":2.0,"enemies":"Large Slime","floor":14.0,"turns":4.0},{"damage":56,"enemies":"The Guardian","floor":16,"turns":6}],"seed_played":"-5238888570986475393","potions_obtained":[{"floor":1.0,"key":"Explosive Potion"},{"floor":4.0,"key":"GamblersBrew"}],"is_trial":false,"path_per_floor":["M","?","?","?","M","R","M","R","T","M","$","M","E","M","R","B"],"character_chosen":"IRONCLAD","items_purchased":["Omamori","Strength Potion"],"campfire_rested":0,"item_purchase_floors":[11,11],"current_hp_per_floor":[74,63,63,63,69,69,75,75,75,58,58,63,49,53,53,0],"gold":66,"neow_bonus":"THREE_ENEMY_KILL","is_prod":false,"is_daily":false,"chose_seed":false,"campfire_upgraded":3,"win_rate":0,"timestamp":1565829782,"path_taken":["M","?","?","?","?","R","M","R","T","M","$","M","E","M","R","BOSS"],"build_version":"2019-07-17","purchased_purges":0,"victory":false,"max_hp_per_floor":[75,75,75,75,75,75,75,75,75,75,75,75,75,75,75,75],"card_choices":[{"not_picked":["Shockwave","Armaments"],"picked":"Corruption","floor":1.0},{"not_picked":["Body Slam","True Grit"],"picked":"Hemokinesis","floor":5.0},{"not_picked":["Armaments","Dual Wield"],"picked":"Pommel Strike","floor":7.0},{"not_picked":["Fire Breathing","Iron Wave","Wild Strike"],"picked":"SKIP","floor":10.0},{"not_picked":["Fire Breathing","Wild Strike"],"picked":"Iron Wave","floor":10.0},{"not_picked":["Cleave","Limit Break"],"picked":"Ghostly Armor","floor":12.0},{"not_picked":["Twin Strike","Fire Breathing"],"picked":"Shockwave","floor":13.0},{"not_picked":["Ghostly Armor","Pommel Strike"],"picked":"Body Slam","floor":14.0}],"player_experience":790524,"relics_obtained":[{"floor":9.0,"key":"Meat on the Bone"},{"floor":13.0,"key":"Shuriken"}],"event_choices":[{"damage_healed":0.0,"max_hp_gain":0.0,"max_hp_loss":0.0,"gold_gain":75.0,"event_name":"World of Goop","player_choice":"Gather Gold","floor":2.0,"gold_loss":0.0,"damage_taken":11.0},{"damage_healed":0.0,"max_hp_gain":0.0,"max_hp_loss":0.0,"gold_gain":0.0,"event_name":"Living Wall","player_choice":"Grow","floor":3.0,"gold_loss":0.0,"damage_taken":0.0,"cards_upgraded":["Corruption"]},{"damage_healed":0.0,"max_hp_gain":0.0,"max_hp_loss":0.0,"gold_gain":0.0,"event_name":"Lab","player_choice":"Got Potions","floor":4.0,"gold_loss":0.0,"damage_taken":0.0}],"is_beta":false,"boss_relics":[],"items_purged_floors":[],"is_endless":false,"potions_floor_spawned":[1,7],"killed_by":"The Guardian","ascension_level":20}