{"gold_per_floor":[118,118,133,153,153,153,56,56,56,70,70,84,102,102,102,201,201,213,226,226,83,94,94,109,109,162,173,173,192,211,231,231,332,332,351,351,368,468,488,499,499,499],"floor_reached":42,"playtime":3079,"items_purged":["Strike_R"],"score":396,"play_id":"257621ac-413b-4325-9083-a83afdaeffa1","local_time":"20190908233228","is_ascension_mode":false,"campfire_choices":[{"data":"Bloodletting","floor":6,"key":"SMITH"},{"data":"Armaments","floor":8,"key":"SMITH"},{"data":"Rupture","floor":11,"key":"SMITH"},{"floor":15,"key":"REST"},{"floor":23,"key":"REST"},{"floor":25,"key":"REST"},{"floor":32,"key":"REST"},{"floor":41,"key":"REST"}],"neow_cost":"NONE","seed_source_timestamp":6179096074100,"circlet_count":0,"master_deck":["Strike_R","Defend_R","Defend_R","Defend_R","Defend_R","Bash","Pommel Strike","Metallicize","Bloodletting+1","Armaments+1","Rupture+1","Hemokinesis","Battle Trance","Double Tap","Flex","Reaper+1","Corruption+1","Seeing Red","Headbutt","Rampage+1","Armaments+1","Inflame+1","Shrug It Off","Ghostly Armor"],"relics":["Burning Blood","NeowsBlessing","Frozen Egg 2","Runic Cube","Centennial Puzzle","Mark of Pain"],"potions_floor_usage":[16,16,16,24,27,30,33],"damage_taken":[{"damage":0,"enemies":"2 Louse","floor":1,"turns":1},{"damage":0,"enemies":"Cultist","floor":3,"turns":1},{"damage":0,"enemies":"Small Slimes","floor":4,"turns":1},{"damage":22,"enemies":"Exordium Thugs","floor":10,"turns":7},{"damage":6,"enemies":"Blue Slaver","floor":12,"turns":3},{"damage":6,"enemies":"3 Louse","floor":13,"turns":3},{"damage":18,"enemies":"The Guardian","floor":16,"turns":6},{"damage":35,"enemies":"3 Byrds","floor":18,"turns":5},{"damage":23,"enemies":"Chosen","floor":19,"turns":5},{"damage":39,"enemies":"Centurion and Healer","floor":22,"turns":5},{"damage":22,"enemies":"Snake Plant","floor":24,"turns":5},{"damage":11,"enemies":"3 Cultists","floor":27,"turns":5},{"damage":12,"enemies":"Centurion and Healer","floor":29,"turns":6},{"damage":15,"enemies":"Shelled Parasite and Fungi","floor":30,"turns":4},{"damage":21,"enemies":"3 Cultists","floor":31,"turns":4},{"damage":74,"enemies":"Champ","floor":33,"turns":8},{"damage":29,"enemies":"3 Darklings","floor":35,"turns":5},{"damage":33,"enemies":"3 Shapes","floor":37,"turns":5},{"damage":64,"enemies":"Jaw Worm Horde","floor":39,"turns":5},{"damage":13,"enemies":"Transient","floor":40,"turns":5}],"seed_played":"1657508443777274104","potions_obtained":[{"floor":1,"key":"PowerPotion"},{"floor":10,"key":"SkillPotion"},{"floor":16,"key":"Fruit Juice"},{"floor":19,"key":"SpeedPotion"},{"floor":24,"key":"Energy Potion"},{"floor":27,"key":"AttackPotion"},{"floor":31,"key":"Dexterity Potion"}],"is_trial":false,"path_per_floor":["M","?","M","M","?","R","$","R","T","M","R","M","M","?","R","B",null,"M","M","?","$","M","R","M","R","T","M","?","M","M","M","R","B",null,"M","?","M","?","M","M","R","M"],"character_chosen":"IRONCLAD","items_purchased":["Armaments","Rupture","Corruption+1"],"campfire_rested":5,"item_purchase_floors":[7,7,21],"current_hp_per_floor":[80,80,80,80,80,80,80,80,80,64,64,64,64,57,80,73,85,56,39,39,39,16,41,36,61,61,71,71,85,76,77,85,35,85,70,70,54,54,14,27,52,0],"gold":499,"neow_bonus":"THREE_ENEMY_KILL","is_prod":false,"is_daily":false,"chose_seed":false,"campfire_upgraded":3,"win_rate":0,"timestamp":1567956748,"path_taken":["M","?","M","?","?","R","?","R","T","M","R","M","M","?","R","BOSS","M","M","?","$","M","R","M","R","T","?","?","M","M","?","R","BOSS","M","?","M","?","M","M","R","?"],"build_version":"2019-07-17","purchased_purges":1,"victory":false,"max_hp_per_floor":[80,80,80,80,80,80,80,80,80,80,80,80,80,80,80,85,85,85,85,85,85,85,85,85,85,85,85,85,85,85,85,85,85,85,85,85,85,85,85,85,85,85],"card_choices":[{"not_picked":["Perfected Strike","Anger"],"picked":"Pommel Strike","floor":1},{"not_picked":["Heavy Blade","Twin Strike"],"picked":"Metallicize","floor":3},{"not_picked":["Anger","Pommel Strike"],"picked":"Bloodletting","floor":4},{"not_picked":["Flame Barrier","True Grit"],"picked":"Hemokinesis","floor":10},{"not_picked":["Warcry","Clothesline"],"picked":"Battle Trance","floor":12},{"not_picked":["Sentinel","Body Slam","Fiend Fire"],"picked":"SKIP","floor":13},{"not_picked":["Impervious","Fiend Fire"],"picked":"Double Tap","floor":16},{"not_picked":["Sword Boomerang","Clothesline+1"],"picked":"Flex","floor":18},{"not_picked":["Shrug It Off","Flex"],"picked":"Reaper","floor":19},{"not_picked":["Cleave","True Grit"],"picked":"Seeing Red","floor":22},{"not_picked":["Infernal Blade","Iron Wave"],"picked":"Headbutt","floor":24},{"not_picked":["Bloodletting","Havoc"],"picked":"Rampage+1","floor":27},{"not_picked":["Hemokinesis","Carnage"],"picked":"Armaments+1","floor":29},{"not_picked":["Wild Strike","Disarm+1"],"picked":"Inflame+1","floor":30},{"not_picked":["Wild Strike+1","Corruption+1","Body Slam"],"picked":"SKIP","floor":31},{"not_picked":["Power Through","Cleave+1","Heavy Blade"],"picked":"SKIP","floor":35},{"not_picked":["Pommel Strike+1","Headbutt+1"],"picked":"Shrug It Off","floor":37},{"not_picked":["Pommel Strike","Whirlwind","Clash+1"],"picked":"SKIP","floor":39},{"not_picked":["Thunderclap","Body Slam"],"picked":"Ghostly Armor","floor":40}],"player_experience":336114,"relics_obtained":[{"floor":9,"key":"Frozen Egg 2"},{"floor":26,"key":"Centennial Puzzle"}],"event_choices":[{"damage_healed":0,"gold_gain":0,"player_choice":"0 cards matched","damage_taken":0,"max_hp_gain":0,"max_hp_loss":0,"event_name":"Match and Keep!","floor":2,"gold_loss":0,"cards_obtained":[]},{"cards_removed":["Strike_R"],"damage_healed":0,"gold_gain":0,"player_choice":"Purged","damage_taken":0,"max_hp_gain":0,"max_hp_loss":0,"event_name":"Purifier","floor":5,"gold_loss":0},{"cards_removed":["Strike_R"],"damage_healed":0,"gold_gain":0,"player_choice":"Card Removal","damage_taken":7,"max_hp_gain":0,"max_hp_loss":0,"event_name":"Golden Wing","floor":14,"gold_loss":0},{"damage_healed":0,"gold_gain":0,"player_choice":"Upgraded","damage_taken":0,"max_hp_gain":0,"max_hp_loss":0,"event_name":"Upgrade Shrine","floor":20,"gold_loss":0,"cards_upgraded":["Reaper"]},{"damage_healed":0,"gold_gain":0,"cards_transformed":["Strike_R"],"player_choice":"Transformed","damage_taken":0,"max_hp_gain":0,"max_hp_loss":0,"event_name":"Transmorgrifier","floor":28,"gold_loss":0,"cards_obtained":["Iron Wave"]},{"cards_removed":["Iron Wave"],"damage_healed":0,"gold_gain":0,"player_choice":"Removed Attack","damage_taken":0,"max_hp_gain":0,"max_hp_loss":0,"event_name":"Falling","floor":36,"gold_loss":0},{"damage_healed":0,"gold_gain":100,"player_choice":"Pray","damage_taken":0,"max_hp_gain":0,"max_hp_loss":0,"event_name":"Golden Shrine","floor":38,"gold_loss":0}],"is_beta":false,"boss_relics":[{"not_picked":["White Beast Statue","Black Star"],"picked":"Runic Cube"},{"not_picked":["Empty Cage","Coffee Dripper"],"picked":"Mark of Pain"}],"items_purged_floors":[21],"is_endless":false,"potions_floor_spawned":[1,10,16,19,24,27,31],"killed_by":"Sphere and 2 Shapes","ascension_level":0}