{"gold_per_floor":[217,292,0,0,17,17,29,56,83,83,28,58,58,75,75,146,146,166,2,2,13,23,23,39,49,49,49,69,88,88,101,101,101],"floor_reached":33,"playtime":1649,"items_purged":["Strike_R"],"score":518,"play_id":"fdc04c1c-3cac-4def-a19b-e233af98e4b2","local_time":"20190611151820","is_ascension_mode":true,"campfire_choices":[{"data":"Heavy Blade","floor":6.0,"key":"SMITH"},{"data":"Power Through","floor":10.0,"key":"SMITH"},{"floor":15.0,"key":"REST"},{"floor":23.0,"key":"REST"},{"data":"Flame Barrier","floor":30.0,"key":"SMITH"},{"floor":32.0,"key":"REST"}],"neow_cost":"NONE","seed_source_timestamp":143998963571700,"circlet_count":0,"master_deck":["AscendersBane","Strike_R","Strike_R+1","Strike_R","Defend_R+1","Defend_R","Defend_R","Defend_R","Bash","Spot Weakness+1","Wild Strike","Heavy Blade+1","Headbutt","Power Through+1","Cleave","Flame Barrier+1","Double Tap","Evolve","Wild Strike","Sword Boomerang","Power Through"],"special_seed":0,"relics":["Burning Blood","Ancient Tea Set","Anchor","FossilizedHelix","Pen Nib","Orichalcum","Empty Cage","Bronze Scales","Enchiridion","Calipers"],"potions_floor_usage":[33],"damage_taken":[{"damage":6.0,"enemies":"Small Slimes","floor":1.0,"turns":5.0},{"damage":2.0,"enemies":"2 Louse","floor":5.0,"turns":4.0},{"damage":2.0,"enemies":"Jaw Worm","floor":7.0,"turns":2.0},{"damage":38.0,"enemies":"Lagavulin","floor":8.0,"turns":4.0},{"damage":14.0,"enemies":"3 Sentries","floor":12.0,"turns":9.0},{"damage":0.0,"enemies":"Looter","floor":14.0,"turns":3.0},{"damage":25.0,"enemies":"The Guardian","floor":16.0,"turns":10.0},{"damage":0.0,"enemies":"3 Byrds","floor":18.0,"turns":4.0},{"damage":13.0,"enemies":"Shell Parasite","floor":21.0,"turns":5.0},{"damage":27.0,"enemies":"Shelled Parasite and Fungi","floor":22.0,"turns":8.0},{"damage":0.0,"enemies":"Snake Plant","floor":24.0,"turns":2.0},{"damage":20.0,"enemies":"Cultist and Chosen","floor":25.0,"turns":9.0},{"damage":0.0,"enemies":"Snecko","floor":28.0,"turns":5.0},{"damage":0.0,"enemies":"Sentry and Sphere","floor":29.0,"turns":9.0},{"damage":28.0,"enemies":"Cultist and Chosen","floor":31.0,"turns":9.0},{"damage":64,"enemies":"Automaton","floor":33,"turns":8}],"seed_played":"-79064288500374113","potions_obtained":[{"floor":1.0,"key":"SpeedPotion"},{"floor":7.0,"key":"Ancient Potion"},{"floor":14.0,"key":"Weak Potion"},{"floor":24.0,"key":"Poison Potion"},{"floor":25.0,"key":"BloodPotion"},{"floor":29.0,"key":"AttackPotion"}],"is_trial":false,"path_per_floor":["M","?","$","?","M","R","M","E","T","R","$","E","?","M","R","B",null,"M","$","?","M","M","R","M","M","T","?","M","M","R","M","R","B"],"character_chosen":"IRONCLAD","items_purchased":["Ancient Tea Set","Wild Strike","Cleave","Bronze Scales"],"campfire_rested":3,"item_purchase_floors":[3,3,11,19],"current_hp_per_floor":[68,57,57,57,61,61,65,33,33,33,33,25,2,8,30,11,59,65,65,44,37,16,38,44,30,30,30,43,49,49,27,49,0],"gold":101,"neow_bonus":"HUNDRED_GOLD","is_prod":false,"is_daily":false,"chose_seed":false,"campfire_upgraded":3,"win_rate":0,"timestamp":1560280700,"path_taken":["M","?","$","?","M","R","M","E","T","R","?","E","?","?","R","BOSS","M","$","?","M","M","R","M","M","T","?","M","?","R","M","R","BOSS"],"build_version":"2019-01-23","purchased_purges":1,"victory":false,"max_hp_per_floor":[75,75,75,75,75,75,75,75,75,75,75,75,75,75,75,75,75,75,75,75,75,75,75,75,75,75,75,75,75,75,75,75,75],"card_choices":[{"not_picked":["Blood for Blood","Second Wind"],"picked":"Spot Weakness","floor":1.0},{"not_picked":["Second Wind","Spot Weakness"],"picked":"Heavy Blade","floor":5.0},{"not_picked":["Blood for Blood","Flame Barrier"],"picked":"Headbutt","floor":7.0},{"not_picked":["Corruption","Clash"],"picked":"Power Through","floor":8.0},{"not_picked":["Clothesline","Body Slam"],"picked":"Flame Barrier","floor":12.0},{"not_picked":["Armaments","Burning Pact","Sentinel"],"picked":"SKIP","floor":14.0},{"not_picked":["Impervious","Bludgeon"],"picked":"Double Tap","floor":16.0},{"not_picked":["Heavy Blade","Dual Wield"],"picked":"Evolve","floor":18.0},{"not_picked":["Iron Wave","Warcry"],"picked":"Wild Strike","floor":21.0},{"not_picked":["Blood for Blood","Flex"],"picked":"Sword Boomerang","floor":22.0},{"not_picked":["Heavy Blade","Body Slam","Cleave"],"picked":"SKIP","floor":24.0},{"not_picked":["Body Slam+1","Brutality"],"picked":"Power Through","floor":25.0},{"not_picked":["Twin Strike","Anger","Fire Breathing"],"picked":"SKIP","floor":28.0},{"not_picked":["Warcry","Pummel","Rage"],"picked":"SKIP","floor":29.0},{"not_picked":["Burning Pact","Intimidate","Twin Strike"],"picked":"SKIP","floor":31.0}],"player_experience":762100,"relics_obtained":[{"floor":8.0,"key":"FossilizedHelix"},{"floor":9.0,"key":"Pen Nib"},{"floor":12.0,"key":"Orichalcum"},{"floor":20.0,"key":"Enchiridion"},{"floor":26.0,"key":"Calipers"}],"event_choices":[{"damage_healed":0.0,"max_hp_gain":0.0,"max_hp_loss":0.0,"gold_gain":75.0,"event_name":"World of Goop","player_choice":"Gather Gold","floor":2.0,"gold_loss":0.0,"damage_taken":11.0},{"damage_healed":0.0,"max_hp_gain":0.0,"max_hp_loss":0.0,"gold_gain":0.0,"event_name":"Big Fish","player_choice":"Box","floor":4.0,"gold_loss":0.0,"damage_taken":0.0,"relics_obtained":["Anchor"],"cards_obtained":["Regret"]},{"damage_healed":0.0,"max_hp_gain":0.0,"max_hp_loss":0.0,"gold_gain":0.0,"event_name":"Shining Light","player_choice":"Entered Light","floor":13.0,"gold_loss":0.0,"damage_taken":23.0,"cards_upgraded":["Strike_R","Defend_R"]},{"damage_healed":0.0,"max_hp_gain":0.0,"max_hp_loss":0.0,"gold_gain":0.0,"event_name":"Cursed Tome","player_choice":"Obtained Book","floor":20.0,"gold_loss":0.0,"damage_taken":21.0},{"damage_healed":0.0,"max_hp_gain":0.0,"max_hp_loss":0.0,"gold_gain":0.0,"event_name":"Accursed Blacksmith","player_choice":"Forge","floor":27.0,"gold_loss":0.0,"damage_taken":0.0,"cards_upgraded":["Spot Weakness"]}],"is_beta":false,"boss_relics":[{"not_picked":["Calling Bell","Orrery"],"picked":"Empty Cage"}],"items_purged_floors":[3],"is_endless":false,"potions_floor_spawned":[1,7,14,24,25,29],"killed_by":"Automaton","ascension_level":20}