{"gold_per_floor":[111,18,18,36,36,67,67,67,136,151,166,181,181,210,210,306,306,322,166,179,194,18,49,49,78,78,104,123,123,137,137,137,242,242,257,268,24,36,50,50,0,18,18,35,61,61,80,80,80,80],"floor_reached":51,"playtime":4173,"items_purged":["Strike_G","Strike_G"],"score":813,"play_id":"4c4e7609-8dd4-4394-900b-e3b7a4813c01","local_time":"20190820135217","is_ascension_mode":true,"campfire_choices":[{"data":"Footwork","floor":7,"key":"SMITH"},{"data":"Defend_G","floor":13,"key":"SMITH"},{"data":"Defend_G","floor":15,"key":"SMITH"},{"data":"Mayhem","floor":24,"key":"SMITH"},{"data":"Footwork","floor":29,"key":"SMITH"},{"data":"Leg Sweep","floor":32,"key":"SMITH"},{"data":"Leg Sweep","floor":40,"key":"SMITH"},{"data":"Footwork","floor":46,"key":"SMITH"},{"data":"Bouncing Flask","floor":49,"key":"SMITH"}],"neow_cost":"NONE","seed_source_timestamp":159548456396583,"circlet_count":0,"master_deck":["Strike_G","Strike_G","Defend_G+1","Defend_G+1","Defend_G+1","Defend_G","Defend_G","Survivor","Neutralize","Noxious Fumes+1","Bane","Footwork+1","Dash","Bouncing Flask+1","Crippling Poison","Leg Sweep+1","Leg Sweep+1","Adrenaline","Footwork+1","Deadly Poison+1","Mayhem+1","Bullet Time","Parasite","Catalyst+1","Footwork+1","Adrenaline","Escape Plan+1","Doubt"],"relics":["Ring of the Snake","Potion Belt","Pantograph","Bag of Marbles","Eternal Feather","Shuriken","Blue Candle","Darkstone Periapt","Meat on the Bone","Coffee Dripper","Membership Card","Red Mask","Art of War","Ornamental Fan"],"potions_floor_usage":[16,16,33,33,33,36,39,42,42],"damage_taken":[{"damage":4,"enemies":"Jaw Worm","floor":1,"turns":6},{"damage":0,"enemies":"Cultist","floor":4,"turns":4},{"damage":18,"enemies":"3 Sentries","floor":6,"turns":7},{"damage":0,"enemies":"2 Louse","floor":10,"turns":3},{"damage":3,"enemies":"Exordium Thugs","floor":11,"turns":5},{"damage":9,"enemies":"Lots of Slimes","floor":12,"turns":3},{"damage":10,"enemies":"Lagavulin","floor":14,"turns":6},{"damage":2,"enemies":"Hexaghost","floor":16,"turns":8},{"damage":1,"enemies":"Shell Parasite","floor":18,"turns":6},{"damage":5,"enemies":"Spheric Guardian","floor":20,"turns":5},{"damage":2,"enemies":"3 Cultists","floor":21,"turns":6},{"damage":9,"enemies":"Book of Stabbing","floor":23,"turns":7},{"damage":0,"enemies":"Gremlin Leader","floor":25,"turns":8},{"damage":26,"enemies":"Slavers","floor":27,"turns":7},{"damage":23,"enemies":"Cultist and Chosen","floor":28,"turns":8},{"damage":6,"enemies":"Centurion and Healer","floor":30,"turns":6},{"damage":40,"enemies":"Collector","floor":33,"turns":10},{"damage":0,"enemies":"3 Darklings","floor":35,"turns":6},{"damage":42,"enemies":"3 Shapes","floor":36,"turns":6},{"damage":0,"enemies":"Writhing Mass","floor":38,"turns":7},{"damage":42,"enemies":"4 Shapes","floor":39,"turns":8},{"damage":4,"enemies":"Sphere and 2 Shapes","floor":42,"turns":4},{"damage":4,"enemies":"Jaw Worm Horde","floor":44,"turns":7},{"damage":0,"enemies":"Giant Head","floor":45,"turns":9},{"damage":12,"enemies":"3 Darklings","floor":47,"turns":9},{"damage":12,"enemies":"Time Eater","floor":50,"turns":16}],"seed_played":"5753791855270996143","potions_obtained":[{"floor":10,"key":"SkillPotion"},{"floor":11,"key":"Block Potion"},{"floor":16,"key":"LiquidBronze"},{"floor":20,"key":"GamblersBrew"},{"floor":21,"key":"Ancient Potion"},{"floor":27,"key":"Swift Potion"},{"floor":28,"key":"SteroidPotion"},{"floor":33,"key":"Block Potion"},{"floor":35,"key":"Weak Potion"},{"floor":38,"key":"GhostInAJar"},{"floor":42,"key":"Strength Potion"},{"floor":47,"key":"GhostInAJar"}],"is_trial":false,"path_per_floor":["M","$","?","M","$","E","R","?","T","M","M","M","R","E","R","B",null,"M","$","M","M","$","E","R","E","T","E","M","R","M","?","R","B",null,"M","M","$","M","M","R","?","M","T","M","E","R","M","?","R","B",null],"character_chosen":"THE_SILENT","items_purchased":["Bane","Footwork","Footwork","Mayhem","Membership Card"],"campfire_rested":0,"item_purchase_floors":[2,2,19,22,37],"current_hp_per_floor":[66,66,66,66,66,48,48,48,48,48,45,36,36,26,26,49,70,69,69,64,62,62,53,65,65,65,39,28,40,46,69,70,42,70,70,40,40,46,16,28,28,36,36,44,44,59,47,82,82,70],"gold":80,"neow_bonus":"UPGRADE_CARD","is_prod":false,"is_daily":false,"chose_seed":false,"campfire_upgraded":9,"win_rate":0,"timestamp":1566289337,"path_taken":["M","$","?","?","?","E","R","?","T","M","?","M","R","E","R","BOSS","M","$","M","M","$","E","R","E","T","E","?","R","M","?","R","BOSS","M","M","$","M","M","R","?","M","T","M","E","R","M","?","R","BOSS"],"build_version":"2019-07-17","purchased_purges":2,"victory":true,"max_hp_per_floor":[70,70,70,70,70,70,70,70,70,70,70,70,70,70,70,70,70,70,70,70,70,70,70,70,70,70,70,70,70,70,70,70,70,70,70,70,70,76,76,76,76,76,76,76,76,76,76,82,82,82],"card_choices":[{"not_picked":["Bane","Blur"],"picked":"Noxious Fumes","floor":1},{"not_picked":["Backflip","Setup","Choke"],"picked":"SKIP","floor":4},{"not_picked":["Cloak And Dagger","Endless Agony"],"picked":"Dash","floor":6},{"not_picked":["Skewer","Dagger Throw"],"picked":"Bouncing Flask","floor":10},{"not_picked":["Acrobatics","Dagger Throw"],"picked":"Crippling Poison","floor":11},{"not_picked":["Accuracy","Acrobatics"],"picked":"Leg Sweep","floor":12},{"not_picked":["Infinite Blades","Crippling Poison"],"picked":"Leg Sweep","floor":14},{"not_picked":["Wraith Form v2","A Thousand Cuts"],"picked":"Adrenaline","floor":16},{"not_picked":["Underhanded Strike","Terror+1","Outmaneuver"],"picked":"SKIP","floor":18},{"not_picked":["Sucker Punch","Underhanded Strike","Reflex"],"picked":"SKIP","floor":20},{"not_picked":["Dagger Throw","Blade Dance+1"],"picked":"Deadly Poison+1","floor":21},{"not_picked":["All Out Attack","Envenom","Heel Hook"],"picked":"SKIP","floor":23},{"not_picked":["Reflex","Sucker Punch","Leg Sweep"],"picked":"SKIP","floor":25},{"not_picked":["Bane","Setup+1","Acrobatics"],"picked":"SKIP","floor":27},{"not_picked":["Flechettes","Blade Dance","Dagger Throw+1"],"picked":"SKIP","floor":28},{"not_picked":["Heel Hook","Deadly Poison+1","Glass Knife"],"picked":"SKIP","floor":30},{"not_picked":["Venomology","Phantasmal Killer"],"picked":"Bullet Time","floor":33},{"not_picked":["Concentrate","Infinite Blades+1","Deflect"],"picked":"SKIP","floor":35},{"not_picked":["PiercingWail","Backstab+1","Quick Slash"],"picked":"SKIP","floor":36},{"not_picked":["PiercingWail+1","Slice+1"],"picked":"Catalyst+1","floor":38},{"not_picked":["Bane","Finisher+1","Deadly Poison"],"picked":"SKIP","floor":39},{"not_picked":["Backflip+1","Deflect"],"picked":"Footwork","floor":42},{"not_picked":["Tactician","Well Laid Plans+1"],"picked":"Adrenaline","floor":44},{"not_picked":["Tactician","Blade Dance+1","Distraction"],"picked":"SKIP","floor":45},{"not_picked":["Blade Dance","Endless Agony"],"picked":"Escape Plan+1","floor":47}],"player_experience":179374,"relics_obtained":[{"floor":6,"key":"Potion Belt"},{"floor":9,"key":"Pantograph"},{"floor":14,"key":"Bag of Marbles"},{"floor":23,"key":"Shuriken"},{"floor":25,"key":"Blue Candle"},{"floor":26,"key":"Darkstone Periapt"},{"floor":27,"key":"Meat on the Bone"},{"floor":43,"key":"Art of War"},{"floor":45,"key":"Ornamental Fan"}],"event_choices":[{"damage_healed":0,"gold_gain":0,"player_choice":"Forge","damage_taken":0,"max_hp_gain":0,"max_hp_loss":0,"event_name":"Accursed Blacksmith","floor":3,"gold_loss":0,"cards_upgraded":["Noxious Fumes"]},{"cards_removed":["Strike_G"],"damage_healed":0,"gold_gain":0,"player_choice":"Forget","damage_taken":0,"max_hp_gain":0,"max_hp_loss":0,"event_name":"Living Wall","floor":8,"gold_loss":0},{"damage_healed":23,"gold_gain":0,"player_choice":"Heal","damage_taken":0,"max_hp_gain":0,"max_hp_loss":0,"event_name":"The Library","floor":31,"gold_loss":0},{"damage_healed":0,"gold_gain":0,"player_choice":"Paid","damage_taken":0,"relics_obtained":["Red Mask"],"max_hp_gain":0,"max_hp_loss":0,"event_name":"Tomb of Lord Red Mask","floor":41,"gold_loss":50},{"damage_healed":29,"gold_gain":0,"player_choice":"Heal","damage_taken":0,"max_hp_gain":0,"max_hp_loss":0,"event_name":"MindBloom","floor":48,"gold_loss":0,"cards_obtained":["Doubt"]}],"is_beta":false,"boss_relics":[{"not_picked":["Ring of the Serpent","Busted Crown"],"picked":"Eternal Feather"},{"not_picked":["Velvet Choker","Astrolabe"],"picked":"Coffee Dripper"}],"items_purged_floors":[19,37],"is_endless":false,"potions_floor_spawned":[10,11,16,20,21,27,28,33,35,38,42,47],"ascension_level":1}