{"gold_per_floor":[415,415,93,93,112,140,140,166,191,156,172,197,207,226,226,300,300,315,315,12,24,24,24,42,61,61,61,19,36,36,71,71,71],"floor_reached":33,"playtime":1040,"items_purged":["Injury"],"score":570,"play_id":"cc802221-d3d0-46fa-8e0b-3bc8ea1113a3","local_time":"20190823122741","is_ascension_mode":true,"campfire_choices":[{"data":"Rampage","floor":7,"key":"SMITH"},{"data":"Juggernaut","floor":15,"key":"SMITH"},{"data":"Battle Trance","floor":23,"key":"SMITH"},{"data":"Immolate","floor":27,"key":"SMITH"},{"data":"Shockwave","floor":30,"key":"SMITH"},{"data":"Juggernaut","floor":32,"key":"SMITH"}],"neow_cost":"CURSE","seed_source_timestamp":115717614558900,"circlet_count":0,"master_deck":["AscendersBane","Strike_R","Strike_R","Strike_R+1","Strike_R+1","Strike_R","Defend_R","Defend_R","Defend_R","Defend_R","Bash","Disarm","Rampage+1","Battle Trance+1","Cleave","Juggernaut+1","Iron Wave","Disarm","Shockwave+1","Juggernaut+1","Armaments+1","Shrug It Off","Immolate+1","Iron Wave","Anger","Headbutt","Feel No Pain"],"relics":["Burning Blood","Old Coin","Whetstone","Ornamental Fan","Question Card","Omamori","Potion Belt","Lantern","Coffee Dripper","Membership Card","Anchor","Bronze Scales","Bottled Flame"],"potions_floor_usage":[6,29,33],"damage_taken":[{"damage":7,"enemies":"Small Slimes","floor":1,"turns":5},{"damage":0,"enemies":"Cultist","floor":5,"turns":4},{"damage":26,"enemies":"3 Sentries","floor":6,"turns":9},{"damage":35,"enemies":"Gremlin Nob","floor":8,"turns":4},{"damage":2,"enemies":"Jaw Worm","floor":11,"turns":3},{"damage":23,"enemies":"3 Sentries","floor":12,"turns":7},{"damage":7,"enemies":"Blue Slaver","floor":13,"turns":4},{"damage":18,"enemies":"Large Slime","floor":14,"turns":5},{"damage":15,"enemies":"Hexaghost","floor":16,"turns":10},{"damage":13,"enemies":"3 Byrds","floor":18,"turns":5},{"damage":11,"enemies":"Spheric Guardian","floor":21,"turns":4},{"damage":5,"enemies":"Snake Plant","floor":24,"turns":5},{"damage":27,"enemies":"Cultist and Chosen","floor":25,"turns":6},{"damage":29,"enemies":"Snecko","floor":29,"turns":6},{"damage":12,"enemies":"Book of Stabbing","floor":31,"turns":5},{"damage":30,"enemies":"Collector","floor":33,"turns":2}],"seed_played":"-5507522563587481455","potions_obtained":[{"floor":2,"key":"Energy Potion"},{"floor":2,"key":"FearPotion"},{"floor":5,"key":"PowerPotion"},{"floor":6,"key":"Poison Potion"},{"floor":11,"key":"BloodPotion"},{"floor":14,"key":"Regen Potion"}],"is_trial":false,"path_per_floor":["M","?","$","T","M","E","R","E","T","?","M","E","M","M","R","B",null,"M","?","$","M","?","R","M","M","T","R","$","M","R","E","R","B"],"character_chosen":"IRONCLAD","items_purchased":["Rampage","Whetstone","Membership Card","Anchor","Anger","Headbutt"],"campfire_rested":0,"item_purchase_floors":[3,3,20,20,28,28],"current_hp_per_floor":[67,67,67,67,73,53,53,24,24,42,46,29,28,16,16,7,58,51,51,51,46,46,46,47,26,26,26,26,17,17,11,11,0],"gold":71,"neow_bonus":"ONE_RARE_RELIC","is_prod":false,"is_daily":false,"chose_seed":false,"campfire_upgraded":6,"win_rate":0,"timestamp":1566588461,"path_taken":["M","?","$","?","?","E","R","E","T","?","M","E","M","M","R","BOSS","M","?","$","M","?","R","?","M","T","R","$","M","R","E","R","BOSS"],"build_version":"2019-07-17","purchased_purges":1,"victory":false,"max_hp_per_floor":[75,75,75,75,75,75,75,75,75,75,75,75,75,75,75,75,75,75,75,75,75,75,75,75,75,75,75,75,75,75,75,75,75],"card_choices":[{"not_picked":["Rampage","Thunderclap"],"picked":"Disarm","floor":1},{"not_picked":["Inflame","Armaments"],"picked":"Battle Trance","floor":5},{"not_picked":["Reckless Charge","Warcry","Pummel"],"picked":"SKIP","floor":6},{"not_picked":["Clothesline","Hemokinesis","Warcry"],"picked":"Cleave","floor":8},{"not_picked":["Metallicize","Bloodletting","Flex"],"picked":"Juggernaut","floor":11},{"not_picked":["Pommel Strike","Intimidate","Twin Strike"],"picked":"Iron Wave","floor":12},{"not_picked":["Clothesline","Burning Pact","Thunderclap"],"picked":"Disarm","floor":13},{"not_picked":["Clothesline","Power Through","Body Slam"],"picked":"Shockwave","floor":14},{"not_picked":["Feed","Berserk","Double Tap"],"picked":"Juggernaut","floor":16},{"not_picked":["Cleave","Body Slam","Evolve"],"picked":"Armaments","floor":18},{"not_picked":["Flex","Fire Breathing+1","Perfected Strike+1"],"picked":"Shrug It Off","floor":21},{"not_picked":["Searing Blow","Battle Trance","Ghostly Armor"],"picked":"Immolate","floor":24},{"not_picked":["Clash+1","Combust","Pommel Strike"],"picked":"Iron Wave","floor":25},{"not_picked":["Metallicize","Twin Strike+1","Rupture"],"picked":"Feel No Pain","floor":29},{"not_picked":["Flex+1","Entrench","Heavy Blade","Fire Breathing"],"picked":"SKIP","floor":31}],"player_experience":814400,"relics_obtained":[{"floor":4,"key":"Ornamental Fan"},{"floor":6,"key":"Question Card"},{"floor":8,"key":"Omamori"},{"floor":9,"key":"Potion Belt"},{"floor":12,"key":"Lantern"},{"floor":26,"key":"Bronze Scales"},{"floor":31,"key":"Bottled Flame"}],"event_choices":[{"damage_healed":0,"gold_gain":0,"player_choice":"Got Potions","damage_taken":0,"max_hp_gain":0,"max_hp_loss":0,"event_name":"Lab","floor":2,"gold_loss":0},{"damage_healed":18,"gold_gain":0,"player_choice":"Healed","damage_taken":0,"max_hp_gain":0,"max_hp_loss":0,"event_name":"The Cleric","floor":10,"gold_loss":35},{"damage_healed":0,"gold_gain":0,"player_choice":"Smashed Altar","damage_taken":0,"max_hp_gain":0,"max_hp_loss":0,"event_name":"Forgotten Altar","floor":19,"gold_loss":0,"cards_obtained":["Decay"]},{"damage_healed":0,"gold_gain":0,"player_choice":"Upgraded","damage_taken":0,"max_hp_gain":0,"max_hp_loss":0,"event_name":"Upgrade Shrine","floor":22,"gold_loss":0,"cards_upgraded":["Armaments"]}],"is_beta":false,"boss_relics":[{"not_picked":["Runic Cube","Eternal Feather"],"picked":"Coffee Dripper"}],"items_purged_floors":[3],"is_endless":false,"potions_floor_spawned":[5,6,11,14,21],"killed_by":"Collector","ascension_level":20}