{"gold_per_floor":[111,127,140,150,6,6,17,17,43,43,54,72,86,105,105,200,200,212,212,230,155,155,155,173,173,173,173,206,206,86,101,101,201,201,215,315,390,11,28,28,42,42,69,79,79,98,98,116,116,116],"floor_reached":50,"playtime":5754,"items_purged":["Strike_G+1"],"score":483,"play_id":"2f9ecc55-7e5d-4a00-9388-806a2faafaf4","local_time":"20190830210344","is_ascension_mode":false,"campfire_choices":[{"data":"Bouncing Flask","floor":6,"key":"SMITH"},{"data":"Poisoned Stab","floor":8,"key":"SMITH"},{"data":"Neutralize","floor":10,"key":"SMITH"},{"data":"Outmaneuver","floor":15,"key":"SMITH"},{"floor":23,"key":"REST"},{"data":"Distraction","floor":25,"key":"SMITH"},{"data":"Tools of the Trade","floor":27,"key":"SMITH"},{"floor":29,"key":"REST"},{"floor":32,"key":"REST"},{"data":"A Thousand Cuts","floor":40,"key":"SMITH"},{"floor":45,"key":"REST"},{"data":"Noxious Fumes","floor":47,"key":"SMITH"},{"data":"Footwork","floor":49,"key":"SMITH"}],"neow_cost":"NONE","seed_source_timestamp":1218909135308100,"circlet_count":0,"master_deck":["Strike_G+1","Strike_G+1","Strike_G+1","Defend_G+1","Defend_G+1","Defend_G+1","Defend_G+1","Defend_G+1","Survivor","Neutralize+1","Poisoned Stab+1","Bouncing Flask+1","Blur","Endless Agony+1","Distraction+1","Outmaneuver+1","Well Laid Plans","Well Laid Plans","Tools of the Trade+1","Sucker Punch+1","Flying Knee+1","Poisoned Stab+1","Backflip","Footwork+1","Poisoned Stab","Finisher","A Thousand Cuts+1","Crippling Poison","Heel Hook+1","Footwork","Noxious Fumes+1","Deep Breath","PiercingWail+1","Flechettes+1","Footwork+1"],"relics":["Ring of the Snake","Lantern","Regal Pillow","Sozu","Nilry\u0027s Codex","Sundial","Whetstone","Eternal Feather","WingedGreaves","Ice Cream","Bronze Scales"],"potions_floor_usage":[16,18,33,44],"damage_taken":[{"damage":6,"enemies":"Cultist","floor":1,"turns":6},{"damage":0,"enemies":"Jaw Worm","floor":2,"turns":5},{"damage":0,"enemies":"2 Louse","floor":3,"turns":2},{"damage":2,"enemies":"Looter","floor":4,"turns":3},{"damage":0,"enemies":"2 Fungi Beasts","floor":7,"turns":3},{"damage":0,"enemies":"Exordium Wildlife","floor":11,"turns":3},{"damage":0,"enemies":"Gremlin Gang","floor":12,"turns":6},{"damage":0,"enemies":"Large Slime","floor":13,"turns":7},{"damage":0,"enemies":"2 Fungi Beasts","floor":14,"turns":3},{"damage":21,"enemies":"Hexaghost","floor":16,"turns":9},{"damage":25,"enemies":"3 Byrds","floor":18,"turns":6},{"damage":0,"enemies":"Chosen","floor":20,"turns":3},{"damage":4,"enemies":"Centurion and Healer","floor":24,"turns":7},{"damage":65,"enemies":"Slavers","floor":28,"turns":8},{"damage":0,"enemies":"3 Cultists","floor":31,"turns":4},{"damage":56,"enemies":"Automaton","floor":33,"turns":12},{"damage":9,"enemies":"3 Shapes","floor":35,"turns":8},{"damage":8,"enemies":"Mind Bloom Boss Battle","floor":36,"turns":9},{"damage":21,"enemies":"3 Darklings","floor":39,"turns":6},{"damage":33,"enemies":"Maw","floor":41,"turns":8},{"damage":0,"enemies":"Transient","floor":44,"turns":5},{"damage":13,"enemies":"Jaw Worm Horde","floor":46,"turns":4},{"damage":6,"enemies":"4 Shapes","floor":48,"turns":3},{"damage":83,"enemies":"Donu and Deca","floor":50,"turns":6}],"seed_played":"-1490957839654618753","potions_obtained":[{"floor":1,"key":"Strength Potion"},{"floor":4,"key":"Swift Potion"},{"floor":11,"key":"Weak Potion"},{"floor":12,"key":"Explosive Potion"},{"floor":16,"key":"Explosive Potion"}],"is_trial":false,"path_per_floor":["M","M","M","M","$","R","M","R","T","R","M","M","M","M","R","B",null,"M","?","M","?","?","R","M","R","T","R","E","R","$","M","R","B",null,"M","?","?","$","M","R","M","?","T","M","R","M","R","M","R","B"],"character_chosen":"THE_SILENT","items_purchased":["Lantern","Footwork","Poisoned Stab","Ice Cream"],"campfire_rested":4,"item_purchase_floors":[5,30,30,38],"current_hp_per_floor":[71,71,71,69,69,69,69,69,69,69,69,69,69,69,69,48,77,52,52,52,52,36,74,70,70,70,70,5,43,43,43,77,21,77,68,60,53,53,32,50,17,17,17,17,73,60,77,71,77,0],"gold":116,"neow_bonus":"TEN_PERCENT_HP_BONUS","is_prod":false,"is_daily":false,"chose_seed":false,"campfire_upgraded":9,"win_rate":0.0,"timestamp":1567224224,"path_taken":["M","M","M","M","?","R","M","R","T","R","M","M","M","M","R","BOSS","M","?","M","?","?","R","M","R","T","R","E","R","$","M","R","BOSS","M","?","?","$","M","R","?","?","T","M","R","M","R","M","R","BOSS"],"build_version":"2019-07-17","purchased_purges":1,"victory":false,"max_hp_per_floor":[77,77,77,77,77,77,77,77,77,77,77,77,77,77,77,77,77,77,77,77,77,77,77,77,77,77,77,77,77,77,77,77,77,77,77,77,77,77,77,77,77,77,77,77,77,77,77,77,77,77],"card_choices":[{"not_picked":["Calculated Gamble","Flying Knee"],"picked":"Poisoned Stab","floor":1},{"not_picked":["Underhanded Strike","Quick Slash"],"picked":"Bouncing Flask","floor":2},{"not_picked":["Acrobatics","PiercingWail"],"picked":"Blur","floor":3},{"not_picked":["Quick Slash","Dagger Throw"],"picked":"Endless Agony","floor":4},{"not_picked":["Blade Dance","Skewer"],"picked":"Distraction","floor":7},{"not_picked":["Slice","Blade Dance"],"picked":"Outmaneuver","floor":11},{"not_picked":["Die Die Die","Dodge and Roll"],"picked":"Well Laid Plans","floor":12},{"not_picked":["Sucker Punch","Terror","Dagger Throw"],"picked":"SKIP","floor":13},{"not_picked":["Flechettes","Dagger Spray"],"picked":"Well Laid Plans","floor":14},{"not_picked":["Wraith Form v2","Adrenaline"],"picked":"Tools of the Trade","floor":16},{"not_picked":["Quick Slash","Blade Dance"],"picked":"Sucker Punch+1","floor":18},{"not_picked":["Deflect","Blade Dance"],"picked":"Flying Knee","floor":20},{"not_picked":["Infinite Blades","Blade Dance"],"picked":"Poisoned Stab+1","floor":24},{"not_picked":["Predator","Outmaneuver"],"picked":"Backflip","floor":28},{"not_picked":["Calculated Gamble","Masterful Stab+1"],"picked":"Finisher","floor":31},{"not_picked":["Bullet Time","Tools of the Trade"],"picked":"A Thousand Cuts","floor":33},{"not_picked":["Masterful Stab","Outmaneuver+1"],"picked":"Crippling Poison","floor":35},{"not_picked":["Sucker Punch","Outmaneuver"],"picked":"Heel Hook+1","floor":36},{"not_picked":["Dagger Throw+1","Tactician+1"],"picked":"Footwork","floor":39},{"not_picked":["Deadly Poison+1","Flying Knee+1"],"picked":"Noxious Fumes","floor":41},{"not_picked":["Blind","Mind Blast"],"picked":"Deep Breath","floor":42},{"not_picked":["Predator+1","Prepared+1"],"picked":"PiercingWail+1","floor":44},{"not_picked":["Sucker Punch","Deflect"],"picked":"Flechettes+1","floor":46},{"not_picked":["Endless Agony","Poisoned Stab+1"],"picked":"Footwork+1","floor":48}],"player_experience":7754,"relics_obtained":[{"floor":9,"key":"Regal Pillow"},{"floor":22,"key":"Nilry\u0027s Codex"},{"floor":26,"key":"Sundial"},{"floor":28,"key":"Whetstone"},{"floor":36,"key":"WingedGreaves"},{"floor":43,"key":"Bronze Scales"}],"event_choices":[{"damage_healed":0,"gold_gain":0,"player_choice":"Simplicity","damage_taken":0,"max_hp_gain":0,"max_hp_loss":0,"event_name":"Back to Basics","floor":19,"gold_loss":0,"cards_upgraded":["Strike_G","Strike_G","Strike_G","Strike_G","Strike_G","Defend_G","Defend_G","Defend_G","Defend_G","Defend_G"]},{"cards_removed":["Strike_G"],"damage_healed":0,"gold_gain":0,"player_choice":"Gave Gold","damage_taken":0,"max_hp_gain":0,"max_hp_loss":0,"event_name":"Beggar","floor":21,"gold_loss":75},{"damage_healed":0,"gold_gain":0,"player_choice":"Obtained Book","damage_taken":16,"max_hp_gain":0,"max_hp_loss":0,"event_name":"Cursed Tome","floor":22,"gold_loss":0},{"damage_healed":0,"gold_gain":0,"player_choice":"Fight","damage_taken":0,"max_hp_gain":0,"max_hp_loss":0,"event_name":"MindBloom","floor":36,"gold_loss":0},{"damage_healed":0,"gold_gain":75,"player_choice":"Touch","damage_taken":7,"max_hp_gain":0,"max_hp_loss":0,"event_name":"FaceTrader","floor":37,"gold_loss":0},{"damage_healed":0,"gold_gain":0,"player_choice":"Memory 1","damage_taken":0,"max_hp_gain":0,"max_hp_loss":0,"event_name":"SensoryStone","floor":42,"gold_loss":0}],"is_beta":false,"boss_relics":[{"not_picked":["Fusion Hammer","Lizard Tail"],"picked":"Sozu"},{"not_picked":["White Beast Statue","Runic Dome"],"picked":"Eternal Feather"}],"items_purged_floors":[38],"is_endless":false,"potions_floor_spawned":[1,4,11,12,16,28,33,36,39,41,48],"killed_by":"Donu and Deca","ascension_level":0}