{"gold_per_floor":[117,117,117,135,153,181,181,200,282,317,328,328],"floor_reached":12,"playtime":347,"items_purged":[],"score":205,"play_id":"96a512cd-fd43-427b-b717-1d7b82e712f3","local_time":"20190729165906","is_ascension_mode":true,"campfire_choices":[{"data":"Whirlwind","floor":7,"key":"SMITH"}],"neow_cost":"PERCENT_DAMAGE","seed_source_timestamp":1071981815588400,"circlet_count":0,"master_deck":["AscendersBane","Strike_R","Strike_R","Strike_R","Strike_R","Strike_R","Defend_R","Defend_R","Defend_R","Defend_R","Bash","Feed+1","Carnage","Headbutt","Whirlwind+1","Metallicize","Clothesline","Iron Wave"],"relics":["Burning Blood","Gambling Chip","Blue Candle","Omamori"],"potions_floor_usage":[8,12,12],"damage_taken":[{"damage":6,"enemies":"Jaw Worm","floor":1,"turns":6},{"damage":15,"enemies":"Small Slimes","floor":4,"turns":5},{"damage":13,"enemies":"Cultist","floor":5,"turns":5},{"damage":8,"enemies":"Gremlin Nob","floor":6,"turns":3},{"damage":0,"enemies":"Lots of Slimes","floor":8,"turns":1},{"damage":25,"enemies":"3 Sentries","floor":10,"turns":5},{"damage":9,"enemies":"Looter","floor":11,"turns":5},{"damage":42,"enemies":"Gremlin Nob","floor":12,"turns":4}],"seed_played":"-6175447729534614452","potions_obtained":[{"floor":1,"key":"SpeedPotion"},{"floor":4,"key":"Fruit Juice"},{"floor":8,"key":"PowerPotion"}],"is_trial":false,"path_per_floor":["M","?","?","M","M","E","R","M","T","E","M","E"],"character_chosen":"IRONCLAD","items_purchased":[],"campfire_rested":0,"item_purchase_floors":[],"current_hp_per_floor":[53,53,53,48,45,43,43,54,54,39,40,0],"gold":328,"neow_bonus":"THREE_RARE_CARDS","is_prod":false,"is_daily":false,"chose_seed":false,"campfire_upgraded":1,"win_rate":0,"timestamp":1564444746,"path_taken":["M","?","?","?","M","E","R","M","T","E","?","E"],"build_version":"2019-07-17","purchased_purges":0,"victory":false,"max_hp_per_floor":[78,78,78,82,86,86,86,91,91,95,99,99],"card_choices":[{"not_picked":["Reaper","Brutality"],"picked":"Feed","floor":0},{"not_picked":["Clash","Havoc"],"picked":"Carnage","floor":1},{"not_picked":["Heavy Blade","Shockwave"],"picked":"Headbutt","floor":4},{"not_picked":["Blood for Blood","Carnage"],"picked":"Whirlwind","floor":5},{"not_picked":["Burning Pact","Perfected Strike"],"picked":"Metallicize","floor":6},{"not_picked":["Heavy Blade","Cleave"],"picked":"Clothesline","floor":8},{"not_picked":["Clash","Havoc","Metallicize"],"picked":"SKIP","floor":10},{"not_picked":["Clash","Iron Wave","Body Slam"],"picked":"SKIP","floor":11},{"not_picked":["Clash","Body Slam"],"picked":"Iron Wave","floor":11}],"player_experience":721846,"relics_obtained":[{"floor":6,"key":"Gambling Chip"},{"floor":9,"key":"Blue Candle"},{"floor":10,"key":"Omamori"}],"event_choices":[{"damage_healed":0,"gold_gain":0,"player_choice":"Grow","damage_taken":0,"max_hp_gain":0,"max_hp_loss":0,"event_name":"Living Wall","floor":2,"gold_loss":0,"cards_upgraded":["Feed"]},{"damage_healed":0,"gold_gain":0,"player_choice":"0 cards matched","damage_taken":0,"max_hp_gain":0,"max_hp_loss":0,"event_name":"Match and Keep!","floor":3,"gold_loss":0,"cards_obtained":[]}],"is_beta":false,"boss_relics":[],"items_purged_floors":[],"is_endless":false,"potions_floor_spawned":[1,4,6,8],"killed_by":"Gremlin Nob","ascension_level":20}