{"gold_per_floor":[114,132,132,70,1,1,19,53,53,53,73,98,98,114,114,190,190,205,217,142,142,67,67,96,11,11,11,21,21,21,41,41,119,169,183,12,12,24,24,24,50,50,50,62,462,462,496,510,510,510],"floor_reached":51,"playtime":9924,"items_purged":["Strike_R","Strike_R"],"score":1261,"play_id":"1c7a7cc7-7d3f-4d8d-a48c-236ed0278e14","local_time":"20181218172418","is_ascension_mode":true,"campfire_choices":[{"data":"Bash","floor":6.0,"key":"SMITH"},{"data":"Shrug It Off","floor":10.0,"key":"SMITH"},{"floor":13.0,"key":"REST"},{"data":"Armaments","floor":15.0,"key":"SMITH"},{"data":"True Grit","floor":23.0,"key":"SMITH"},{"data":"1","floor":32.0,"key":"LIFT"},{"data":"2","floor":40.0,"key":"LIFT"},{"data":"3","floor":42.0,"key":"LIFT"},{"floor":49.0,"key":"REST"}],"neow_cost":"NONE","seed_source_timestamp":285375321689700,"circlet_count":0,"master_deck":["AscendersBane","Defend_R","Defend_R","Defend_R","Defend_R+1","Bash+1","Shrug It Off+1","Twin Strike","Battle Trance","Inflame","Rampage","Armaments+1","Fiend Fire","Cleave+1","True Grit+1","Flame Barrier+1","Finesse+1","Shockwave+1","Madness+1","Madness+1","Headbutt+1","Rage+1"],"special_seed":0,"relics":["Burning Blood","Happy Flower","Singing Bowl","Bag of Preparation","Matryoshka","Pocketwatch","Runic Pyramid","Gremlin Horn","Toxic Egg 2","Anchor","Girya","MutagenicStrength","Tiny House","Kunai","Dream Catcher","Frozen Egg 2","Old Coin","Shuriken"],"potions_floor_usage":[50],"damage_taken":[{"damage":1.0,"enemies":"Cultist","floor":1.0,"turns":4.0},{"damage":7.0,"enemies":"Small Slimes","floor":2.0,"turns":3.0},{"damage":1.0,"enemies":"2 Louse","floor":7.0,"turns":3.0},{"damage":24.0,"enemies":"Gremlin Nob","floor":8.0,"turns":4.0},{"damage":8.0,"enemies":"Large Slime","floor":11.0,"turns":6.0},{"damage":15.0,"enemies":"3 Sentries","floor":12.0,"turns":8.0},{"damage":5.0,"enemies":"2 Fungi Beasts","floor":14.0,"turns":3.0},{"damage":35.0,"enemies":"Hexaghost","floor":16.0,"turns":9.0},{"damage":2.0,"enemies":"Chosen","floor":18.0,"turns":3.0},{"damage":7.0,"enemies":"Shell Parasite","floor":19.0,"turns":2.0},{"damage":27.0,"enemies":"Book of Stabbing","floor":24.0,"turns":5.0},{"damage":11.0,"enemies":"Centurion and Healer","floor":28.0,"turns":5.0},{"damage":0.0,"enemies":"Shelled Parasite and Fungi","floor":31.0,"turns":2.0},{"damage":46.0,"enemies":"Collector","floor":33.0,"turns":7.0},{"damage":0.0,"enemies":"3 Shapes","floor":35.0,"turns":5.0},{"damage":1.0,"enemies":"Orb Walker","floor":38.0,"turns":2.0},{"damage":15.0,"enemies":"Nemesis","floor":41.0,"turns":7.0},{"damage":7.0,"enemies":"Writhing Mass","floor":44.0,"turns":4.0},{"damage":20.0,"enemies":"Mind Bloom Boss Battle","floor":45.0,"turns":5.0},{"damage":4.0,"enemies":"Giant Head","floor":47.0,"turns":7.0},{"damage":5.0,"enemies":"Maw","floor":48.0,"turns":5.0},{"damage":38,"enemies":"Awakened One","floor":50,"turns":10}],"seed_played":"546677020237354059","potions_obtained":[{"floor":7.0,"key":"Fire Potion"},{"floor":11.0,"key":"Strength Potion"},{"floor":34.0,"key":"SpeedPotion"},{"floor":35.0,"key":"Strength Potion"}],"is_trial":false,"path_per_floor":["M","M","?","?","$","R","M","E","T","R","M","E","R","M","R","B",null,"M","M","$","?","?","R","E","?","T","?","M","?","$","M","R","B",null,"M","$","?","M","?","R","E","R","T","M","?","?","E","M","R","B",null],"character_chosen":"IRONCLAD","items_purchased":["Battle Trance","Flame Barrier+1"],"campfire_rested":2,"item_purchase_floors":[5,36],"current_hp_per_floor":[73,72,65,65,65,65,72,56,56,56,54,45,68,69,69,40,69,75,74,74,74,74,74,55,55,55,55,52,52,52,60,60,22,79,87,87,87,94,94,94,87,87,87,86,74,55,59,60,91,59],"gold":510,"neow_bonus":"RANDOM_COMMON_RELIC","is_prod":false,"is_daily":false,"chose_seed":false,"campfire_upgraded":4,"win_rate":0,"timestamp":1545182658,"path_taken":["M","?","?","?","$","R","M","E","T","R","M","E","R","M","R","BOSS","M","M","$","?","?","R","E","?","T","?","M","?","$","M","R","BOSS","M","$","?","M","?","R","E","R","T","?","?","?","E","M","R","BOSS"],"build_version":"2018-12-13","purchased_purges":2,"victory":true,"max_hp_per_floor":[75,75,75,75,75,75,77,79,79,79,79,79,79,79,79,79,79,81,81,81,81,81,81,83,83,83,83,85,85,85,87,87,89,96,98,98,98,100,100,100,102,102,102,102,104,104,106,106,106,106],"card_choices":[{"not_picked":["True Grit","Heavy Blade"],"picked":"Shrug It Off","floor":1.0},{"not_picked":["Flex","Body Slam"],"picked":"Twin Strike","floor":2.0},{"not_picked":["Evolve","Body Slam","Disarm"],"picked":"Singing Bowl","floor":7.0},{"not_picked":["Headbutt","Immolate","Seeing Red"],"picked":"Singing Bowl","floor":8.0},{"not_picked":["Fire Breathing","Pommel Strike"],"picked":"Inflame","floor":11.0},{"not_picked":["Offering","Second Wind"],"picked":"Rampage","floor":12.0},{"not_picked":["Heavy Blade","Shrug It Off"],"picked":"Armaments","floor":14.0},{"not_picked":["Offering","Impervious"],"picked":"Fiend Fire","floor":16.0},{"not_picked":["Carnage","Body Slam","True Grit"],"picked":"Singing Bowl","floor":18.0},{"not_picked":["Iron Wave","Shrug It Off"],"picked":"Cleave+1","floor":19.0},{"not_picked":["Clash","Second Wind","Twin Strike"],"picked":"Singing Bowl","floor":24.0},{"not_picked":["Rampage","Entrench+1","Wild Strike"],"picked":"Singing Bowl","floor":28.0},{"not_picked":["Second Wind+1","Shrug It Off+1","Twin Strike"],"picked":"Singing Bowl","floor":31.0},{"not_picked":["Demon Form","Barricade","Brutality"],"picked":"Singing Bowl","floor":33.0},{"not_picked":["Headbutt","Cleave+1","Clash"],"picked":"Singing Bowl","floor":34.0},{"not_picked":["Twin Strike","True Grit+1","Rampage"],"picked":"Singing Bowl","floor":35.0},{"not_picked":["Swift Strike","Panacea+1"],"picked":"Finesse+1","floor":37.0},{"not_picked":["Pommel Strike","Anger+1","Armaments+1"],"picked":"Singing Bowl","floor":38.0},{"not_picked":["Iron Wave+1","Wild Strike","Evolve"],"picked":"Singing Bowl","floor":41.0},{"not_picked":["Fire Breathing+1","Feel No Pain+1"],"picked":"Shockwave+1","floor":44.0},{"not_picked":["Rupture+1","Juggernaut+1","Sword Boomerang+1"],"picked":"Singing Bowl","floor":45.0},{"not_picked":["Rage+1","Wild Strike","Juggernaut+1"],"picked":"Singing Bowl","floor":47.0},{"not_picked":["Twin Strike","Hemokinesis"],"picked":"Headbutt+1","floor":48.0},{"not_picked":["Thunderclap","Corruption+1"],"picked":"Rage+1","floor":49.0}],"player_experience":140836,"relics_obtained":[{"floor":8.0,"key":"Bag of Preparation"},{"floor":9.0,"key":"Matryoshka"},{"floor":12.0,"key":"Pocketwatch"},{"floor":24.0,"key":"Gremlin Horn"},{"floor":26.0,"key":"Anchor"},{"floor":26.0,"key":"Girya"},{"floor":41.0,"key":"Kunai"},{"floor":43.0,"key":"Dream Catcher"},{"floor":43.0,"key":"Frozen Egg 2"},{"floor":45.0,"key":"Old Coin"},{"floor":47.0,"key":"Shuriken"}],"event_choices":[{"cards_removed":["Strike_R"],"damage_healed":0.0,"max_hp_gain":0.0,"max_hp_loss":0.0,"gold_gain":0.0,"event_name":"Golden Wing","player_choice":"Card Removal","floor":3.0,"gold_loss":0.0,"damage_taken":7.0},{"damage_healed":0.0,"max_hp_gain":0.0,"max_hp_loss":0.0,"gold_gain":0.0,"event_name":"WeMeetAgain","player_choice":"Paid Gold","floor":4.0,"gold_loss":62.0,"damage_taken":0.0,"relics_obtained":["Singing Bowl"]},{"damage_healed":0.0,"max_hp_gain":0.0,"max_hp_loss":0.0,"gold_gain":0.0,"event_name":"The Library","player_choice":"Read","floor":21.0,"gold_loss":0.0,"damage_taken":0.0,"cards_obtained":["True Grit"]},{"cards_removed":["Strike_R"],"damage_healed":0.0,"max_hp_gain":0.0,"max_hp_loss":0.0,"gold_gain":0.0,"event_name":"Beggar","player_choice":"Gave Gold","floor":22.0,"gold_loss":75.0,"damage_taken":0.0},{"damage_healed":0.0,"max_hp_gain":0.0,"max_hp_loss":0.0,"gold_gain":0.0,"event_name":"Addict","player_choice":"Obtained Relic","floor":25.0,"gold_loss":85.0,"damage_taken":0.0,"relics_obtained":["Toxic Egg 2"]},{"damage_healed":0.0,"max_hp_gain":0.0,"max_hp_loss":0.0,"gold_gain":0.0,"event_name":"Drug Dealer","player_choice":"Inject Mutagens","floor":27.0,"gold_loss":0.0,"damage_taken":0.0,"relics_obtained":["MutagenicStrength"]},{"damage_healed":0.0,"max_hp_gain":0.0,"max_hp_loss":0.0,"gold_gain":0.0,"event_name":"Vampires","player_choice":"Ignored","floor":29.0,"gold_loss":0.0,"damage_taken":0.0},{"damage_healed":0.0,"max_hp_gain":0.0,"max_hp_loss":0.0,"gold_gain":0.0,"event_name":"SensoryStone","player_choice":"Memory 1","floor":37.0,"gold_loss":0.0,"damage_taken":0.0},{"cards_removed":["Strike_R"],"damage_healed":0.0,"max_hp_gain":0.0,"max_hp_loss":0.0,"gold_gain":0.0,"event_name":"Wheel of Change","player_choice":"Card Removal","floor":39.0,"gold_loss":0.0,"damage_taken":0.0},{"damage_healed":0.0,"max_hp_gain":0.0,"max_hp_loss":0.0,"gold_gain":0.0,"event_name":"MindBloom","player_choice":"Fight","floor":45.0,"gold_loss":0.0,"damage_taken":0.0},{"damage_healed":0.0,"max_hp_gain":0.0,"max_hp_loss":0.0,"gold_gain":0.0,"event_name":"Winding Halls","player_choice":"Embrace Madness","floor":46.0,"gold_loss":0.0,"damage_taken":19.0,"cards_obtained":["Madness","Madness"]}],"is_beta":false,"boss_relics":[{"not_picked":["Philosopher\u0027s Stone","Mark of Pain"],"picked":"Runic Pyramid"},{"not_picked":["Runic Cube","Fusion Hammer"],"picked":"Tiny House"}],"items_purged_floors":[20,36],"is_endless":false,"potions_floor_spawned":[7,11,12,16,31,35,45,47],"ascension_level":15}