{"gold_per_floor":[113,132,57,132,132,132,144,144,174,185,185,210,210,210,210,210],"floor_reached":16,"playtime":1081,"items_purged":["Strike_B"],"score":98,"play_id":"b4f30d10-90a6-48c4-9ca1-8f4d2246f94f","local_time":"20190831183712","is_ascension_mode":false,"campfire_choices":[{"data":"Gash","floor":6,"key":"SMITH"},{"data":"Auto Shields","floor":8,"key":"SMITH"},{"data":"Chill","floor":13,"key":"SMITH"},{"floor":15,"key":"REST"}],"neow_cost":"NONE","seed_source_timestamp":1301192283178300,"circlet_count":0,"master_deck":["Strike_B","Strike_B","Defend_B","Defend_B","Defend_B+1","Defend_B+1","Zap","Dualcast","Gash+1","Auto Shields+1","Beam Cell","Chill+1","Redo"],"relics":["Cracked Core","NeowsBlessing","Tiny Chest","Darkstone Periapt","Kunai"],"potions_floor_usage":[10,12,16],"damage_taken":[{"damage":0,"enemies":"Cultist","floor":1,"turns":1},{"damage":0,"enemies":"Small Slimes","floor":2,"turns":1},{"damage":0,"enemies":"Jaw Worm","floor":7,"turns":1},{"damage":25,"enemies":"Large Slime","floor":10,"turns":7},{"damage":6,"enemies":"Lagavulin","floor":12,"turns":9},{"damage":37,"enemies":"Slime Boss","floor":16,"turns":9}],"seed_played":"7306210673378229480","potions_obtained":[{"floor":2,"key":"Weak Potion"},{"floor":7,"key":"FearPotion"},{"floor":10,"key":"EssenceOfSteel"}],"is_trial":false,"path_per_floor":["M","M","$","?","?","R","M","R","T","M","T","E","R","?","R","B"],"character_chosen":"DEFECT","items_purchased":[],"campfire_rested":1,"item_purchase_floors":[],"current_hp_per_floor":[75,75,75,64,64,64,64,64,64,39,39,33,33,18,40,3],"gold":210,"neow_bonus":"THREE_ENEMY_KILL","is_prod":false,"is_daily":false,"chose_seed":false,"campfire_upgraded":3,"win_rate":0.0,"timestamp":1567301832,"path_taken":["M","M","$","?","?","R","M","R","T","M","?","E","R","?","R","BOSS"],"build_version":"2019-07-17","purchased_purges":1,"victory":false,"max_hp_per_floor":[75,75,75,75,75,75,75,75,75,75,75,75,75,75,75,75],"card_choices":[{"not_picked":["Hologram","White Noise"],"picked":"Gash","floor":1},{"not_picked":["Stack","Streamline"],"picked":"Auto Shields","floor":2},{"not_picked":["Rip and Tear","Steam"],"picked":"Beam Cell","floor":7},{"not_picked":["Chaos","Hologram"],"picked":"Chill","floor":10},{"not_picked":["Meteor Strike","Steam Power"],"picked":"Redo","floor":12}],"player_experience":53839,"relics_obtained":[{"floor":9,"key":"Tiny Chest"},{"floor":11,"key":"Darkstone Periapt"},{"floor":12,"key":"Kunai"}],"event_choices":[{"damage_healed":0,"gold_gain":75,"player_choice":"Gather Gold","damage_taken":11,"max_hp_gain":0,"max_hp_loss":0,"event_name":"World of Goop","floor":4,"gold_loss":0},{"cards_removed":["Strike_B"],"damage_healed":0,"gold_gain":0,"player_choice":"Forget","damage_taken":0,"max_hp_gain":0,"max_hp_loss":0,"event_name":"Living Wall","floor":5,"gold_loss":0},{"damage_healed":0,"gold_gain":0,"player_choice":"Entered Light","damage_taken":15,"max_hp_gain":0,"max_hp_loss":0,"event_name":"Shining Light","floor":14,"gold_loss":0,"cards_upgraded":["Defend_B","Defend_B"]}],"is_beta":false,"boss_relics":[],"items_purged_floors":[3],"is_endless":false,"potions_floor_spawned":[2,7,10],"killed_by":"Slime Boss","ascension_level":0}