{"gold_per_floor":[113,113,132,18,39,39,72,101,101,101,126,126,149,164,164,164],"floor_reached":16,"playtime":484,"items_purged":[],"score":204,"play_id":"919c26b8-044b-4774-bbfc-c2c78441270a","local_time":"20190812201209","is_ascension_mode":true,"campfire_choices":[{"data":"Hemokinesis","floor":6,"key":"SMITH"},{"data":"Double Tap","floor":10,"key":"SMITH"},{"data":"Flame Barrier","floor":12,"key":"SMITH"},{"data":"Clothesline","floor":15,"key":"SMITH"}],"neow_cost":"NONE","seed_source_timestamp":793048118923500,"circlet_count":0,"master_deck":["AscendersBane","Strike_R","Strike_R","Strike_R","Strike_R","Strike_R","Defend_R","Defend_R","Defend_R","Defend_R","Bash","Double Tap+1","True Grit","Sword Boomerang","Hemokinesis+1","Anger","Flame Barrier+1","Shrug It Off","Clothesline+1","Immolate"],"relics":["Burning Blood","Golden Idol","Unceasing Top","Odd Mushroom"],"potions_floor_usage":[7,16],"damage_taken":[{"damage":10,"enemies":"2 Louse","floor":1,"turns":4},{"damage":8,"enemies":"Jaw Worm","floor":3,"turns":6},{"damage":6,"enemies":"Cultist","floor":5,"turns":4},{"damage":32,"enemies":"Lagavulin","floor":7,"turns":5},{"damage":19,"enemies":"The Mushroom Lair","floor":8,"turns":4},{"damage":1,"enemies":"Looter","floor":11,"turns":4},{"damage":7,"enemies":"2 Fungi Beasts","floor":13,"turns":3},{"damage":3,"enemies":"Blue Slaver","floor":14,"turns":2},{"damage":30,"enemies":"Hexaghost","floor":16,"turns":9}],"seed_played":"-6187479480234410067","potions_obtained":[{"floor":1,"key":"GamblersBrew"},{"floor":14,"key":"Dexterity Potion"}],"is_trial":false,"path_per_floor":["M","?","M","$","M","R","E","?","T","R","M","R","M","M","R","B"],"character_chosen":"IRONCLAD","items_purchased":["Fire Potion","Sword Boomerang"],"campfire_rested":0,"item_purchase_floors":[4,4],"current_hp_per_floor":[64,64,62,62,62,62,36,23,23,23,28,28,27,30,30,0],"gold":164,"neow_bonus":"ONE_RANDOM_RARE_CARD","is_prod":false,"is_daily":false,"chose_seed":false,"campfire_upgraded":4,"win_rate":0,"timestamp":1565665929,"path_taken":["M","?","M","$","M","R","E","?","T","R","M","R","?","M","R","BOSS"],"build_version":"2019-07-17","purchased_purges":0,"victory":false,"max_hp_per_floor":[75,68,68,68,68,68,68,68,68,68,68,68,68,68,68,68],"card_choices":[{"not_picked":["Entrench","Dual Wield","Fire Breathing"],"picked":"SKIP","floor":1},{"not_picked":["Warcry","Flex"],"picked":"True Grit","floor":3},{"not_picked":["Rage","Flame Barrier"],"picked":"Hemokinesis","floor":5},{"not_picked":["Rupture","Feed"],"picked":"Anger","floor":7},{"not_picked":["Seeing Red","Sever Soul"],"picked":"Flame Barrier","floor":8},{"not_picked":["Iron Wave","Seeing Red"],"picked":"Shrug It Off","floor":11},{"not_picked":["Iron Wave","Whirlwind"],"picked":"Clothesline","floor":13},{"not_picked":["Body Slam","Rupture"],"picked":"Immolate","floor":14}],"player_experience":782010,"relics_obtained":[{"floor":7,"key":"Unceasing Top"},{"floor":8,"key":"Odd Mushroom"}],"event_choices":[{"damage_healed":0,"gold_gain":0,"player_choice":"Lose Max HP","damage_taken":0,"relics_obtained":["Golden Idol"],"max_hp_gain":0,"max_hp_loss":7,"event_name":"Golden Idol","floor":2,"gold_loss":0},{"damage_healed":0,"gold_gain":0,"player_choice":"Fought Mushrooms","damage_taken":0,"max_hp_gain":0,"max_hp_loss":0,"event_name":"Mushrooms","floor":8,"gold_loss":0}],"is_beta":false,"boss_relics":[],"items_purged_floors":[],"is_endless":false,"potions_floor_spawned":[1,14],"killed_by":"Hexaghost","ascension_level":20}