{"gold_per_floor":[367,383,8,8,8,8,23,57,57,88,105,116,116,160,160,160],"floor_reached":16,"playtime":449,"items_purged":[],"score":240,"play_id":"8daf569f-d7d9-463b-9625-e56ba1c21112","local_time":"20190807192412","is_ascension_mode":true,"campfire_choices":[{"data":"1","floor":6,"key":"LIFT"},{"data":"2","floor":15,"key":"LIFT"}],"neow_cost":"TEN_PERCENT_HP_LOSS","seed_source_timestamp":358206219391400,"circlet_count":0,"master_deck":["AscendersBane","Strike_R","Strike_R","Strike_R","Strike_R","Strike_R","Defend_R","Defend_R","Defend_R","Defend_R","Bash","Carnage","Feel No Pain","Sword Boomerang","Thunderclap","Combust","Corruption","Exhume+1"],"relics":["Burning Blood","Girya","Mercury Hourglass","Dream Catcher","Toxic Egg 2","Golden Idol","Du-Vu Doll"],"potions_floor_usage":[14],"damage_taken":[{"damage":9,"enemies":"Jaw Worm","floor":1,"turns":5},{"damage":2,"enemies":"2 Louse","floor":2,"turns":3},{"damage":1,"enemies":"Cultist","floor":7,"turns":3},{"damage":28,"enemies":"3 Sentries","floor":8,"turns":8},{"damage":35,"enemies":"Lagavulin","floor":10,"turns":5},{"damage":1,"enemies":"3 Louse","floor":11,"turns":3},{"damage":13,"enemies":"Blue Slaver","floor":12,"turns":3},{"damage":15,"enemies":"3 Sentries","floor":14,"turns":4},{"damage":16,"enemies":"Hexaghost","floor":16,"turns":4}],"seed_played":"4869424139836600642","potions_obtained":[{"floor":2,"key":"PowerPotion"},{"floor":5,"key":"Fire Potion"}],"is_trial":false,"path_per_floor":["M","M","$","?","?","R","M","E","T","E","M","M","?","E","R","B"],"character_chosen":"IRONCLAD","items_purchased":["Girya","Fire Potion"],"campfire_rested":0,"item_purchase_floors":[3,3],"current_hp_per_floor":[65,68,68,73,73,73,73,51,51,22,27,20,20,11,11,0],"gold":160,"neow_bonus":"TWO_FIFTY_GOLD","is_prod":false,"is_daily":false,"chose_seed":false,"campfire_upgraded":0,"win_rate":0,"timestamp":1565231052,"path_taken":["M","M","$","?","?","R","M","E","T","E","?","M","?","E","R","BOSS"],"build_version":"2019-07-17","purchased_purges":0,"victory":false,"max_hp_per_floor":[68,68,68,73,73,73,73,73,73,73,73,73,66,66,66,66],"card_choices":[{"not_picked":["Thunderclap","Clothesline"],"picked":"Carnage","floor":1},{"not_picked":["Body Slam","Cleave"],"picked":"Feel No Pain","floor":2},{"not_picked":["Clothesline","Perfected Strike"],"picked":"Sword Boomerang","floor":7},{"not_picked":["Body Slam","Sever Soul"],"picked":"Thunderclap","floor":8},{"not_picked":["Rage","Armaments"],"picked":"Combust","floor":10},{"not_picked":["Anger","Iron Wave"],"picked":"Corruption","floor":11},{"not_picked":["Evolve","Searing Blow"],"picked":"Exhume+1","floor":12},{"not_picked":["Clash","Power Through+1","Double Tap+1"],"picked":"SKIP","floor":14}],"player_experience":746188,"relics_obtained":[{"floor":8,"key":"Mercury Hourglass"},{"floor":9,"key":"Dream Catcher"},{"floor":10,"key":"Toxic Egg 2"},{"floor":14,"key":"Du-Vu Doll"}],"event_choices":[{"damage_healed":0,"gold_gain":0,"player_choice":"Donut","damage_taken":0,"max_hp_gain":5,"max_hp_loss":0,"event_name":"Big Fish","floor":4,"gold_loss":0},{"damage_healed":0,"gold_gain":0,"player_choice":"Got Potions","damage_taken":0,"max_hp_gain":0,"max_hp_loss":0,"event_name":"Lab","floor":5,"gold_loss":0},{"damage_healed":0,"gold_gain":0,"player_choice":"Lose Max HP","damage_taken":0,"relics_obtained":["Golden Idol"],"max_hp_gain":0,"max_hp_loss":7,"event_name":"Golden Idol","floor":13,"gold_loss":0}],"is_beta":false,"boss_relics":[],"items_purged_floors":[],"is_endless":false,"potions_floor_spawned":[2,7,10,11],"killed_by":"Hexaghost","ascension_level":20}