{"gold_per_floor":[111,111,111,130,147,147,182,49,72,72,85,97,131,141,141,241,241,258,137,150,160,160,186,186,205,228,228,248,248,265,321,321,426,426,443,459,7,26,36,36,136,136,136,49,49,61,86,0,0,0],"floor_reached":51,"playtime":3345,"items_purged":["Strike_B"],"score":724,"play_id":"90468031-4972-4f8a-9e34-788eb9bb60a0","local_time":"20190906234914","is_ascension_mode":false,"campfire_choices":[{"data":"Zap","floor":6,"key":"SMITH"},{"data":"Chill","floor":10,"key":"SMITH"},{"floor":15,"key":"REST"},{"floor":27,"key":"REST"},{"floor":32,"key":"REST"},{"floor":40,"key":"REST"},{"floor":49,"key":"REST"}],"neow_cost":"NONE","seed_source_timestamp":1598737990900,"circlet_count":0,"master_deck":["Strike_B","Defend_B","Defend_B","Defend_B","Defend_B","Zap+1","Dualcast","Compile Driver","Ball Lightning","Beam Cell","Chill+1","Core Surge","Coolheaded","Barrage","Cold Snap","Echo Form","Core Surge","Rebound+1","Leap","White Noise","Heatsinks+1","Loop+1","Turbo+1","Steam+1","Sweeping Beam+1","Glacier","Echo Form","Melter+1","Barrage+1","Apotheosis","Defragment","Blizzard","Conserve Battery+1","Loop+1","Purity","Flash of Steel"],"relics":["Cracked Core","Omamori","Bronze Scales","Thread and Needle","Fusion Hammer","MutagenicStrength","Smiling Mask","Blood Vial","Tiny Chest","White Beast Statue","Anchor","FossilizedHelix","Shuriken","Potion Belt","Red Mask"],"potions_floor_usage":[14,16,23,33,33,36,38,50,50,50,50,50],"damage_taken":[{"damage":0,"enemies":"Small Slimes","floor":1,"turns":2},{"damage":3,"enemies":"Cultist","floor":4,"turns":5},{"damage":1,"enemies":"2 Louse","floor":5,"turns":3},{"damage":30,"enemies":"3 Sentries","floor":7,"turns":6},{"damage":0,"enemies":"2 Fungi Beasts","floor":11,"turns":3},{"damage":6,"enemies":"Red Slaver","floor":12,"turns":2},{"damage":28,"enemies":"Lagavulin","floor":13,"turns":5},{"damage":0,"enemies":"Large Slime","floor":14,"turns":3},{"damage":3,"enemies":"Slime Boss","floor":16,"turns":8},{"damage":0,"enemies":"Spheric Guardian","floor":18,"turns":4},{"damage":10,"enemies":"2 Thieves","floor":20,"turns":4},{"damage":0,"enemies":"Centurion and Healer","floor":21,"turns":7},{"damage":0,"enemies":"Gremlin Leader","floor":23,"turns":6},{"damage":18,"enemies":"Snake Plant","floor":25,"turns":4},{"damage":3,"enemies":"Shelled Parasite and Fungi","floor":28,"turns":4},{"damage":0,"enemies":"3 Cultists","floor":30,"turns":5},{"damage":18,"enemies":"Slavers","floor":31,"turns":5},{"damage":13,"enemies":"Champ","floor":33,"turns":13},{"damage":0,"enemies":"Orb Walker","floor":35,"turns":3},{"damage":8,"enemies":"3 Darklings","floor":36,"turns":5},{"damage":9,"enemies":"Sphere and 2 Shapes","floor":38,"turns":6},{"damage":0,"enemies":"Maw","floor":39,"turns":7},{"damage":0,"enemies":"Mind Bloom Boss Battle","floor":41,"turns":5},{"damage":22,"enemies":"Writhing Mass","floor":46,"turns":6},{"damage":2,"enemies":"Donu and Deca","floor":50,"turns":8}],"seed_played":"8215114069775291735","potions_obtained":[{"floor":4,"key":"Dexterity Potion"},{"floor":11,"key":"PowerPotion"},{"floor":12,"key":"Swift Potion"},{"floor":20,"key":"Fire Potion"},{"floor":23,"key":"SpeedPotion"},{"floor":25,"key":"SpeedPotion"},{"floor":33,"key":"Swift Potion"},{"floor":35,"key":"Energy Potion"},{"floor":36,"key":"Fruit Juice"},{"floor":38,"key":"SteroidPotion"},{"floor":39,"key":"FearPotion"},{"floor":46,"key":"EntropicBrew"}],"is_trial":false,"path_per_floor":["M","?","?","M","M","R","E","$","T","R","M","M","E","M","R","B",null,"M","$","M","M","?","E","?","M","T","R","M","?","M","E","R","B",null,"M","M","$","M","M","R","?","?","T","$","?","M","T","?","R","B",null],"character_chosen":"DEFECT","items_purchased":["Core Surge","Coolheaded","Leap","Apotheosis","Defragment","Anchor","Blizzard","Flash of Steel"],"campfire_rested":5,"item_purchase_floors":[8,8,19,37,37,37,37,44],"current_hp_per_floor":[82,75,75,72,71,71,41,41,41,41,41,35,7,7,31,28,82,82,82,72,72,72,72,72,54,54,78,77,77,79,63,82,69,82,82,79,79,72,74,87,87,87,87,87,87,65,65,65,87,85],"gold":0,"neow_bonus":"TEN_PERCENT_HP_BONUS","is_prod":false,"is_daily":false,"chose_seed":false,"campfire_upgraded":2,"win_rate":0,"timestamp":1567784954,"path_taken":["M","?","?","M","M","R","E","$","T","R","M","M","E","?","R","BOSS","M","$","M","M","?","E","?","M","T","R","M","?","?","E","R","BOSS","M","M","$","M","M","R","?","?","T","$","?","M","?","?","R","BOSS"],"build_version":"2019-07-17","purchased_purges":1,"victory":true,"max_hp_per_floor":[82,82,82,82,82,82,82,82,82,82,82,82,82,82,82,82,82,82,82,82,82,82,82,82,82,82,82,82,82,82,82,82,82,82,82,87,87,87,87,87,87,87,87,87,87,87,87,87,87,87],"card_choices":[{"not_picked":["Aggregate","Turbo"],"picked":"Compile Driver","floor":1},{"not_picked":["Rebound","Force Field"],"picked":"Ball Lightning","floor":4},{"not_picked":["Undo","Sweeping Beam"],"picked":"Beam Cell","floor":5},{"not_picked":["Leap","Recycle"],"picked":"Chill","floor":7},{"not_picked":["Consume","Stack","Storm"],"picked":"SKIP","floor":11},{"not_picked":["Scrape","Go for the Eyes"],"picked":"Barrage","floor":12},{"not_picked":["Streamline","Hologram"],"picked":"Cold Snap","floor":13},{"not_picked":["Turbo","Melter"],"picked":"Echo Form","floor":14},{"not_picked":["Fission","Buffer"],"picked":"Core Surge","floor":16},{"not_picked":["Ball Lightning+1","Gash"],"picked":"Rebound+1","floor":18},{"not_picked":["Hologram","Rebound"],"picked":"White Noise","floor":20},{"not_picked":["Sweeping Beam","Redo"],"picked":"Heatsinks+1","floor":21},{"not_picked":["Biased Cognition","Conserve Battery"],"picked":"Loop+1","floor":23},{"not_picked":["Gash","BootSequence"],"picked":"Turbo+1","floor":25},{"not_picked":["Barrage","Stack"],"picked":"Steam+1","floor":28},{"not_picked":["Hello World+1","Tempest"],"picked":"Sweeping Beam+1","floor":30},{"not_picked":["Stack","Go for the Eyes"],"picked":"Glacier","floor":31},{"not_picked":["Multi-Cast","Rainbow"],"picked":"Echo Form","floor":33},{"not_picked":["Recycle","Turbo"],"picked":"Melter+1","floor":35},{"not_picked":["Leap","Doom and Gloom+1"],"picked":"Barrage+1","floor":36},{"not_picked":["Consume","Compile Driver"],"picked":"Conserve Battery+1","floor":38},{"not_picked":["Lockon","Rebound+1"],"picked":"Redo","floor":39},{"not_picked":["Rebound","Conserve Battery"],"picked":"Loop+1","floor":41},{"not_picked":["Secret Weapon","Apotheosis"],"picked":"Purity","floor":42},{"not_picked":["Force Field","Leap","Beam Cell"],"picked":"SKIP","floor":46}],"player_experience":301307,"relics_obtained":[{"floor":7,"key":"Omamori"},{"floor":9,"key":"Bronze Scales"},{"floor":13,"key":"Thread and Needle"},{"floor":23,"key":"Smiling Mask"},{"floor":26,"key":"Blood Vial"},{"floor":31,"key":"Tiny Chest"},{"floor":41,"key":"FossilizedHelix"},{"floor":43,"key":"Shuriken"},{"floor":47,"key":"Potion Belt"}],"event_choices":[{"cards_removed":["Strike_B"],"damage_healed":0,"gold_gain":0,"player_choice":"Card Removal","damage_taken":7,"max_hp_gain":0,"max_hp_loss":0,"event_name":"Golden Wing","floor":2,"gold_loss":0},{"cards_removed":["Strike_B"],"damage_healed":0,"gold_gain":0,"player_choice":"Purged","damage_taken":0,"max_hp_gain":0,"max_hp_loss":0,"event_name":"Purifier","floor":3,"gold_loss":0},{"damage_healed":0,"gold_gain":0,"player_choice":"Inject Mutagens","damage_taken":0,"relics_obtained":["MutagenicStrength"],"max_hp_gain":0,"max_hp_loss":0,"event_name":"Drug Dealer","floor":22,"gold_loss":0},{"damage_healed":0,"gold_gain":0,"player_choice":"Ignored","damage_taken":0,"max_hp_gain":0,"max_hp_loss":0,"event_name":"Vampires","floor":24,"gold_loss":0},{"damage_healed":0,"gold_gain":0,"player_choice":"Bought 0 Potions","damage_taken":0,"max_hp_gain":0,"max_hp_loss":0,"event_name":"The Woman in Blue","floor":29,"gold_loss":0},{"damage_healed":0,"gold_gain":0,"player_choice":"Fight","damage_taken":0,"max_hp_gain":0,"max_hp_loss":0,"event_name":"MindBloom","floor":41,"gold_loss":0},{"damage_healed":0,"gold_gain":0,"player_choice":"Memory 1","damage_taken":0,"max_hp_gain":0,"max_hp_loss":0,"event_name":"SensoryStone","floor":42,"gold_loss":0},{"cards_removed":["Redo"],"damage_healed":0,"gold_gain":0,"player_choice":"Removed Skill","damage_taken":0,"max_hp_gain":0,"max_hp_loss":0,"event_name":"Falling","floor":45,"gold_loss":0},{"damage_healed":0,"gold_gain":0,"player_choice":"Paid","damage_taken":0,"relics_obtained":["Red Mask"],"max_hp_gain":0,"max_hp_loss":0,"event_name":"Tomb of Lord Red Mask","floor":48,"gold_loss":86}],"is_beta":false,"boss_relics":[{"not_picked":["Sozu","Black Star"],"picked":"Fusion Hammer"},{"not_picked":["Runic Dome","Runic Pyramid"],"picked":"White Beast Statue"}],"items_purged_floors":[19],"is_endless":false,"potions_floor_spawned":[4,11,12,20,23,25,33,35,36,38,39,41,46],"ascension_level":0}