{"gold_per_floor":[110,133,133,133,150,176,187,217,217,249,272,340,296,308,320,427,439,465,477,489,521,458,505,517,94,94,108,143,143,158,197,197,287,287,303,428,451,26,39,39,74,99,99,139,152,193,211,211,211,211,211,211,211,4,4],"floor_reached":55,"playtime":2526,"items_purged":["Strike_R+1","Strike_R+1","Strike_R+1"],"score":2001,"play_id":"726f67b1-9015-47b1-8cd1-f2ebc2d99f8f","local_time":"20190811142850","is_ascension_mode":true,"campfire_choices":[{"floor":15.0,"key":"REST"},{"floor":24.0,"key":"REST"},{"data":"Corruption","floor":29.0,"key":"SMITH"},{"data":"Uppercut","floor":32.0,"key":"SMITH"},{"floor":40.0,"key":"REST"},{"floor":49,"key":"RECALL"},{"data":"Exhume","floor":53,"key":"SMITH"}],"neow_cost":"NONE","seed_source_timestamp":683912133513900,"circlet_count":0,"master_deck":["AscendersBane","Strike_R+1","Defend_R+1","Defend_R+1","Defend_R+1","Defend_R+1","Bash+1","Combust","Pommel Strike","Uppercut+1","Corruption+1","Anger","Combust+1","True Grit","Juggernaut+1","Shrug It Off+1","Shrug It Off","Rupture+1","Whirlwind","Armaments+1","Rupture+1","Havoc+1","Exhume+1","Flame Barrier+1","Feel No Pain+1","Shockwave","Metallicize+1","Burning Pact","True Grit","Feel No Pain+1","Shrug It Off+1","Feel No Pain+1","Battle Trance"],"special_seed":0,"relics":["Burning Blood","PreservedInsect","Bronze Scales","Kunai","Boot","Frozen Egg 2","MawBank","Incense Burner","Golden Idol","Philosopher\u0027s Stone","CultistMask","Happy Flower","TheAbacus","Pear","Red Mask","Smiling Mask","Black Star","Mango","Letter Opener","Blood Vial","Omamori","Ornamental Fan","Bottled Lightning","Darkstone Periapt","Bag of Preparation","Oddly Smooth Stone"],"potions_floor_usage":[46,50],"damage_taken":[{"damage":1.0,"enemies":"Cultist","floor":1.0,"turns":3.0},{"damage":9.0,"enemies":"2 Louse","floor":5.0,"turns":3.0},{"damage":8.0,"enemies":"Gremlin Nob","floor":6.0,"turns":3.0},{"damage":1.0,"enemies":"Small Slimes","floor":7.0,"turns":2.0},{"damage":8.0,"enemies":"Lagavulin","floor":8.0,"turns":5.0},{"damage":18.0,"enemies":"3 Sentries","floor":10.0,"turns":3.0},{"damage":14.0,"enemies":"Red Slaver","floor":11.0,"turns":2.0},{"damage":24.0,"enemies":"Lagavulin Event","floor":12.0,"turns":3.0},{"damage":25.0,"enemies":"Slime Boss","floor":16.0,"turns":7.0},{"damage":37.0,"enemies":"Shell Parasite","floor":18.0,"turns":5.0},{"damage":0.0,"enemies":"Chosen","floor":21.0,"turns":4.0},{"damage":14.0,"enemies":"Book of Stabbing","floor":23.0,"turns":4.0},{"damage":11.0,"enemies":"Snake Plant","floor":27.0,"turns":4.0},{"damage":5.0,"enemies":"Masked Bandits","floor":28.0,"turns":2.0},{"damage":6.0,"enemies":"Sentry and Sphere","floor":30.0,"turns":3.0},{"damage":11.0,"enemies":"Slavers","floor":31.0,"turns":5.0},{"damage":26.0,"enemies":"Automaton","floor":33.0,"turns":7.0},{"damage":28.0,"enemies":"Orb Walker","floor":35.0,"turns":4.0},{"damage":8.0,"enemies":"Mind Bloom Boss Battle","floor":36.0,"turns":6.0},{"damage":11.0,"enemies":"3 Shapes","floor":37.0,"turns":5.0},{"damage":33.0,"enemies":"Spire Growth","floor":39.0,"turns":6.0},{"damage":34.0,"enemies":"Reptomancer","floor":41.0,"turns":6.0},{"damage":14.0,"enemies":"Transient","floor":42.0,"turns":6.0},{"damage":13.0,"enemies":"Giant Head","floor":44.0,"turns":8.0},{"damage":0.0,"enemies":"3 Darklings","floor":45.0,"turns":4.0},{"damage":20,"enemies":"Reptomancer","floor":46,"turns":6},{"damage":11,"enemies":"Spire Growth","floor":47,"turns":5},{"damage":30,"enemies":"Donu and Deca","floor":50,"turns":10},{"damage":27,"enemies":"Time Eater","floor":51,"turns":11},{"damage":69,"enemies":"Shield and Spear","floor":55,"turns":5}],"seed_played":"-1125352519905935154","potions_obtained":[{"floor":1.0,"key":"SpeedPotion"},{"floor":5.0,"key":"SteroidPotion"},{"floor":7.0,"key":"SkillPotion"},{"floor":10.0,"key":"SteroidPotion"},{"floor":21.0,"key":"SteroidPotion"},{"floor":28.0,"key":"Regen Potion"},{"floor":31.0,"key":"Fire Potion"},{"floor":33.0,"key":"Explosive Potion"},{"floor":37.0,"key":"GamblersBrew"},{"floor":44.0,"key":"Weak Potion"},{"floor":45.0,"key":"LiquidBronze"}],"is_trial":false,"path_per_floor":["M","T","?","?","M","E","M","E","T","E","M","?","?","?","R","B",null,"M","?","?","M","?","E","R","$","T","M","?","R","M","E","R","B",null,"M","?","M","$","M","R","E","M","T","E","M","E","M","?","R","B","B",null,"R","$","E"],"character_chosen":"IRONCLAD","items_purchased":["Whirlwind","TheAbacus","PowerPotion","Letter Opener","Metallicize+1","Burning Pact","Oddly Smooth Stone"],"campfire_rested":3,"item_purchase_floors":[25,25,25,38,38,38,54],"current_hp_per_floor":[73,73,50,50,47,45,50,48,48,36,28,10,10,10,30,11,54,23,23,23,29,29,21,41,41,51,46,47,47,47,42,42,37,68,46,58,53,53,26,53,25,19,19,14,22,10,7,75,75,51,32,64,64,64,0],"gold":4,"neow_bonus":"UPGRADE_CARD","is_prod":false,"is_daily":false,"chose_seed":false,"campfire_upgraded":3,"win_rate":0,"timestamp":1565558930,"path_taken":["M","?","?","?","?","E","M","E","T","E","M","?","?","?","R","BOSS","M","?","?","?","?","E","R","$","T","M","?","R","M","E","R","BOSS","M","?","M","$","M","R","E","M","T","E","M","E","M","?","R","BOSS","BOSS","R","$","E"],"build_version":"2019-07-17","purchased_purges":3,"victory":false,"max_hp_per_floor":[75,75,75,75,75,75,75,75,75,75,75,75,75,68,68,68,68,68,68,68,68,68,68,68,68,78,78,78,78,78,78,78,78,78,78,92,92,92,92,92,92,92,92,92,92,92,92,75,75,75,75,75,75,75,75],"card_choices":[{"not_picked":["Reckless Charge","Searing Blow"],"picked":"Combust","floor":1.0},{"not_picked":["Intimidate","Twin Strike"],"picked":"Pommel Strike","floor":5.0},{"not_picked":["Headbutt","Sword Boomerang"],"picked":"Uppercut","floor":6.0},{"not_picked":["Clothesline","Sword Boomerang"],"picked":"Corruption","floor":7.0},{"not_picked":["Searing Blow","Power Through"],"picked":"Anger","floor":8.0},{"not_picked":["Rage","Wild Strike"],"picked":"Combust+1","floor":10.0},{"not_picked":["Reckless Charge","Heavy Blade"],"picked":"True Grit","floor":11.0},{"not_picked":["Limit Break","Fiend Fire"],"picked":"Juggernaut+1","floor":16.0},{"not_picked":["Flex","Sentinel"],"picked":"Shrug It Off+1","floor":18.0},{"not_picked":["Blood for Blood","Anger"],"picked":"Shrug It Off","floor":21.0},{"not_picked":["Thunderclap","True Grit"],"picked":"Rupture+1","floor":23.0},{"not_picked":["Infernal Blade","Searing Blow","Havoc"],"picked":"SKIP","floor":27.0},{"not_picked":["Body Slam","Whirlwind+1"],"picked":"Armaments+1","floor":28.0},{"not_picked":["Warcry","Wild Strike"],"picked":"Rupture+1","floor":30.0},{"not_picked":["Havoc+1","Anger","Cleave"],"picked":"SKIP","floor":31.0},{"not_picked":["Anger","Cleave"],"picked":"Havoc+1","floor":31.0},{"not_picked":["Bludgeon","Feed"],"picked":"Exhume","floor":33.0},{"not_picked":["Blood for Blood","Thunderclap"],"picked":"Flame Barrier+1","floor":35.0},{"not_picked":["Perfected Strike","Hemokinesis"],"picked":"Feel No Pain+1","floor":36.0},{"not_picked":["Pommel Strike","Headbutt"],"picked":"Shockwave","floor":37.0},{"not_picked":["Body Slam","Armaments"],"picked":"True Grit","floor":39.0},{"not_picked":["Whirlwind","Brutality+1"],"picked":"Feel No Pain+1","floor":41.0},{"not_picked":["Clothesline+1","Warcry","Havoc"],"picked":"SKIP","floor":42.0},{"not_picked":["Blood for Blood","Clothesline","Twin Strike"],"picked":"SKIP","floor":44.0},{"not_picked":["Cleave","Flex"],"picked":"Shrug It Off+1","floor":45.0},{"not_picked":["Body Slam+1","Perfected Strike"],"picked":"Feel No Pain+1","floor":46},{"not_picked":["Rupture+1","Clothesline"],"picked":"Battle Trance","floor":47}],"player_experience":772003,"relics_obtained":[{"floor":2.0,"key":"PreservedInsect"},{"floor":6.0,"key":"Kunai"},{"floor":8.0,"key":"Boot"},{"floor":9.0,"key":"Frozen Egg 2"},{"floor":10.0,"key":"MawBank"},{"floor":12.0,"key":"Incense Burner"},{"floor":23.0,"key":"Happy Flower"},{"floor":26.0,"key":"Pear"},{"floor":28.0,"key":"Red Mask"},{"floor":31.0,"key":"Smiling Mask"},{"floor":36.0,"key":"Mango"},{"floor":41.0,"key":"Blood Vial"},{"floor":41.0,"key":"Omamori"},{"floor":44.0,"key":"Ornamental Fan"},{"floor":44.0,"key":"Bottled Lightning"},{"floor":46,"key":"Darkstone Periapt"},{"floor":46,"key":"Bag of Preparation"}],"event_choices":[{"damage_healed":0.0,"max_hp_gain":0.0,"max_hp_loss":0.0,"gold_gain":0.0,"event_name":"Shining Light","player_choice":"Entered Light","floor":3.0,"gold_loss":0.0,"damage_taken":23.0,"cards_upgraded":["Strike_R","Defend_R"]},{"damage_healed":0.0,"max_hp_gain":0.0,"max_hp_loss":0.0,"gold_gain":0.0,"event_name":"WeMeetAgain","player_choice":"Gave Potion","floor":4.0,"gold_loss":0.0,"damage_taken":0.0,"relics_obtained":["Bronze Scales"]},{"damage_healed":0.0,"max_hp_gain":0.0,"max_hp_loss":0.0,"gold_gain":0.0,"event_name":"Dead Adventurer","player_choice":"Searched \u00271\u0027 times","floor":12.0,"gold_loss":0.0,"damage_taken":0.0},{"damage_healed":0.0,"max_hp_gain":0.0,"max_hp_loss":0.0,"gold_gain":0.0,"event_name":"World of Goop","player_choice":"Left Gold","floor":13.0,"gold_loss":56.0,"damage_taken":0.0},{"damage_healed":0.0,"max_hp_gain":0.0,"max_hp_loss":7.0,"gold_gain":0.0,"event_name":"Golden Idol","player_choice":"Lose Max HP","floor":14.0,"gold_loss":0.0,"damage_taken":0.0,"relics_obtained":["Golden Idol"]},{"damage_healed":0.0,"max_hp_gain":0.0,"max_hp_loss":0.0,"gold_gain":0.0,"event_name":"Back to Basics","player_choice":"Simplicity","floor":19.0,"gold_loss":0.0,"damage_taken":0.0,"cards_upgraded":["Strike_R","Strike_R","Strike_R","Strike_R","Defend_R","Defend_R","Defend_R"]},{"damage_healed":0.0,"max_hp_gain":0.0,"max_hp_loss":0.0,"gold_gain":0.0,"event_name":"FaceTrader","player_choice":"Trade","floor":20.0,"gold_loss":0.0,"damage_taken":0.0,"relics_obtained":["CultistMask"]},{"cards_removed":["Strike_R"],"damage_healed":0.0,"max_hp_gain":0.0,"max_hp_loss":0.0,"gold_gain":0.0,"event_name":"Beggar","player_choice":"Gave Gold","floor":22.0,"gold_loss":75.0,"damage_taken":0.0},{"damage_healed":0.0,"max_hp_gain":0.0,"max_hp_loss":0.0,"gold_gain":0.0,"event_name":"Masked Bandits","player_choice":"Fought Bandits","floor":28.0,"gold_loss":0.0,"damage_taken":0.0},{"damage_healed":0.0,"max_hp_gain":0.0,"max_hp_loss":0.0,"gold_gain":0.0,"event_name":"MindBloom","player_choice":"Fight","floor":36.0,"gold_loss":0.0,"damage_taken":0.0},{"damage_healed":75,"gold_gain":0,"player_choice":"Heal","damage_taken":0,"max_hp_gain":0,"max_hp_loss":17,"event_name":"The Moai Head","floor":48,"gold_loss":0}],"is_beta":false,"boss_relics":[{"not_picked":["Calling Bell","Runic Cube"],"picked":"Philosopher\u0027s Stone"},{"not_picked":["Cursed Key","Runic Dome"],"picked":"Black Star"}],"items_purged_floors":[25,38,54],"is_endless":false,"potions_floor_spawned":[1,5,7,10,21,28,31,33,37,44,45],"killed_by":"Shield and Spear","ascension_level":20}