{"gold_per_floor":[113,213,225,5,5,25,49,49,49,81,81,81,107,124,124,223,223,235,249,1,17,36,36,54,54,78,78],"floor_reached":27,"playtime":1262,"items_purged":[],"score":223,"play_id":"869c2a21-fd69-41bb-9539-920294790662","local_time":"20190906074752","is_ascension_mode":false,"campfire_choices":[{"data":"Inflame","floor":8,"key":"SMITH"},{"data":"Burning Pact","floor":11,"key":"SMITH"},{"floor":15,"key":"REST"},{"floor":23,"key":"REST"},{"floor":25,"key":"REST"}],"neow_cost":"NONE","seed_source_timestamp":4208525196400,"circlet_count":0,"master_deck":["Defend_R","Defend_R","Defend_R","Defend_R","Bash+1","Combust","Inflame+1","Rampage+1","Burning Pact+1","Barricade","Seeing Red","Offering","Juggernaut+1","Impervious+1","Pummel+1","True Grit","Flex","Armaments"],"relics":["Burning Blood","Orichalcum","Whetstone","Pear","Bottled Flame","Ginger","Astrolabe","Brimstone","Smiling Mask"],"potions_floor_usage":[16,16],"damage_taken":[{"damage":10,"enemies":"Jaw Worm","floor":1,"turns":4},{"damage":8,"enemies":"Cultist","floor":3,"turns":4},{"damage":0,"enemies":"Small Slimes","floor":6,"turns":3},{"damage":18,"enemies":"Gremlin Nob","floor":10,"turns":4},{"damage":26,"enemies":"3 Sentries","floor":13,"turns":5},{"damage":3,"enemies":"Blue Slaver","floor":14,"turns":2},{"damage":59,"enemies":"The Guardian","floor":16,"turns":10},{"damage":33,"enemies":"2 Thieves","floor":18,"turns":4},{"damage":26,"enemies":"Chosen","floor":19,"turns":7},{"damage":0,"enemies":"Centurion and Healer","floor":21,"turns":6},{"damage":26,"enemies":"Snake Plant","floor":22,"turns":4},{"damage":50,"enemies":"Chosen and Byrds","floor":24,"turns":5},{"damage":40,"enemies":"3 Cultists","floor":27,"turns":5}],"seed_played":"7654680753875403317","potions_obtained":[{"floor":6,"key":"SmokeBomb"},{"floor":10,"key":"SkillPotion"},{"floor":13,"key":"SteroidPotion"},{"floor":19,"key":"Fire Potion"},{"floor":24,"key":"FearPotion"}],"is_trial":false,"path_per_floor":["M","?","M","$","?","M","T","R","T","E","R","?","E","M","R","B",null,"M","M","$","M","M","R","M","R","T","M"],"character_chosen":"IRONCLAD","items_purchased":["Rampage","Orichalcum","Brimstone","Armaments"],"campfire_rested":3,"item_purchase_floors":[4,4,20,20],"current_hp_per_floor":[76,76,74,74,74,80,80,80,90,78,78,78,58,61,88,35,90,63,43,43,49,29,56,12,39,39,0],"gold":78,"neow_bonus":"REMOVE_CARD","is_prod":false,"is_daily":false,"chose_seed":false,"campfire_upgraded":2,"win_rate":0,"timestamp":1567727272,"path_taken":["M","?","?","$","?","M","?","R","T","E","R","?","E","?","R","BOSS","M","M","$","M","M","R","M","R","T","M"],"build_version":"2019-07-17","purchased_purges":0,"victory":false,"max_hp_per_floor":[80,80,80,80,80,80,80,80,90,90,90,90,90,90,90,90,90,90,90,90,90,90,90,90,90,90,90],"card_choices":[{"not_picked":["Perfected Strike","Feel No Pain"],"picked":"Combust","floor":1},{"not_picked":["Wild Strike","Headbutt"],"picked":"Inflame","floor":3},{"not_picked":["Wild Strike","Havoc"],"picked":"Burning Pact","floor":6},{"not_picked":["Perfected Strike","Sword Boomerang","Body Slam"],"picked":"SKIP","floor":10},{"not_picked":["Clash","Rampage"],"picked":"Barricade","floor":13},{"not_picked":["Cleave","Sword Boomerang"],"picked":"Seeing Red","floor":14},{"not_picked":["Feed","Dark Embrace"],"picked":"Offering","floor":16},{"not_picked":["Ghostly Armor","Body Slam"],"picked":"True Grit","floor":18},{"not_picked":["Reaper","Shrug It Off"],"picked":"Flex","floor":19},{"not_picked":["Thunderclap+1","Dropkick","Perfected Strike"],"picked":"SKIP","floor":21},{"not_picked":["Rupture","Flex","Searing Blow"],"picked":"SKIP","floor":22},{"not_picked":["Blood for Blood","Anger","Warcry"],"picked":"SKIP","floor":24}],"player_experience":298641,"relics_obtained":[{"floor":7,"key":"Whetstone"},{"floor":9,"key":"Pear"},{"floor":10,"key":"Bottled Flame"},{"floor":13,"key":"Ginger"},{"floor":26,"key":"Smiling Mask"}],"event_choices":[{"damage_healed":0,"gold_gain":100,"player_choice":"Pray","damage_taken":0,"max_hp_gain":0,"max_hp_loss":0,"event_name":"Golden Shrine","floor":2,"gold_loss":0},{"damage_healed":0,"gold_gain":0,"player_choice":"Ignored","damage_taken":0,"max_hp_gain":0,"max_hp_loss":0,"event_name":"Liars Game","floor":5,"gold_loss":0},{"cards_removed":["Strike_R"],"damage_healed":0,"gold_gain":0,"player_choice":"Forget","damage_taken":0,"max_hp_gain":0,"max_hp_loss":0,"event_name":"Living Wall","floor":12,"gold_loss":0}],"is_beta":false,"boss_relics":[{"not_picked":["Philosopher\u0027s Stone","Runic Dome"],"picked":"Astrolabe"}],"items_purged_floors":[],"is_endless":false,"potions_floor_spawned":[6,10,13,19,24],"killed_by":"3 Cultists","ascension_level":0}