{"gold_per_floor":[109,124,124,138,156,156,168,168,168,18,29,29,43,58,58,135,135,155,4,4,16,0,0,0],"floor_reached":24,"playtime":947,"items_purged":["Strike_R","Strike_R"],"score":380,"play_id":"fb8d3e48-7edf-4d8c-a996-46469f9bdb6f","local_time":"20190714020620","is_ascension_mode":true,"campfire_choices":[{"data":"True Grit","floor":6,"key":"SMITH"},{"data":"Bash","floor":8,"key":"SMITH"},{"data":"Disarm","floor":15,"key":"SMITH"},{"data":"Barricade","floor":23,"key":"SMITH"}],"neow_cost":"NONE","seed_source_timestamp":367467708336800,"circlet_count":0,"master_deck":["AscendersBane","Strike_R","Strike_R","Defend_R","Defend_R","Defend_R","Defend_R","Bash+1","Offering","Dropkick","True Grit+1","Second Wind","True Grit","Sever Soul","Power Through","Whirlwind","Disarm+1","Barricade+1","Body Slam","Shrug It Off","Ghostly","Ghostly","Ghostly"],"relics":["Burning Blood","Thread and Needle","Vajra","Runic Dome"],"potions_floor_usage":[],"damage_taken":[{"damage":13,"enemies":"Cultist","floor":1,"turns":4},{"damage":10,"enemies":"Jaw Worm","floor":2,"turns":3},{"damage":2,"enemies":"2 Louse","floor":4,"turns":4},{"damage":15,"enemies":"Blue Slaver","floor":5,"turns":4},{"damage":6,"enemies":"2 Fungi Beasts","floor":7,"turns":4},{"damage":6,"enemies":"Looter","floor":11,"turns":1},{"damage":6,"enemies":"3 Louse","floor":13,"turns":6},{"damage":4,"enemies":"Blue Slaver","floor":14,"turns":5},{"damage":43,"enemies":"The Guardian","floor":16,"turns":13},{"damage":17,"enemies":"3 Byrds","floor":18,"turns":5},{"damage":3,"enemies":"Spheric Guardian","floor":21,"turns":12},{"damage":39,"enemies":"Book of Stabbing","floor":24,"turns":8}],"seed_played":"-3411021949881444811","potions_obtained":[{"floor":4,"key":"Ancient Potion"},{"floor":5,"key":"SpeedPotion"}],"is_trial":false,"path_per_floor":["M","M","?","M","M","R","M","R","T","$","M","T","M","M","R","B",null,"M","$","?","M","?","R","E"],"character_chosen":"IRONCLAD","items_purchased":["Sever Soul","Shrug It Off"],"campfire_rested":0,"item_purchase_floors":[10,19],"current_hp_per_floor":[61,57,57,61,52,52,52,52,52,52,52,52,52,54,54,17,61,50,50,37,37,37,37,0],"gold":0,"neow_bonus":"ONE_RANDOM_RARE_CARD","is_prod":false,"is_daily":false,"chose_seed":false,"campfire_upgraded":4,"win_rate":0,"timestamp":1563095180,"path_taken":["M","?","?","M","?","R","M","R","T","?","M","?","?","M","R","BOSS","M","$","?","M","?","R","E"],"build_version":"2019-07-05","purchased_purges":2,"victory":false,"max_hp_per_floor":[75,75,75,75,75,75,75,75,75,75,75,75,75,75,75,75,75,75,75,37,37,37,37,37],"card_choices":[{"not_picked":["Armaments","Flame Barrier"],"picked":"Dropkick","floor":1},{"not_picked":["Flex","Cleave"],"picked":"True Grit","floor":2},{"not_picked":["Searing Blow","Flame Barrier"],"picked":"Second Wind","floor":4},{"not_picked":["Cleave","Warcry"],"picked":"True Grit","floor":5},{"not_picked":["Heavy Blade","Infernal Blade","Iron Wave"],"picked":"SKIP","floor":7},{"not_picked":["Impervious","Anger"],"picked":"Power Through","floor":11},{"not_picked":["Pommel Strike","Clothesline"],"picked":"Whirlwind","floor":13},{"not_picked":["Intimidate","Armaments"],"picked":"Disarm","floor":14},{"not_picked":["Juggernaut","Berserk"],"picked":"Barricade","floor":16},{"not_picked":["Pommel Strike","Clash"],"picked":"Body Slam","floor":18},{"not_picked":["Flex","Body Slam","Warcry"],"picked":"SKIP","floor":21}],"player_experience":656684,"relics_obtained":[{"floor":9,"key":"Thread and Needle"},{"floor":12,"key":"Vajra"}],"event_choices":[{"cards_removed":["Strike_R"],"damage_healed":0,"gold_gain":0,"player_choice":"Offered Basic","damage_taken":0,"max_hp_gain":0,"max_hp_loss":0,"event_name":"Bonfire Elementals","floor":3,"gold_loss":0},{"damage_healed":0,"gold_gain":0,"player_choice":"Became a Ghost","damage_taken":0,"max_hp_gain":0,"max_hp_loss":38,"event_name":"Ghosts","floor":20,"gold_loss":0,"cards_obtained":["Ghostly","Ghostly","Ghostly"]},{"damage_healed":0,"gold_gain":0,"player_choice":"Paid Fearfully","damage_taken":0,"max_hp_gain":0,"max_hp_loss":0,"event_name":"Masked Bandits","floor":22,"gold_loss":16}],"is_beta":false,"boss_relics":[{"not_picked":["Orrery","Velvet Choker"],"picked":"Runic Dome"}],"items_purged_floors":[10,19],"is_endless":false,"potions_floor_spawned":[4,5,11,13],"killed_by":"Book of Stabbing","ascension_level":20}