{"gold_per_floor":[116,116,74,87,97,97,130,130,198,231,246,246,271,290,290,364,364,381,414,374],"floor_reached":20,"playtime":636,"items_purged":[],"score":384,"play_id":"6b807bf5-8d45-4d59-8e32-d752e4d7c20e","local_time":"20190810223129","is_ascension_mode":true,"campfire_choices":[{"data":"Twin Strike","floor":6.0,"key":"SMITH"},{"data":"Uppercut","floor":8.0,"key":"SMITH"},{"data":"Demon Form","floor":15.0,"key":"SMITH"}],"neow_cost":"NONE","seed_source_timestamp":628395884260800,"circlet_count":0,"master_deck":["AscendersBane","Strike_R","Strike_R","Strike_R","Strike_R","Strike_R","Defend_R","Defend_R","Defend_R","Defend_R","Bash","Twin Strike+1","Thunderclap","Double Tap","Uppercut+1","Battle Trance","Inflame","Sword Boomerang+1","Demon Form+1","Feel No Pain","Impervious","Headbutt+1","Cleave+1"],"special_seed":0,"relics":["Burning Blood","Centennial Puzzle","Question Card","Molten Egg 2","Juzu Bracelet","Snecko Eye","Red Mask"],"potions_floor_usage":[],"damage_taken":[{"damage":7.0,"enemies":"2 Louse","floor":1.0,"turns":3.0},{"damage":1.0,"enemies":"Cultist","floor":4.0,"turns":3.0},{"damage":4.0,"enemies":"Jaw Worm","floor":5.0,"turns":3.0},{"damage":20.0,"enemies":"Lagavulin","floor":7.0,"turns":4.0},{"damage":25.0,"enemies":"3 Sentries","floor":10.0,"turns":6.0},{"damage":8.0,"enemies":"Exordium Thugs","floor":11.0,"turns":4.0},{"damage":25.0,"enemies":"Lagavulin","floor":13.0,"turns":5.0},{"damage":1.0,"enemies":"2 Fungi Beasts","floor":14.0,"turns":3.0},{"damage":28.0,"enemies":"Slime Boss","floor":16.0,"turns":4.0},{"damage":12.0,"enemies":"Shell Parasite","floor":18.0,"turns":3.0},{"damage":72.0,"enemies":"Masked Bandits","floor":19.0,"turns":6.0},{"damage":16,"enemies":"2 Thieves","floor":20,"turns":1}],"seed_played":"-512645415405500929","potions_obtained":[{"floor":1.0,"key":"Strength Potion"},{"floor":5.0,"key":"FearPotion"},{"floor":16.0,"key":"FairyPotion"},{"floor":18.0,"key":"Fruit Juice"}],"is_trial":false,"path_per_floor":["M","?","$","M","M","R","E","R","T","E","M","?","E","M","R","B",null,"M","?","M"],"character_chosen":"IRONCLAD","items_purchased":["Uppercut"],"campfire_rested":0,"item_purchase_floors":[3],"current_hp_per_floor":[67,67,67,72,74,74,60,60,60,41,39,64,45,50,50,28,63,57,14,0],"gold":374,"neow_bonus":"THREE_CARDS","is_prod":false,"is_daily":false,"chose_seed":false,"campfire_upgraded":3,"win_rate":0,"timestamp":1565501489,"path_taken":["M","?","?","?","M","R","E","R","T","E","M","?","E","M","R","BOSS","M","?","M"],"build_version":"2019-07-17","purchased_purges":0,"victory":false,"max_hp_per_floor":[75,75,75,75,75,75,75,75,75,75,75,75,75,75,75,75,75,75,80,80],"card_choices":[{"not_picked":["Shrug It Off","Havoc"],"picked":"Twin Strike","floor":0.0},{"not_picked":["Rupture","Second Wind"],"picked":"Thunderclap","floor":1.0},{"not_picked":["Twin Strike","Flex","Rage"],"picked":"SKIP","floor":4.0},{"not_picked":["Wild Strike","Twin Strike","True Grit"],"picked":"SKIP","floor":5.0},{"not_picked":["Wild Strike","Twin Strike","True Grit"],"picked":"SKIP","floor":5.0},{"not_picked":["Reckless Charge","Seeing Red"],"picked":"Battle Trance","floor":7.0},{"not_picked":["Armaments","Havoc","Heavy Blade"],"picked":"Inflame","floor":10.0},{"not_picked":["Body Slam+1","Searing Blow+1","Warcry"],"picked":"Sword Boomerang+1","floor":11.0},{"not_picked":["Thunderclap+1","Searing Blow+1","Ghostly Armor"],"picked":"Demon Form","floor":13.0},{"not_picked":["Armaments","Heavy Blade+1","Juggernaut"],"picked":"Feel No Pain","floor":14.0},{"not_picked":["Brutality","Limit Break","Juggernaut"],"picked":"Impervious","floor":16.0},{"not_picked":["Clash+1","Searing Blow+1","Twin Strike+1"],"picked":"Headbutt+1","floor":18.0},{"not_picked":["Anger+1","Clothesline+1","Battle Trance+1"],"picked":"Cleave+1","floor":19.0}],"player_experience":767069,"relics_obtained":[{"floor":7.0,"key":"Centennial Puzzle"},{"floor":9.0,"key":"Question Card"},{"floor":10.0,"key":"Molten Egg 2"},{"floor":13.0,"key":"Juzu Bracelet"},{"floor":19.0,"key":"Red Mask"}],"event_choices":[{"damage_healed":0.0,"max_hp_gain":0.0,"max_hp_loss":0.0,"gold_gain":0.0,"event_name":"Match and Keep!","player_choice":"1 cards matched","floor":2.0,"gold_loss":0.0,"damage_taken":0.0,"cards_obtained":["Double Tap"]},{"damage_healed":25.0,"max_hp_gain":0.0,"max_hp_loss":0.0,"gold_gain":0.0,"event_name":"Big Fish","player_choice":"Banana","floor":12.0,"gold_loss":0.0,"damage_taken":0.0},{"damage_healed":0.0,"max_hp_gain":0.0,"max_hp_loss":0.0,"gold_gain":0.0,"event_name":"Masked Bandits","player_choice":"Fought Bandits","floor":19.0,"gold_loss":0.0,"damage_taken":0.0}],"is_beta":false,"boss_relics":[{"not_picked":["Astrolabe","Fusion Hammer"],"picked":"Snecko Eye"}],"items_purged_floors":[],"is_endless":false,"potions_floor_spawned":[1,5,16,18],"killed_by":"2 Thieves","ascension_level":20}