{"gold_per_floor":[11,186,205,216,64,64,97,115,115,135,151,116,116,128,128,223,223,239,239,253,271,271],"floor_reached":22,"playtime":953,"items_purged":["Doubt"],"score":295,"play_id":"d20172fb-6189-4fa0-a065-56cdcb1d7061","local_time":"20181031202321","is_ascension_mode":true,"campfire_choices":[{"data":"Doom and Gloom","floor":6.0,"key":"SMITH"},{"floor":13.0,"key":"REST"},{"data":"Leap","floor":15.0,"key":"SMITH"}],"neow_cost":"NO_GOLD","seed_source_timestamp":313751876612820,"circlet_count":0,"master_deck":["Strike_B","Strike_B","Defend_B","Defend_B","Defend_B","Defend_B","Zap","Dualcast","AscendersBane","Ball Lightning","FTL","Doom and Gloom+1","White Noise","Redo+1","Leap+1","Ball Lightning+1","Echo Form","Barrage+1","Hologram"],"special_seed":0,"relics":["Cracked Core","Mummified Hand","Molten Egg 2","Sozu"],"potions_floor_usage":[16,16,18],"damage_taken":[{"damage":1.0,"enemies":"2 Louse","floor":1.0,"turns":2.0},{"damage":7.0,"enemies":"Jaw Worm","floor":3.0,"turns":3.0},{"damage":1.0,"enemies":"Cultist","floor":4.0,"turns":3.0},{"damage":35.0,"enemies":"Lagavulin","floor":7.0,"turns":5.0},{"damage":1.0,"enemies":"2 Fungi Beasts","floor":8.0,"turns":2.0},{"damage":18.0,"enemies":"Large Slime","floor":10.0,"turns":4.0},{"damage":0.0,"enemies":"Gremlin Gang","floor":11.0,"turns":1.0},{"damage":1.0,"enemies":"Exordium Wildlife","floor":14.0,"turns":2.0},{"damage":14,"enemies":"The Guardian","floor":16,"turns":7},{"damage":12,"enemies":"Chosen","floor":18,"turns":4},{"damage":18,"enemies":"2 Thieves","floor":20,"turns":3},{"damage":38,"enemies":"Snake Plant","floor":21,"turns":3},{"damage":9,"enemies":"Centurion and Healer","floor":22,"turns":1}],"seed_played":"2223246497906029798","potions_obtained":[{"floor":3.0,"key":"LiquidBronze"},{"floor":7.0,"key":"AttackPotion"},{"floor":8.0,"key":"Energy Potion"},{"floor":14.0,"key":"FocusPotion"},{"floor":16,"key":"Regen Potion"}],"is_trial":false,"path_per_floor":["M","?","M","M","$","R","E","M","T","M","M","?","R","M","R","B",null,"M","?","M","M"],"character_chosen":"DEFECT","items_purchased":["Doom and Gloom"],"campfire_rested":1,"item_purchase_floors":[5],"current_hp_per_floor":[67,67,60,59,59,59,24,23,23,5,5,23,45,44,44,30,64,64,64,46,8,0],"gold":271,"neow_bonus":"REMOVE_TWO","is_prod":false,"is_daily":false,"chose_seed":false,"campfire_upgraded":2,"win_rate":0,"timestamp":1541031801,"path_taken":["M","?","M","M","$","R","E","M","T","?","M","?","R","M","R","BOSS","M","?","M","M","M"],"build_version":"2018-10-25v2","purchased_purges":1,"victory":false,"max_hp_per_floor":[75,75,75,75,75,75,75,75,75,75,75,75,75,75,75,75,75,75,75,75,75,75],"card_choices":[{"not_picked":["Conserve Battery","Stack"],"picked":"Ball Lightning","floor":1.0},{"not_picked":["White Noise","Streamline"],"picked":"FTL","floor":3.0},{"not_picked":["Turbo","Heatsinks","Barrage"],"picked":"SKIP","floor":4.0},{"not_picked":["Fusion","Reprogram"],"picked":"White Noise","floor":7.0},{"not_picked":["Reprogram","Compile Driver"],"picked":"Redo","floor":8.0},{"not_picked":["Chill","Genetic Algorithm"],"picked":"Leap","floor":10.0},{"not_picked":["Consume","Stack"],"picked":"Ball Lightning+1","floor":11.0},{"not_picked":["Redo","Genetic Algorithm","Sweeping Beam+1"],"picked":"SKIP","floor":14.0},{"not_picked":["All For One+1","Reboot"],"picked":"Echo Form","floor":16},{"not_picked":["Compile Driver+1","Sunder+1","Skim"],"picked":"SKIP","floor":18},{"not_picked":["Undo","Reprogram"],"picked":"Barrage+1","floor":20},{"not_picked":["Rip and Tear+1","Chaos"],"picked":"Hologram","floor":21}],"player_experience":401104,"relics_obtained":[{"floor":7.0,"key":"Mummified Hand"},{"floor":9.0,"key":"Molten Egg 2"}],"event_choices":[{"damage_healed":0.0,"max_hp_gain":0.0,"max_hp_loss":0.0,"gold_gain":175.0,"event_name":"Liars Game","player_choice":"AGREE","floor":2.0,"gold_loss":0.0,"damage_taken":0.0,"cards_obtained":["Doubt"]},{"damage_healed":18.0,"max_hp_gain":0.0,"max_hp_loss":0.0,"gold_gain":0.0,"event_name":"The Cleric","player_choice":"Healed","floor":12.0,"gold_loss":35.0,"damage_taken":0.0},{"damage_healed":0,"gold_gain":0,"player_choice":"Upgraded","damage_taken":0,"max_hp_gain":0,"max_hp_loss":0,"event_name":"Upgrade Shrine","floor":19,"gold_loss":0,"cards_upgraded":["Redo"]}],"is_beta":false,"boss_relics":[{"not_picked":["Runic Pyramid","Black Star"],"picked":"Sozu"}],"items_purged_floors":[5],"is_endless":false,"potions_floor_spawned":[3,7,8,14,16,18,20],"killed_by":"Centurion and Healer","ascension_level":11}