{"gold_per_floor":[365,365,379,119,144,144,160,173,173,173,187,187,202,217,217,341,341,355,454,387,406,427,427,427],"floor_reached":24,"playtime":1474,"items_purged":["Strike_R"],"score":240,"play_id":"404265b7-5745-4619-92f7-88436b85b900","local_time":"20181211023441","is_ascension_mode":true,"campfire_choices":[{"data":"Armaments","floor":6,"key":"SMITH"},{"data":"Body Slam","floor":12,"key":"SMITH"},{"data":"True Grit","floor":15,"key":"SMITH"},{"data":"Bash","floor":23,"key":"SMITH"}],"neow_cost":"PERCENT_DAMAGE","seed_source_timestamp":403523886655000,"circlet_count":0,"master_deck":["Strike_R","Strike_R","Strike_R","Defend_R","Defend_R","Defend_R","Defend_R","Bash+1","Sentinel","Body Slam+1","Demon Form","Pommel Strike","Armaments+1","Iron Wave","True Grit+1","Offering","Disarm+1"],"relics":["Burning Blood","Golden Idol","Vajra","Coffee Dripper","Red Skull"],"potions_floor_usage":[21],"damage_taken":[{"damage":4,"enemies":"Jaw Worm","floor":1,"turns":4},{"damage":13,"enemies":"2 Louse","floor":3,"turns":4},{"damage":0,"enemies":"Small Slimes","floor":5,"turns":3},{"damage":4,"enemies":"2 Fungi Beasts","floor":7,"turns":4},{"damage":24,"enemies":"Exordium Thugs","floor":8,"turns":9},{"damage":3,"enemies":"Blue Slaver","floor":11,"turns":5},{"damage":0,"enemies":"Large Slime","floor":13,"turns":6},{"damage":0,"enemies":"2 Fungi Beasts","floor":14,"turns":4},{"damage":30,"enemies":"Hexaghost","floor":16,"turns":9},{"damage":34,"enemies":"3 Byrds","floor":18,"turns":9},{"damage":20,"enemies":"Chosen","floor":21,"turns":5},{"damage":17,"enemies":"Sentry and Sphere","floor":22,"turns":6},{"damage":25,"enemies":"Book of Stabbing","floor":24,"turns":5}],"seed_played":"-4534817163485083038","potions_obtained":[{"floor":8,"key":"BloodPotion"},{"floor":11,"key":"Dexterity Potion"},{"floor":14,"key":"Regen Potion"},{"floor":16,"key":"Explosive Potion"},{"floor":21,"key":"PowerPotion"}],"is_trial":false,"path_per_floor":["M","?","M","$","M","R","M","M","T","?","M","R","M","M","R","B",null,"M","?","?","M","M","R","E"],"character_chosen":"IRONCLAD","items_purchased":["Demon Form","Pommel Strike","Armaments"],"campfire_rested":0,"item_purchase_floors":[4,4,4],"current_hp_per_floor":[58,58,51,51,57,57,59,41,41,41,44,44,50,56,56,32,64,36,36,36,36,25,25,0],"gold":427,"neow_bonus":"TWO_FIFTY_GOLD","is_prod":false,"is_daily":false,"chose_seed":false,"campfire_upgraded":4,"win_rate":0,"timestamp":1544524481,"path_taken":["M","?","M","$","M","R","M","M","T","?","M","R","M","?","R","BOSS","M","?","?","M","?","R","E"],"build_version":"2018-12-06","purchased_purges":1,"victory":false,"max_hp_per_floor":[80,74,74,74,74,74,74,74,74,74,74,74,74,74,74,74,74,74,74,74,74,74,74,74],"card_choices":[{"not_picked":["Sword Boomerang","Clash"],"picked":"Sentinel","floor":1},{"not_picked":["Havoc","Hemokinesis"],"picked":"Body Slam","floor":3},{"not_picked":["Battle Trance","Pommel Strike"],"picked":"Iron Wave","floor":5},{"not_picked":["Dropkick","Second Wind","Flex"],"picked":"SKIP","floor":7},{"not_picked":["Warcry","Body Slam","Clash"],"picked":"SKIP","floor":8},{"not_picked":["Hemokinesis","Anger"],"picked":"True Grit","floor":11},{"not_picked":["Spot Weakness","Cleave","Havoc"],"picked":"SKIP","floor":13},{"not_picked":["Armaments","Thunderclap","Twin Strike"],"picked":"SKIP","floor":14},{"not_picked":["Juggernaut","Feed"],"picked":"Offering","floor":16},{"not_picked":["Headbutt","Infernal Blade","Searing Blow+1"],"picked":"SKIP","floor":18},{"not_picked":["Pummel+1","Dual Wield+1","True Grit"],"picked":"SKIP","floor":21},{"not_picked":["Second Wind","Pommel Strike"],"picked":"Disarm+1","floor":22}],"player_experience":32337,"relics_obtained":[{"floor":9,"key":"Vajra"}],"event_choices":[{"damage_healed":0,"gold_gain":0,"player_choice":"Lose Max HP","damage_taken":0,"relics_obtained":["Golden Idol"],"max_hp_gain":0,"max_hp_loss":6,"event_name":"Golden Idol","floor":2,"gold_loss":0},{"cards_removed":["Strike_R"],"damage_healed":0,"gold_gain":0,"player_choice":"Forget","damage_taken":0,"max_hp_gain":0,"max_hp_loss":0,"event_name":"Living Wall","floor":10,"gold_loss":0},{"damage_healed":0,"gold_gain":99,"player_choice":"Stole From Cult","damage_taken":0,"max_hp_gain":0,"max_hp_loss":0,"event_name":"Nest","floor":19,"gold_loss":0},{"damage_healed":0,"gold_gain":0,"player_choice":"Paid Gold","damage_taken":0,"relics_obtained":["Red Skull"],"max_hp_gain":0,"max_hp_loss":0,"event_name":"WeMeetAgain","floor":20,"gold_loss":67}],"is_beta":false,"boss_relics":[{"not_picked":["Runic Dome","Snecko Eye"],"picked":"Coffee Dripper"}],"items_purged_floors":[4],"is_endless":false,"potions_floor_spawned":[8,11,14,16,21],"killed_by":"Book of Stabbing","ascension_level":5}