{"gold_per_floor":[119,134,209,209,229,229,248,173,197,216,226,52,65,82,82,82],"floor_reached":16,"playtime":818,"items_purged":["Defend_G","Strike_G"],"score":96,"play_id":"cf71d4e6-3a12-4d9e-8c87-ae90d315cd7b","local_time":"20190903191419","is_ascension_mode":false,"campfire_choices":[{"data":"Bouncing Flask","floor":6,"key":"SMITH"},{"floor":15,"key":"REST"}],"neow_cost":"PERCENT_DAMAGE","seed_source_timestamp":1562882236202400,"circlet_count":0,"master_deck":["Strike_G","Defend_G","Defend_G","Defend_G","Defend_G","Survivor","Neutralize","Riddle With Holes","Tactician","Deadly Poison","Bouncing Flask+1","Malaise","Well Laid Plans","Dagger Spray","Catalyst","Footwork"],"relics":["Ring of the Snake"],"potions_floor_usage":[16,16,16],"damage_taken":[{"damage":0,"enemies":"Jaw Worm","floor":1,"turns":4},{"damage":0,"enemies":"2 Louse","floor":2,"turns":3},{"damage":2,"enemies":"Cultist","floor":5,"turns":4},{"damage":1,"enemies":"Looter","floor":7,"turns":4},{"damage":22,"enemies":"Exordium Thugs","floor":10,"turns":5},{"damage":1,"enemies":"Large Slime","floor":11,"turns":6},{"damage":0,"enemies":"3 Louse","floor":13,"turns":2},{"damage":0,"enemies":"Blue Slaver","floor":14,"turns":4},{"damage":33,"enemies":"Slime Boss","floor":16,"turns":8}],"seed_played":"-7754290614935713013","potions_obtained":[{"floor":1,"key":"Swift Potion"},{"floor":2,"key":"SpeedPotion"},{"floor":10,"key":"Explosive Potion"},{"floor":11,"key":"Dexterity Potion"}],"is_trial":false,"path_per_floor":["M","M","?","?","M","R","M","$","T","M","M","$","M","M","R","B"],"character_chosen":"THE_SILENT","items_purchased":["Catalyst"],"campfire_rested":1,"item_purchase_floors":[12],"current_hp_per_floor":[49,49,38,38,36,36,35,35,35,13,12,12,12,12,33,0],"gold":82,"neow_bonus":"TRANSFORM_TWO_CARDS","is_prod":false,"is_daily":false,"chose_seed":false,"campfire_upgraded":1,"win_rate":0,"timestamp":1567563259,"path_taken":["M","M","?","?","M","R","M","?","T","?","M","$","M","M","R","BOSS"],"build_version":"2019-07-17","purchased_purges":2,"victory":false,"max_hp_per_floor":[70,70,70,70,70,70,70,70,70,70,70,70,70,70,70,70],"card_choices":[{"not_picked":["All Out Attack","Heel Hook"],"picked":"Deadly Poison","floor":1},{"not_picked":["Flying Knee","Eviscerate"],"picked":"Bouncing Flask","floor":2},{"not_picked":["Eviscerate","Dagger Throw","Calculated Gamble"],"picked":"SKIP","floor":5},{"not_picked":["Acrobatics","Dash"],"picked":"Well Laid Plans","floor":7},{"not_picked":["PiercingWail","Tactician","Heel Hook"],"picked":"SKIP","floor":10},{"not_picked":["Dodge and Roll","Tools of the Trade"],"picked":"Dagger Spray","floor":11},{"not_picked":["All Out Attack","Calculated Gamble","Well Laid Plans"],"picked":"SKIP","floor":13},{"not_picked":["Quick Slash","Blur"],"picked":"Footwork","floor":14}],"player_experience":111909,"relics_obtained":[],"event_choices":[{"damage_healed":0,"gold_gain":75,"player_choice":"Gather Gold","damage_taken":11,"max_hp_gain":0,"max_hp_loss":0,"event_name":"World of Goop","floor":3,"gold_loss":0},{"damage_healed":0,"gold_gain":0,"cards_transformed":["Strike_G"],"player_choice":"Change","damage_taken":0,"max_hp_gain":0,"max_hp_loss":0,"event_name":"Living Wall","floor":4,"gold_loss":0,"cards_obtained":["Malaise"]}],"is_beta":false,"boss_relics":[],"items_purged_floors":[8,12],"is_endless":false,"potions_floor_spawned":[1,2,10,11],"killed_by":"Slime Boss","ascension_level":0}