{"gold_per_floor":[119,119,38,54,54,54,68,28,99,26,26,41,41,56,56,154,154,140,151,151,76,92,105,105,136,163,197,297,312,324,338,338,443,443,462,562,577,595,307,307,327,354,379,379,329,329,329,348,348,348,348,348,40,75,75],"floor_reached":56,"playtime":5720,"items_purged":["Strike_G","Strike_G","Strike_G"],"score":1259,"play_id":"79d52fe4-0eb5-4595-9041-d9aa051c65b9","local_time":"20190907211224","is_ascension_mode":false,"campfire_choices":[{"data":"Caltrops","floor":6,"key":"SMITH"},{"data":"Footwork","floor":11,"key":"SMITH"},{"data":"Footwork","floor":13,"key":"SMITH"},{"data":"Neutralize","floor":15,"key":"SMITH"},{"data":"Ghostly","floor":24,"key":"SMITH"},{"data":"Footwork","floor":32,"key":"SMITH"},{"data":"A Thousand Cuts","floor":40,"key":"SMITH"},{"floor":44,"key":"RECALL"},{"data":"Infinite Blades","floor":46,"key":"SMITH"},{"data":"Backflip","floor":49,"key":"SMITH"},{"data":"Acrobatics","floor":52,"key":"SMITH"}],"neow_cost":"NONE","seed_source_timestamp":1910636449871600,"circlet_count":0,"master_deck":["Strike_G","Defend_G","Defend_G","Defend_G+1","Defend_G+1","Defend_G","Survivor","Neutralize+1","Caltrops+1","Dagger Spray+1","Acrobatics+1","Footwork+1","Footwork+1","Backflip","Venomology","Expertise+1","Ghostly","Ghostly","Ghostly","Ghostly","Ghostly+1","Backflip+1","Footwork+1","A Thousand Cuts+1","Acrobatics+1","Prepared+1","Terror","Leg Sweep+1","Infinite Blades+1"],"relics":["Coffee Dripper","Matryoshka","Busted Crown","Vajra","Art of War","Smiling Mask","Oddly Smooth Stone","HoveringKite","Bird Faced Urn","Letter Opener","Bottled Tornado","Orichalcum","Tingsha","Mummified Hand"],"potions_floor_usage":[16,16,18,18,19,22,23,23,25,27,27,30,31,31,33,33,35,37,38,41,42,42,54,55,55,55,55],"damage_taken":[{"damage":0,"enemies":"Small Slimes","floor":1,"turns":3},{"damage":0,"enemies":"2 Louse","floor":4,"turns":3},{"damage":1,"enemies":"Cultist","floor":7,"turns":3},{"damage":0,"enemies":"Exordium Thugs","floor":12,"turns":4},{"damage":0,"enemies":"2 Fungi Beasts","floor":14,"turns":4},{"damage":29,"enemies":"Hexaghost","floor":16,"turns":11},{"damage":0,"enemies":"2 Thieves","floor":18,"turns":4},{"damage":0,"enemies":"3 Byrds","floor":19,"turns":5},{"damage":3,"enemies":"Snake Plant","floor":22,"turns":7},{"damage":1,"enemies":"Centurion and Healer","floor":23,"turns":6},{"damage":0,"enemies":"Slavers","floor":25,"turns":7},{"damage":0,"enemies":"Gremlin Leader","floor":27,"turns":10},{"damage":1,"enemies":"Snecko","floor":29,"turns":8},{"damage":2,"enemies":"Cultist and Chosen","floor":30,"turns":10},{"damage":3,"enemies":"Snake Plant","floor":31,"turns":6},{"damage":14,"enemies":"Champ","floor":33,"turns":37},{"damage":5,"enemies":"3 Shapes","floor":35,"turns":10},{"damage":1,"enemies":"Mind Bloom Boss Battle","floor":36,"turns":9},{"damage":0,"enemies":"3 Darklings","floor":37,"turns":5},{"damage":12,"enemies":"Sphere and 2 Shapes","floor":38,"turns":8},{"damage":21,"enemies":"Jaw Worm Horde","floor":41,"turns":4},{"damage":13,"enemies":"Giant Head","floor":42,"turns":15},{"damage":19,"enemies":"4 Shapes","floor":48,"turns":2},{"damage":3,"enemies":"Awakened One","floor":50,"turns":19},{"damage":0,"enemies":"Shield and Spear","floor":54,"turns":7},{"damage":20,"enemies":"The Heart","floor":55,"turns":13}],"seed_played":"-469640621447676548","potions_obtained":[{"floor":12,"key":"EntropicBrew"},{"floor":16,"key":"Strength Potion"},{"floor":18,"key":"Energy Potion"},{"floor":25,"key":"SpeedPotion"},{"floor":30,"key":"Energy Potion"},{"floor":33,"key":"Block Potion"},{"floor":35,"key":"PowerPotion"},{"floor":37,"key":"Swift Potion"},{"floor":54,"key":"SteroidPotion"}],"is_trial":false,"path_per_floor":["M","?","$","M","?","R","M","$","T","$","R","M","R","M","R","B",null,"M","M","?","$","M","M","R","E","T","E","?","M","M","M","R","B",null,"M","?","M","M","$","R","M","E","T","R","$","R","?","M","R","B",null,"R","$","E","B",null],"character_chosen":"THE_SILENT","items_purchased":["Caltrops","Footwork","Footwork","Letter Opener","Tingsha"],"campfire_rested":0,"item_purchase_floors":[3,8,10,39,53],"current_hp_per_floor":[70,56,56,56,56,56,55,55,55,55,55,55,55,55,55,26,70,70,70,35,35,32,31,31,31,31,31,31,30,28,25,25,11,35,30,29,35,25,25,25,16,22,22,22,22,22,22,9,9,18,35,35,35,35,22],"gold":75,"neow_bonus":"BOSS_RELIC","is_prod":false,"is_daily":false,"chose_seed":false,"campfire_upgraded":10,"win_rate":0,"timestamp":1567915944,"path_taken":["M","?","$","M","?","R","M","$","T","$","R","M","R","M","R","BOSS","M","?","?","$","M","M","R","E","T","E","?","M","M","M","R","BOSS","M","?","M","M","$","R","M","E","T","R","$","R","?","M","R","BOSS","R","$","E","BOSS"],"build_version":"2019-07-17","purchased_purges":3,"victory":true,"max_hp_per_floor":[70,70,70,70,70,70,70,70,70,70,70,70,70,70,70,70,70,70,70,35,35,35,35,35,35,35,35,35,35,35,35,35,35,35,35,35,35,35,35,35,35,35,35,35,35,35,35,35,35,35,35,35,35,35,35],"card_choices":[{"not_picked":["Prepared","Heel Hook","Crippling Poison"],"picked":"SKIP","floor":1},{"not_picked":["Underhanded Strike","Backflip"],"picked":"Dagger Spray","floor":4},{"not_picked":["Underhanded Strike","Deflect"],"picked":"Acrobatics","floor":7},{"not_picked":["Underhanded Strike","Backstab","Flying Knee"],"picked":"SKIP","floor":12},{"not_picked":["Slice","Doppelganger"],"picked":"Backflip","floor":14},{"not_picked":["Phantasmal Killer","Wraith Form v2"],"picked":"Venomology","floor":16},{"not_picked":["Poisoned Stab"],"picked":"SKIP","floor":18},{"not_picked":[],"picked":"Expertise+1","floor":19},{"not_picked":["Infinite Blades"],"picked":"SKIP","floor":22},{"not_picked":["Predator+1"],"picked":"SKIP","floor":23},{"not_picked":[],"picked":"Backflip","floor":25},{"not_picked":["Bane"],"picked":"SKIP","floor":27},{"not_picked":["PiercingWail"],"picked":"SKIP","floor":29},{"not_picked":[],"picked":"Footwork","floor":30},{"not_picked":["Poisoned Stab"],"picked":"SKIP","floor":31},{"not_picked":[],"picked":"A Thousand Cuts","floor":33},{"not_picked":[],"picked":"Acrobatics+1","floor":35},{"not_picked":[],"picked":"Prepared+1","floor":36},{"not_picked":[],"picked":"Terror","floor":37},{"not_picked":["Outmaneuver"],"picked":"SKIP","floor":38},{"not_picked":[],"picked":"Leg Sweep+1","floor":41},{"not_picked":[],"picked":"Infinite Blades","floor":42},{"not_picked":["Slice+1"],"picked":"SKIP","floor":48},{"not_picked":["Infinite Blades"],"picked":"SKIP","floor":54}],"player_experience":160745,"relics_obtained":[{"floor":9,"key":"Matryoshka"},{"floor":25,"key":"Vajra"},{"floor":26,"key":"Art of War"},{"floor":26,"key":"Smiling Mask"},{"floor":27,"key":"Oddly Smooth Stone"},{"floor":36,"key":"Bird Faced Urn"},{"floor":42,"key":"Bottled Tornado"},{"floor":43,"key":"Orichalcum"},{"floor":54,"key":"Mummified Hand"}],"event_choices":[{"damage_healed":0,"gold_gain":0,"player_choice":"Entered Light","damage_taken":14,"max_hp_gain":0,"max_hp_loss":0,"event_name":"Shining Light","floor":2,"gold_loss":0,"cards_upgraded":["Defend_G","Defend_G"]},{"damage_healed":0,"gold_gain":0,"player_choice":"Forge","damage_taken":0,"max_hp_gain":0,"max_hp_loss":0,"event_name":"Accursed Blacksmith","floor":5,"gold_loss":0,"cards_upgraded":["Dagger Spray"]},{"damage_healed":0,"gold_gain":0,"player_choice":"Became a Ghost","damage_taken":0,"max_hp_gain":0,"max_hp_loss":35,"event_name":"Ghosts","floor":20,"gold_loss":0,"cards_obtained":["Ghostly","Ghostly","Ghostly","Ghostly","Ghostly"]},{"damage_healed":0,"gold_gain":100,"player_choice":"Pray","damage_taken":0,"max_hp_gain":0,"max_hp_loss":0,"event_name":"Golden Shrine","floor":28,"gold_loss":0},{"damage_healed":0,"gold_gain":0,"player_choice":"Fight","damage_taken":0,"max_hp_gain":0,"max_hp_loss":0,"event_name":"MindBloom","floor":36,"gold_loss":0},{"cards_removed":["Strike_G"],"damage_healed":0,"gold_gain":0,"player_choice":"Purged","damage_taken":0,"max_hp_gain":0,"max_hp_loss":0,"event_name":"Purifier","floor":47,"gold_loss":0}],"is_beta":false,"boss_relics":[{"not_picked":["Philosopher\u0027s Stone","Tiny House"],"picked":"Busted Crown"},{"not_picked":["Runic Dome","WristBlade"],"picked":"HoveringKite"}],"items_purged_floors":[21,39,45],"is_endless":false,"potions_floor_spawned":[12,16,18,22,25,30,33,35,37,41,54],"ascension_level":0}