{"gold_per_floor":[111,128,203,203,216,247,247,247,274,289,302,0,34,53,53,53],"floor_reached":16,"playtime":471,"items_purged":["Strike_R"],"score":224,"play_id":"cfb10b1b-83d3-46a8-bcfd-8d7941ef620f","local_time":"20190810030822","is_ascension_mode":true,"campfire_choices":[{"data":"Hemokinesis","floor":7,"key":"SMITH"},{"data":"Bash","floor":15,"key":"SMITH"}],"neow_cost":"NONE","seed_source_timestamp":558833942629399,"circlet_count":0,"master_deck":["AscendersBane","Strike_R","Strike_R","Strike_R","Strike_R","Defend_R","Defend_R","Defend_R","Defend_R","Bash+1","Feel No Pain","Hemokinesis+1","Spot Weakness","Twin Strike","Uppercut","Twin Strike","Battle Trance","True Grit","Juggernaut","Flame Barrier"],"relics":["Burning Blood","NeowsBlessing","Juzu Bracelet","Golden Idol","Smiling Mask","Oddly Smooth Stone","Mummified Hand"],"potions_floor_usage":[14,16],"damage_taken":[{"damage":0,"enemies":"Cultist","floor":1,"turns":1},{"damage":0,"enemies":"2 Louse","floor":2,"turns":1},{"damage":0,"enemies":"Jaw Worm","floor":5,"turns":1},{"damage":22,"enemies":"3 Sentries","floor":6,"turns":10},{"damage":4,"enemies":"Looter","floor":10,"turns":3},{"damage":22,"enemies":"Large Slime","floor":11,"turns":5},{"damage":34,"enemies":"Gremlin Nob","floor":13,"turns":4},{"damage":16,"enemies":"Lots of Slimes","floor":14,"turns":6},{"damage":28,"enemies":"Slime Boss","floor":16,"turns":7}],"seed_played":"7605208676795467057","potions_obtained":[{"floor":5,"key":"Regen Potion"},{"floor":11,"key":"Dexterity Potion"},{"floor":14,"key":"LiquidBronze"}],"is_trial":false,"path_per_floor":["M","M","?","?","M","E","R","?","T","M","M","$","E","M","R","B"],"character_chosen":"IRONCLAD","items_purchased":["Battle Trance","True Grit","Oddly Smooth Stone"],"campfire_rested":0,"item_purchase_floors":[12,12,12],"current_hp_per_floor":[74,75,64,64,70,54,54,54,54,56,40,40,12,17,17,0],"gold":53,"neow_bonus":"THREE_ENEMY_KILL","is_prod":false,"is_daily":false,"chose_seed":false,"campfire_upgraded":2,"win_rate":0,"timestamp":1565431702,"path_taken":["M","?","?","?","M","E","R","?","T","M","M","$","E","M","R","BOSS"],"build_version":"2019-07-17","purchased_purges":1,"victory":false,"max_hp_per_floor":[75,75,75,75,75,75,75,68,68,68,68,68,68,68,68,68],"card_choices":[{"not_picked":["Headbutt","Shockwave"],"picked":"Feel No Pain","floor":1},{"not_picked":["Inflame","Clothesline"],"picked":"Hemokinesis","floor":2},{"not_picked":["Iron Wave","Sword Boomerang"],"picked":"Spot Weakness","floor":5},{"not_picked":["Cleave","Clothesline"],"picked":"Twin Strike","floor":6},{"not_picked":["Intimidate","Armaments"],"picked":"Uppercut","floor":10},{"not_picked":["Combust","Power Through"],"picked":"Twin Strike","floor":11},{"not_picked":["Second Wind","Inflame"],"picked":"Juggernaut","floor":13},{"not_picked":["Thunderclap","Fire Breathing"],"picked":"Flame Barrier","floor":14}],"player_experience":762454,"relics_obtained":[{"floor":6,"key":"Juzu Bracelet"},{"floor":9,"key":"Smiling Mask"},{"floor":13,"key":"Mummified Hand"}],"event_choices":[{"damage_healed":0,"gold_gain":75,"player_choice":"Gather Gold","damage_taken":11,"max_hp_gain":0,"max_hp_loss":0,"event_name":"World of Goop","floor":3,"gold_loss":0},{"damage_healed":0,"gold_gain":0,"player_choice":"Leave","damage_taken":0,"max_hp_gain":0,"max_hp_loss":0,"event_name":"The Cleric","floor":4,"gold_loss":0},{"damage_healed":0,"gold_gain":0,"player_choice":"Lose Max HP","damage_taken":0,"relics_obtained":["Golden Idol"],"max_hp_gain":0,"max_hp_loss":7,"event_name":"Golden Idol","floor":8,"gold_loss":0}],"is_beta":false,"boss_relics":[],"items_purged_floors":[12],"is_endless":false,"potions_floor_spawned":[5,11,14],"killed_by":"Slime Boss","ascension_level":20}