{"gold_per_floor":[117,130,305,321,321,321,342,377,414,504,516,200,223,239,239,364,364,379,370,384,384,25,69,69,85,85,0,0,99,99,115,115,235,235,258,57,57],"floor_reached":37,"playtime":4110,"items_purged":["Doubt","Strike_G","Strike_G"],"score":414,"play_id":"3cd6d82e-95ce-49ee-b7eb-88591a67917f","local_time":"20190831081956","is_ascension_mode":false,"campfire_choices":[{"data":"Blade Dance","floor":6,"key":"SMITH"},{"floor":11,"key":"REST"},{"data":"Doppelganger","floor":15,"key":"SMITH"},{"floor":28,"key":"REST"},{"floor":30,"key":"REST"},{"data":"After Image","floor":32,"key":"SMITH"}],"neow_cost":"NONE","seed_source_timestamp":1261126060928700,"circlet_count":0,"master_deck":["Strike_G","Strike_G","Strike_G","Defend_G","Defend_G","Defend_G","Defend_G","Defend_G","Survivor","Neutralize","Blade Dance+1","Outmaneuver","Flying Knee","Sucker Punch","Doppelganger+1","Blade Dance","Blade Dance","Well Laid Plans","After Image+1","Outmaneuver","Choke","Leg Sweep","Prepared","Finisher","Blur","Heel Hook","Bouncing Flask","PiercingWail","Phantasmal Killer","Poisoned Stab+1","Blur"],"relics":["Ring of the Snake","NeowsBlessing","Golden Idol","MawBank","Ancient Tea Set","Dodecahedron","ClockworkSouvenir","Orrery","Kunai","Snake Skull","Orichalcum","Pantograph","Coffee Dripper"],"potions_floor_usage":[16,16,16,20,25,25],"damage_taken":[{"damage":0,"enemies":"Cultist","floor":1,"turns":1},{"damage":0,"enemies":"Small Slimes","floor":2,"turns":1},{"damage":0,"enemies":"Jaw Worm","floor":4,"turns":1},{"damage":19,"enemies":"Exordium Thugs","floor":7,"turns":7},{"damage":29,"enemies":"Gremlin Nob","floor":8,"turns":5},{"damage":0,"enemies":"Large Slime","floor":13,"turns":5},{"damage":0,"enemies":"Blue Slaver","floor":14,"turns":5},{"damage":24,"enemies":"Hexaghost","floor":16,"turns":10},{"damage":13,"enemies":"3 Byrds","floor":18,"turns":4},{"damage":12,"enemies":"2 Thieves","floor":19,"turns":4},{"damage":16,"enemies":"Cultist and Chosen","floor":20,"turns":6},{"damage":26,"enemies":"Book of Stabbing","floor":23,"turns":8},{"damage":23,"enemies":"Centurion and Healer","floor":25,"turns":10},{"damage":0,"enemies":"Snecko","floor":31,"turns":5},{"damage":53,"enemies":"Champ","floor":33,"turns":19},{"damage":0,"enemies":"Orb Walker","floor":35,"turns":5},{"damage":98,"enemies":"2 Orb Walkers","floor":37,"turns":7}],"seed_played":"-6603665432811844348","potions_obtained":[{"floor":4,"key":"Poison Potion"},{"floor":7,"key":"PowerPotion"},{"floor":8,"key":"Swift Potion"},{"floor":18,"key":"Fire Potion"},{"floor":20,"key":"FearPotion"},{"floor":23,"key":"Fire Potion"},{"floor":35,"key":"Ancient Potion"}],"is_trial":false,"path_per_floor":["M","M","?","M","?","R","M","E","T","T","R","$","M","M","R","B",null,"M","M","M","?","$","E","$","M","T","?","R","?","R","M","R","B",null,"M","$","?"],"character_chosen":"THE_SILENT","items_purchased":["Blade Dance","ClockworkSouvenir","Kunai","Blur"],"campfire_rested":3,"item_purchase_floors":[12,12,22,36],"current_hp_per_floor":[70,70,70,70,53,53,34,5,5,5,26,26,26,26,26,2,70,57,45,29,52,52,26,26,3,3,3,24,24,45,45,45,17,70,70,70,0],"gold":57,"neow_bonus":"THREE_ENEMY_KILL","is_prod":false,"is_daily":false,"chose_seed":false,"campfire_upgraded":3,"win_rate":0.0,"timestamp":1567264796,"path_taken":["M","M","?","M","?","R","M","E","T","?","R","$","M","M","R","BOSS","M","M","M","?","$","E","$","M","T","?","R","?","R","M","R","BOSS","M","$","?"],"build_version":"2019-07-17","purchased_purges":3,"victory":false,"max_hp_per_floor":[70,70,70,70,70,70,70,70,70,70,70,70,70,70,70,70,70,70,70,70,70,70,70,70,70,70,70,70,70,70,70,70,70,70,70,70,70],"card_choices":[{"not_picked":["Sucker Punch","Bane"],"picked":"Blade Dance","floor":1},{"not_picked":["Dash","Deflect"],"picked":"Outmaneuver","floor":2},{"not_picked":["Tactician","Quick Slash"],"picked":"Flying Knee","floor":4},{"not_picked":["Predator","Deflect"],"picked":"Sucker Punch","floor":7},{"not_picked":["Deadly Poison","Slice"],"picked":"Doppelganger","floor":8},{"not_picked":["Bane","Underhanded Strike"],"picked":"Blade Dance","floor":13},{"not_picked":["Terror","Noxious Fumes"],"picked":"Well Laid Plans","floor":14},{"not_picked":["Venomology","Glass Knife"],"picked":"After Image","floor":16},{"not_picked":["Catalyst","Deflect"],"picked":"Outmaneuver","floor":17},{"not_picked":["Backflip","Finisher"],"picked":"Choke","floor":17},{"not_picked":["Dash","Heel Hook"],"picked":"Leg Sweep","floor":17},{"not_picked":["Sucker Punch","Flying Knee+1"],"picked":"Prepared","floor":18},{"not_picked":["Deadly Poison","Bouncing Flask+1"],"picked":"Finisher","floor":19},{"not_picked":["Deadly Poison","Skewer"],"picked":"Blur","floor":20},{"not_picked":["Predator","Acrobatics"],"picked":"Heel Hook","floor":23},{"not_picked":["Leg Sweep","Catalyst"],"picked":"Bouncing Flask","floor":25},{"not_picked":["All Out Attack","Backflip"],"picked":"PiercingWail","floor":31},{"not_picked":["Die Die Die","Adrenaline"],"picked":"Phantasmal Killer","floor":33},{"not_picked":["Slice","Quick Slash"],"picked":"Poisoned Stab+1","floor":35}],"player_experience":25989,"relics_obtained":[{"floor":8,"key":"MawBank"},{"floor":9,"key":"Ancient Tea Set"},{"floor":10,"key":"Dodecahedron"},{"floor":23,"key":"Snake Skull"},{"floor":26,"key":"Orichalcum"}],"event_choices":[{"damage_healed":0,"gold_gain":175,"player_choice":"AGREE","damage_taken":0,"max_hp_gain":0,"max_hp_loss":0,"event_name":"Liars Game","floor":3,"gold_loss":0,"cards_obtained":["Doubt"]},{"damage_healed":0,"gold_gain":0,"player_choice":"Take Damage","damage_taken":17,"relics_obtained":["Golden Idol"],"max_hp_gain":0,"max_hp_loss":0,"event_name":"Golden Idol","floor":5,"gold_loss":0},{"damage_healed":23,"gold_gain":0,"player_choice":"Heal","damage_taken":0,"max_hp_gain":0,"max_hp_loss":0,"event_name":"The Library","floor":21,"gold_loss":0},{"damage_healed":0,"gold_gain":0,"player_choice":"Obtained Relic","damage_taken":0,"relics_obtained":["Pantograph"],"max_hp_gain":0,"max_hp_loss":0,"event_name":"Addict","floor":27,"gold_loss":85},{"damage_healed":0,"gold_gain":99,"player_choice":"Stole From Cult","damage_taken":0,"max_hp_gain":0,"max_hp_loss":0,"event_name":"Nest","floor":29,"gold_loss":0},{"damage_healed":0,"gold_gain":0,"player_choice":"Fight","damage_taken":0,"max_hp_gain":0,"max_hp_loss":0,"event_name":"Mysterious Sphere","floor":37,"gold_loss":0}],"is_beta":false,"boss_relics":[{"not_picked":["Eternal Feather","Calling Bell"],"picked":"Orrery"},{"not_picked":["Snecko Eye","Fusion Hammer"],"picked":"Coffee Dripper"}],"items_purged_floors":[12,22,36],"is_endless":false,"potions_floor_spawned":[4,7,8,18,20,23,35],"killed_by":"2 Orb Walkers","ascension_level":0}