{"gold_per_floor":[360,376,1,11,22,48,60,100,112,154,13,13,27,27,27,27],"floor_reached":16,"playtime":576,"items_purged":["Parasite","Strike_R"],"score":240,"play_id":"9b20ca35-71c0-4e4f-b788-c6ed2d7b6464","local_time":"20190908025417","is_ascension_mode":true,"campfire_choices":[{"data":"Perfected Strike","floor":7,"key":"SMITH"},{"data":"Armaments","floor":12,"key":"SMITH"},{"data":"Perfected Strike","floor":15,"key":"SMITH"}],"neow_cost":"CURSE","seed_source_timestamp":595144081705100,"circlet_count":0,"master_deck":["AscendersBane","Strike_R","Strike_R","Strike_R","Strike_R","Defend_R","Defend_R","Defend_R","Defend_R","Bash","Perfected Strike+1","Anger","Shrug It Off","Perfected Strike+1","Feel No Pain","Feed","Armaments+1","Flame Barrier","Perfected Strike","Spot Weakness"],"special_seed":0,"relics":["Burning Blood","Pantograph","MawBank","Kunai","Paper Frog","Blood Vial"],"potions_floor_usage":[8,16],"damage_taken":[{"damage":12.0,"enemies":"Cultist","floor":1.0,"turns":4.0},{"damage":12.0,"enemies":"2 Louse","floor":2.0,"turns":4.0},{"damage":3,"enemies":"Small Slimes","floor":4,"turns":3},{"damage":11,"enemies":"Blue Slaver","floor":5,"turns":3},{"damage":23,"enemies":"3 Sentries","floor":6,"turns":11},{"damage":22,"enemies":"Lagavulin","floor":8,"turns":8},{"damage":3,"enemies":"Gremlin Nob","floor":10,"turns":3},{"damage":6,"enemies":"3 Louse","floor":13,"turns":3},{"damage":61,"enemies":"Slime Boss","floor":16,"turns":14}],"seed_played":"1555892576842975517","potions_obtained":[{"floor":4,"key":"AttackPotion"},{"floor":6,"key":"Strength Potion"},{"floor":8,"key":"Block Potion"}],"is_trial":false,"path_per_floor":["M","M","$","M","M","E","R","E","T","E","$","R","M","$","R","B"],"character_chosen":"IRONCLAD","items_purchased":["Pantograph","Shrug It Off","Perfected Strike"],"campfire_rested":0,"item_purchase_floors":[3,3,11],"current_hp_per_floor":[62,56,56,59,54,37,37,21,21,24,24,24,26,26,26,0],"gold":27,"neow_bonus":"TWO_FIFTY_GOLD","is_prod":false,"is_daily":false,"chose_seed":false,"campfire_upgraded":3,"win_rate":0,"timestamp":1567936457,"path_taken":["M","M","$","M","M","E","R","E","T","E","?","R","M","?","R","BOSS"],"build_version":"2019-07-17","purchased_purges":2,"victory":false,"max_hp_per_floor":[75,75,72,72,72,72,72,72,72,72,72,72,72,72,72,72],"card_choices":[{"not_picked":["Infernal Blade","Shockwave"],"picked":"Perfected Strike","floor":1.0},{"not_picked":["Spot Weakness","Sword Boomerang"],"picked":"Anger","floor":2.0},{"not_picked":["Searing Blow","True Grit"],"picked":"Perfected Strike","floor":4},{"not_picked":["Clothesline","Sentinel"],"picked":"Feel No Pain","floor":5},{"not_picked":["Sword Boomerang","Body Slam"],"picked":"Feed","floor":6},{"not_picked":["Thunderclap","Clash"],"picked":"Armaments","floor":8},{"not_picked":["Carnage","Reckless Charge"],"picked":"Flame Barrier","floor":10},{"not_picked":["Body Slam","Thunderclap"],"picked":"Spot Weakness","floor":13}],"player_experience":891746,"relics_obtained":[{"floor":6,"key":"MawBank"},{"floor":8,"key":"Kunai"},{"floor":9,"key":"Paper Frog"},{"floor":10,"key":"Blood Vial"}],"event_choices":[],"is_beta":false,"boss_relics":[],"items_purged_floors":[3,11],"is_endless":false,"potions_floor_spawned":[4,6,8,10,13],"killed_by":"Slime Boss","ascension_level":20}