{"gold_per_floor":[361,380,16,36,36,61,61,78,126,126,142,155,187,187,187,262,262,275,325,345,54,69,69,103,103,103,133,11,11,30,64,64,138,138,157,157,174,174,184,213,213,245,269,288,43,43,43,43,43,43],"floor_reached":50,"playtime":1702,"items_purged":["Strike_R","Strike_R"],"score":1211,"play_id":"3fa3df31-8ea2-4263-8742-38952c322f6e","local_time":"20190810231359","is_ascension_mode":true,"campfire_choices":[{"data":"Inflame","floor":7.0,"key":"SMITH"},{"data":"Feed","floor":10.0,"key":"SMITH"},{"data":"Uppercut","floor":15.0,"key":"SMITH"},{"floor":23.0,"key":"REST"},{"data":"Sword Boomerang","floor":25.0,"key":"SMITH"},{"data":"Combust","floor":29.0,"key":"SMITH"},{"data":"Demon Form","floor":32.0,"key":"SMITH"},{"data":"Exhume","floor":41.0,"key":"SMITH"},{"floor":49.0,"key":"RECALL"}],"neow_cost":"TEN_PERCENT_HP_LOSS","seed_source_timestamp":629523959426200,"circlet_count":0,"master_deck":["AscendersBane","Strike_R","Defend_R","Defend_R","Defend_R","Defend_R","Bash","Inflame+1","Pummel","Feed+1","Combust+1","Impervious+1","Pommel Strike","True Grit+1","Flame Barrier+1","Uppercut+1","Demon Form+1","Sword Boomerang+1","Shrug It Off","Shockwave","Flame Barrier","Feel No Pain+1","Exhume+1","Immolate","Perfected Strike","Disarm","Shrug It Off"],"special_seed":0,"relics":["Burning Blood","Pantograph","Ancient Tea Set","Regal Pillow","Pen Nib","Busted Crown","PreservedInsect","War Paint","Meat on the Bone","Red Skull","Anchor","Sozu","Self Forming Clay","Art of War","Shuriken"],"potions_floor_usage":[50],"damage_taken":[{"damage":4.0,"enemies":"Jaw Worm","floor":1.0,"turns":4.0},{"damage":7.0,"enemies":"Cultist","floor":2.0,"turns":4.0},{"damage":0.0,"enemies":"Small Slimes","floor":4.0,"turns":2.0},{"damage":35.0,"enemies":"3 Sentries","floor":6.0,"turns":6.0},{"damage":0.0,"enemies":"Looter","floor":8.0,"turns":4.0},{"damage":13.0,"enemies":"Blue Slaver","floor":11.0,"turns":5.0},{"damage":10.0,"enemies":"2 Fungi Beasts","floor":12.0,"turns":5.0},{"damage":38.0,"enemies":"Lagavulin","floor":13.0,"turns":8.0},{"damage":39.0,"enemies":"The Guardian","floor":16.0,"turns":13.0},{"damage":4.0,"enemies":"Chosen","floor":18.0,"turns":3.0},{"damage":0.0,"enemies":"Spheric Guardian","floor":20.0,"turns":3.0},{"damage":63.0,"enemies":"Cultist and Chosen","floor":22.0,"turns":6.0},{"damage":25.0,"enemies":"Book of Stabbing","floor":24.0,"turns":4.0},{"damage":47.0,"enemies":"Slavers","floor":27.0,"turns":7.0},{"damage":1.0,"enemies":"Snecko","floor":30.0,"turns":3.0},{"damage":11.0,"enemies":"Gremlin Leader","floor":31.0,"turns":4.0},{"damage":61.0,"enemies":"Collector","floor":33.0,"turns":6.0},{"damage":23.0,"enemies":"3 Darklings","floor":35.0,"turns":5.0},{"damage":11.0,"enemies":"3 Shapes","floor":37.0,"turns":15.0},{"damage":30.0,"enemies":"Sphere and 2 Shapes","floor":39.0,"turns":5.0},{"damage":33.0,"enemies":"Reptomancer","floor":40.0,"turns":5.0},{"damage":51.0,"enemies":"Nemesis","floor":42.0,"turns":7.0},{"damage":18.0,"enemies":"Maw","floor":44.0,"turns":6.0},{"damage":49,"enemies":"Donu and Deca","floor":50,"turns":6}],"seed_played":"-5262116807757158772","potions_obtained":[{"floor":1.0,"key":"Regen Potion"},{"floor":8.0,"key":"FearPotion"},{"floor":11.0,"key":"FearPotion"},{"floor":16.0,"key":"Regen Potion"},{"floor":31.0,"key":"LiquidBronze"},{"floor":33.0,"key":"PowerPotion"}],"is_trial":false,"path_per_floor":["M","M","$","M","?","E","R","M","T","R","M","M","E","?","R","B",null,"M","?","M","$","M","R","E","R","T","E","$","R","M","E","R","B",null,"M","?","M","?","M","E","R","E","T","M","$","?","T","$","R","B"],"character_chosen":"IRONCLAD","items_purchased":["Feed","Combust","Impervious","PreservedInsect","Shrug It Off","Flame Barrier","Regen Potion","Disarm","Shrug It Off"],"campfire_rested":1,"item_purchase_floors":[3,3,3,21,21,28,28,45,45],"current_hp_per_floor":[68,67,67,71,71,45,45,51,51,51,48,48,16,16,16,8,64,70,70,80,80,27,70,55,55,55,41,41,41,58,65,65,47,85,72,72,71,71,63,48,48,24,24,24,24,24,24,24,24,0],"gold":43,"neow_bonus":"TWO_FIFTY_GOLD","is_prod":false,"is_daily":false,"chose_seed":false,"campfire_upgraded":7,"win_rate":0,"timestamp":1565504039,"path_taken":["M","M","$","M","?","E","R","M","T","R","M","?","E","?","R","BOSS","M","?","?","?","M","R","E","R","T","E","?","R","M","E","R","BOSS","M","?","?","?","M","E","R","E","T","?","$","?","?","$","R","BOSS"],"build_version":"2019-07-17","purchased_purges":2,"victory":false,"max_hp_per_floor":[68,68,68,71,71,74,74,74,74,74,78,82,82,82,82,82,82,86,86,90,90,94,94,98,98,98,98,98,98,98,98,98,98,98,102,102,106,106,110,110,110,114,114,114,114,114,114,114,114,114],"card_choices":[{"not_picked":["True Grit","Havoc"],"picked":"Inflame","floor":1.0},{"not_picked":["Iron Wave","Perfected Strike"],"picked":"Pummel","floor":2.0},{"not_picked":["Wild Strike","Thunderclap"],"picked":"Pommel Strike","floor":4.0},{"not_picked":["Body Slam","Metallicize"],"picked":"True Grit","floor":6.0},{"not_picked":["Infernal Blade","Iron Wave","Havoc"],"picked":"SKIP","floor":8.0},{"not_picked":["Pommel Strike","Cleave","Pummel"],"picked":"SKIP","floor":11.0},{"not_picked":["Clothesline","Sever Soul"],"picked":"Flame Barrier","floor":12.0},{"not_picked":["Perfected Strike","Rupture"],"picked":"Uppercut","floor":13.0},{"not_picked":["Dark Embrace","Limit Break"],"picked":"Demon Form","floor":16.0},{"not_picked":["Seeing Red"],"picked":"SKIP","floor":18.0},{"not_picked":[],"picked":"Sword Boomerang","floor":20.0},{"not_picked":["Thunderclap"],"picked":"SKIP","floor":22.0},{"not_picked":[],"picked":"Shockwave","floor":24.0},{"not_picked":["Reckless Charge"],"picked":"SKIP","floor":27.0},{"not_picked":[],"picked":"Feel No Pain+1","floor":30.0},{"not_picked":[],"picked":"Exhume","floor":31.0},{"not_picked":[],"picked":"Immolate","floor":33.0},{"not_picked":["Wild Strike+1"],"picked":"SKIP","floor":35.0},{"not_picked":["Iron Wave"],"picked":"SKIP","floor":37.0},{"not_picked":["Sword Boomerang"],"picked":"SKIP","floor":39.0},{"not_picked":["Twin Strike"],"picked":"SKIP","floor":40.0},{"not_picked":["Hemokinesis+1"],"picked":"SKIP","floor":42.0},{"not_picked":["Sword Boomerang"],"picked":"SKIP","floor":44.0}],"player_experience":768121,"relics_obtained":[{"floor":6.0,"key":"Ancient Tea Set"},{"floor":9.0,"key":"Regal Pillow"},{"floor":13.0,"key":"Pen Nib"},{"floor":24.0,"key":"War Paint"},{"floor":26.0,"key":"Meat on the Bone"},{"floor":27.0,"key":"Red Skull"},{"floor":31.0,"key":"Anchor"},{"floor":40.0,"key":"Self Forming Clay"},{"floor":42.0,"key":"Art of War"},{"floor":47.0,"key":"Shuriken"}],"event_choices":[{"damage_healed":0.0,"max_hp_gain":0.0,"max_hp_loss":0.0,"gold_gain":0.0,"event_name":"WeMeetAgain","player_choice":"Gave Potion","floor":5.0,"gold_loss":0.0,"damage_taken":0.0,"relics_obtained":["Pantograph"]},{"damage_healed":0.0,"max_hp_gain":0.0,"max_hp_loss":0.0,"gold_gain":0.0,"event_name":"Living Wall","player_choice":"Grow","floor":14.0,"gold_loss":0.0,"damage_taken":0.0,"cards_upgraded":["Flame Barrier"]},{"damage_healed":0.0,"max_hp_gain":0.0,"max_hp_loss":0.0,"gold_gain":100.0,"event_name":"The Joust","player_choice":"Bet on Murderer","floor":19.0,"gold_loss":50.0,"damage_taken":0.0},{"cards_removed":["Strike_R"],"damage_healed":0.0,"max_hp_gain":0.0,"max_hp_loss":0.0,"gold_gain":0.0,"event_name":"Wheel of Change","player_choice":"Card Removal","floor":36.0,"gold_loss":0.0,"damage_taken":0.0},{"damage_healed":0.0,"max_hp_gain":0.0,"max_hp_loss":0.0,"gold_gain":0.0,"cards_transformed":["Strike_R"],"event_name":"Transmorgrifier","player_choice":"Transformed","floor":38.0,"gold_loss":0.0,"damage_taken":0.0,"cards_obtained":["Perfected Strike"]},{"damage_healed":0.0,"max_hp_gain":0.0,"max_hp_loss":0.0,"gold_gain":0.0,"event_name":"Mysterious Sphere","player_choice":"Ignored","floor":46.0,"gold_loss":0.0,"damage_taken":0.0}],"is_beta":false,"boss_relics":[{"not_picked":["Pandora\u0027s Box","Orrery"],"picked":"Busted Crown"},{"not_picked":["Tiny House","Lizard Tail"],"picked":"Sozu"}],"items_purged_floors":[21,45],"is_endless":false,"potions_floor_spawned":[1,8,11,16,18,20,31,33,35,37,42,44],"killed_by":"Donu and Deca","ascension_level":20}