{"gold_per_floor":[364,45,45,58,77,77,90,90,144,175,191,171,191,204,204,278,278,295,30,30,41,41],"floor_reached":22,"playtime":685,"items_purged":["Strike_R"],"score":310,"play_id":"64f4e252-8b8d-4325-b454-8f825c2fbf2c","local_time":"20181217203758","is_ascension_mode":true,"campfire_choices":[{"data":"Inflame","floor":6.0,"key":"SMITH"},{"data":"Bash","floor":8.0,"key":"SMITH"},{"floor":15.0,"key":"REST"}],"neow_cost":"PERCENT_DAMAGE","seed_source_timestamp":219775813965600,"circlet_count":0,"master_deck":["AscendersBane","Strike_R","Strike_R","Strike_R","Defend_R","Defend_R","Defend_R","Defend_R","Bash+1","Twin Strike","Inflame+1","Shrug It Off","Cleave","Clash","Offering","Seeing Red","Battle Trance","Fiend Fire","Rampage","Shrug It Off","Rampage"],"special_seed":0,"relics":["Black Blood","Gremlin Horn","Boot","Bronze Scales","Anchor"],"potions_floor_usage":[],"damage_taken":[{"damage":4.0,"enemies":"2 Louse","floor":1.0,"turns":4.0},{"damage":1.0,"enemies":"Cultist","floor":4.0,"turns":3.0},{"damage":8.0,"enemies":"Small Slimes","floor":5.0,"turns":3.0},{"damage":15.0,"enemies":"Exordium Wildlife","floor":7.0,"turns":4.0},{"damage":17.0,"enemies":"Lagavulin","floor":10.0,"turns":6.0},{"damage":6.0,"enemies":"3 Louse","floor":11.0,"turns":2.0},{"damage":13.0,"enemies":"Exordium Thugs","floor":13.0,"turns":3.0},{"damage":11.0,"enemies":"Blue Slaver","floor":14.0,"turns":4.0},{"damage":46.0,"enemies":"The Guardian","floor":16.0,"turns":9.0},{"damage":35,"enemies":"2 Thieves","floor":18,"turns":4},{"damage":19,"enemies":"Spheric Guardian","floor":21,"turns":3},{"damage":44,"enemies":"Snecko","floor":22,"turns":5}],"seed_played":"-6117806823853416582","potions_obtained":[{"floor":1.0,"key":"SkillPotion"},{"floor":4.0,"key":"SpeedPotion"},{"floor":12.0,"key":"Dexterity Potion"},{"floor":18,"key":"Strength Potion"}],"is_trial":false,"path_per_floor":["M","$","?","M","M","R","M","R","T","E","M","?","M","M","R","B",null,"M","$","?","M","M"],"character_chosen":"IRONCLAD","items_purchased":["Gremlin Horn","Inflame","Anchor","Shrug It Off"],"campfire_rested":1,"item_purchase_floors":[2,2,19,19],"current_hp_per_floor":[53,53,53,58,56,56,47,47,47,36,36,36,29,24,48,8,62,37,37,37,28,0],"gold":41,"neow_bonus":"TWO_FIFTY_GOLD","is_prod":false,"is_daily":false,"chose_seed":false,"campfire_upgraded":2,"win_rate":0,"timestamp":1545107878,"path_taken":["M","$","?","M","M","R","M","R","T","E","M","?","M","M","R","BOSS","M","?","?","?","M"],"build_version":"2018-12-13","purchased_purges":1,"victory":false,"max_hp_per_floor":[80,80,80,80,80,80,80,80,80,80,80,80,80,80,80,80,80,80,80,80,80,80],"card_choices":[{"not_picked":["Burning Pact","Flex"],"picked":"Twin Strike","floor":1.0},{"not_picked":["Clothesline","Infernal Blade"],"picked":"Shrug It Off","floor":4.0},{"not_picked":["Havoc","Demon Form"],"picked":"Cleave","floor":5.0},{"not_picked":["Havoc","Iron Wave"],"picked":"Clash","floor":7.0},{"not_picked":["True Grit","Entrench"],"picked":"Offering","floor":10.0},{"not_picked":["Fire Breathing","Dual Wield"],"picked":"Seeing Red","floor":11.0},{"not_picked":["Flex","Body Slam"],"picked":"Battle Trance","floor":13.0},{"not_picked":["Sword Boomerang","Combust","Infernal Blade"],"picked":"SKIP","floor":14.0},{"not_picked":["Berserk","Double Tap"],"picked":"Fiend Fire","floor":16.0},{"not_picked":["Hemokinesis","Perfected Strike"],"picked":"Rampage","floor":18},{"not_picked":["Intimidate","Anger","Shrug It Off"],"picked":"SKIP","floor":21}],"player_experience":126555,"relics_obtained":[{"floor":9.0,"key":"Boot"},{"floor":10.0,"key":"Bronze Scales"}],"event_choices":[{"damage_healed":0.0,"max_hp_gain":0.0,"max_hp_loss":0.0,"gold_gain":0.0,"event_name":"Liars Game","player_choice":"Ignored","floor":3.0,"gold_loss":0.0,"damage_taken":0.0},{"damage_healed":0.0,"max_hp_gain":0.0,"max_hp_loss":0.0,"gold_gain":0.0,"event_name":"The Woman in Blue","player_choice":"Bought 1 Potion","floor":12.0,"gold_loss":0.0,"damage_taken":0.0},{"damage_healed":0,"gold_gain":0,"cards_transformed":["Strike_R"],"player_choice":"Transformed","damage_taken":0,"max_hp_gain":0,"max_hp_loss":0,"event_name":"Transmorgrifier","floor":20,"gold_loss":0,"cards_obtained":["Rampage"]}],"is_beta":false,"boss_relics":[{"not_picked":["Coffee Dripper","Tiny House"],"picked":"Black Blood"}],"items_purged_floors":[19],"is_endless":false,"potions_floor_spawned":[1,4,10,11,18],"killed_by":"Snecko","ascension_level":13}