{"gold_per_floor":[369,369,49,49,97,127,139,162,189,189,218,218,77,87,87,161,161,174,174,117,167,180,180,180],"floor_reached":24,"playtime":871,"items_purged":["Regret","Strike_R"],"score":360,"play_id":"6e1beb98-c10c-44ab-bbef-7c6937467e39","local_time":"20181223014923","is_ascension_mode":true,"campfire_choices":[{"data":"True Grit","floor":10.0,"key":"SMITH"},{"data":"Armaments","floor":12.0,"key":"SMITH"},{"data":"Barricade","floor":15.0,"key":"SMITH"},{"data":"Fiend Fire","floor":23.0,"key":"SMITH"}],"neow_cost":"CURSE","seed_source_timestamp":123833460312600,"circlet_count":0,"master_deck":["AscendersBane","Strike_R","Strike_R","Strike_R","Strike_R","Defend_R","Defend_R","Defend_R","Defend_R","Bash","Armaments+1","Feel No Pain","Fiend Fire+1","Impervious","Ghostly Armor","True Grit+1","Feel No Pain","Barricade+1","Immolate","Power Through","Writhe","Shrug It Off","Dual Wield"],"special_seed":0,"relics":["Burning Blood","Du-Vu Doll","Oddly Smooth Stone","Meat on the Bone","Odd Mushroom","Potion Belt","Dream Catcher","Sozu","Turnip"],"potions_floor_usage":[],"damage_taken":[{"damage":14.0,"enemies":"Jaw Worm","floor":1.0,"turns":4.0},{"damage":41.0,"enemies":"Lagavulin","floor":6.0,"turns":10.0},{"damage":0.0,"enemies":"Cultist","floor":7.0,"turns":2.0},{"damage":18.0,"enemies":"The Mushroom Lair","floor":8.0,"turns":4.0},{"damage":14.0,"enemies":"Gremlin Nob","floor":11.0,"turns":4.0},{"damage":2.0,"enemies":"2 Louse","floor":14.0,"turns":5.0},{"damage":16.0,"enemies":"The Guardian","floor":16.0,"turns":18.0},{"damage":11.0,"enemies":"Shell Parasite","floor":18.0,"turns":10.0},{"damage":19.0,"enemies":"2 Thieves","floor":22.0,"turns":5.0},{"damage":48,"enemies":"Book of Stabbing","floor":24,"turns":6}],"seed_played":"-4511656301904679439","potions_obtained":[{"floor":1.0,"key":"Ancient Potion"},{"floor":2.0,"key":"EntropicBrew"},{"floor":2.0,"key":"BloodPotion"},{"floor":6.0,"key":"Strength Potion"},{"floor":8.0,"key":"SteroidPotion"},{"floor":16.0,"key":"Explosive Potion"}],"is_trial":false,"path_per_floor":["M","?","$","T","T","E","M","M","?","T","R","E","R","$","M","R","B",null,"M","?","$","?","M","R","E"],"character_chosen":"IRONCLAD","items_purchased":["Feel No Pain","Fiend Fire","Feel No Pain","Shrug It Off"],"campfire_rested":0,"item_purchase_floors":[3,3,13,20],"current_hp_per_floor":[60,60,60,60,60,32,50,50,50,50,54,54,54,58,58,48,68,63,63,63,63,50,50,2],"gold":180,"neow_bonus":"TWO_FIFTY_GOLD","is_prod":false,"is_daily":false,"chose_seed":false,"campfire_upgraded":4,"win_rate":0,"timestamp":1545558563,"path_taken":["M","?","$","?","?","E","M","?","T","R","E","R","$","M","R","BOSS","M","?","$","?","?","R","E"],"build_version":"2018-12-20","purchased_purges":2,"victory":false,"max_hp_per_floor":[75,75,75,75,75,75,75,75,75,75,75,75,75,75,75,75,75,75,75,75,75,75,75,75],"card_choices":[{"not_picked":["Havoc","Shrug It Off"],"picked":"Armaments","floor":1.0},{"not_picked":["Warcry","Havoc"],"picked":"Impervious","floor":6.0},{"not_picked":["Burning Pact","Second Wind"],"picked":"Ghostly Armor","floor":7.0},{"not_picked":["Body Slam","Iron Wave"],"picked":"True Grit","floor":8.0},{"not_picked":["Dropkick","Thunderclap","Sword Boomerang"],"picked":"SKIP","floor":11.0},{"not_picked":["Pommel Strike","Clash"],"picked":"Barricade","floor":14.0},{"not_picked":["Bludgeon","Barricade"],"picked":"Immolate","floor":16.0},{"not_picked":["Heavy Blade","Anger"],"picked":"Power Through","floor":18.0},{"not_picked":["Flex","Spot Weakness"],"picked":"Dual Wield","floor":22.0}],"player_experience":170798,"relics_obtained":[{"floor":4.0,"key":"Du-Vu Doll"},{"floor":5.0,"key":"Oddly Smooth Stone"},{"floor":6.0,"key":"Meat on the Bone"},{"floor":8.0,"key":"Odd Mushroom"},{"floor":9.0,"key":"Potion Belt"},{"floor":11.0,"key":"Dream Catcher"}],"event_choices":[{"damage_healed":0.0,"max_hp_gain":0.0,"max_hp_loss":0.0,"gold_gain":0.0,"event_name":"Lab","player_choice":"Got Potions","floor":2.0,"gold_loss":0.0,"damage_taken":0.0},{"damage_healed":0.0,"max_hp_gain":0.0,"max_hp_loss":0.0,"gold_gain":0.0,"event_name":"Mushrooms","player_choice":"Fought Mushrooms","floor":8.0,"gold_loss":0.0,"damage_taken":0.0},{"damage_healed":0.0,"max_hp_gain":0.0,"max_hp_loss":0.0,"gold_gain":0.0,"event_name":"The Mausoleum","player_choice":"Opened","floor":19.0,"gold_loss":0.0,"damage_taken":0.0,"relics_obtained":["Turnip"],"cards_obtained":["Writhe"]},{"damage_healed":0.0,"max_hp_gain":0.0,"max_hp_loss":0.0,"gold_gain":50.0,"event_name":"Golden Shrine","player_choice":"Pray","floor":21.0,"gold_loss":0.0,"damage_taken":0.0}],"is_beta":false,"boss_relics":[{"not_picked":["Runic Dome","Black Blood"],"picked":"Sozu"}],"items_purged_floors":[3,13],"is_endless":false,"potions_floor_spawned":[1,6,8,16,22],"killed_by":"Book of Stabbing","ascension_level":16}