{"gold_per_floor":[115,190,209,274,288,317,35,35,35,54,54,69,69,83,83,182,182,199,217,117,117,117,148,348,348,348,361,89,89],"floor_reached":29,"playtime":1647,"items_purged":["Strike_B","Strike_B","Defend_B"],"score":255,"play_id":"de06756d-35a9-465b-bc70-f925e244fa7b","local_time":"20190811170906","is_ascension_mode":true,"campfire_choices":[{"floor":8,"key":"REST"},{"floor":11,"key":"REST"},{"floor":15,"key":"REST"},{"floor":25,"key":"REST"}],"neow_cost":"TEN_PERCENT_HP_LOSS","seed_source_timestamp":1031868409635394,"circlet_count":0,"master_deck":["Strike_B","Defend_B","Zap","Dualcast","Echo Form","Gash","Melter","Skim","Hologram","Ball Lightning","Hologram+1","Cold Snap","Darkness+1","Rip and Tear","Capacitor","All For One","Gash","Lockon+1","Loop","Defragment"],"relics":["Cracked Core","Toxic Egg 2","DollysMirror","Bottled Lightning","Snecko Eye","Bag of Marbles","Nunchaku","Bottled Flame","Centennial Puzzle"],"potions_floor_usage":[6,16,16],"damage_taken":[{"damage":7,"enemies":"2 Louse","floor":1,"turns":3},{"damage":13,"enemies":"Jaw Worm","floor":3,"turns":4},{"damage":0,"enemies":"Small Slimes","floor":5,"turns":3},{"damage":26,"enemies":"Lagavulin","floor":6,"turns":5},{"damage":12,"enemies":"Blue Slaver","floor":10,"turns":4},{"damage":24,"enemies":"Lots of Slimes","floor":12,"turns":3},{"damage":5,"enemies":"Looter","floor":14,"turns":3},{"damage":16,"enemies":"Slime Boss","floor":16,"turns":8},{"damage":12,"enemies":"Shell Parasite","floor":18,"turns":4},{"damage":10,"enemies":"Chosen","floor":19,"turns":4},{"damage":7,"enemies":"Slavers","floor":23,"turns":3},{"damage":38,"enemies":"Snake Plant","floor":27,"turns":4},{"damage":21,"enemies":"3 Cultists","floor":29,"turns":4}],"seed_played":"4207779351681600893","potions_obtained":[{"floor":1,"key":"AttackPotion"},{"floor":5,"key":"Ancient Potion"},{"floor":10,"key":"FocusPotion"},{"floor":12,"key":"Swift Potion"},{"floor":18,"key":"AttackPotion"},{"floor":23,"key":"Energy Potion"}],"is_trial":false,"path_per_floor":["M","?","M","?","M","E","$","R","T","M","R","M","?","M","R","B",null,"M","M","$","T","$","E","?","R","T","M","$","M"],"character_chosen":"DEFECT","items_purchased":["DollysMirror","Centennial Puzzle"],"campfire_rested":4,"item_purchase_floors":[7,28],"current_hp_per_floor":[61,50,37,37,37,11,11,31,31,19,39,15,15,10,30,14,68,56,46,46,46,46,39,39,59,59,21,21,0],"gold":89,"neow_bonus":"TRANSFORM_TWO_CARDS","is_prod":false,"is_daily":false,"chose_seed":false,"campfire_upgraded":0,"win_rate":0,"timestamp":1565561346,"path_taken":["M","?","M","?","M","E","$","R","T","M","R","M","?","M","R","BOSS","M","?","$","?","$","E","?","R","T","M","$","?"],"build_version":"2019-07-17","purchased_purges":3,"victory":false,"max_hp_per_floor":[68,68,68,68,68,68,68,68,68,68,68,68,68,68,68,68,68,68,68,68,68,68,68,68,68,68,68,68,68],"card_choices":[{"not_picked":["Tempest","Recycle"],"picked":"Melter","floor":1},{"not_picked":["Self Repair","Rip and Tear"],"picked":"Skim","floor":3},{"not_picked":["Cold Snap","Rebound"],"picked":"Hologram","floor":5},{"not_picked":["Streamline","Sweeping Beam"],"picked":"Ball Lightning","floor":6},{"not_picked":["Rebound","Consume+1"],"picked":"Cold Snap","floor":10},{"not_picked":["Compile Driver","Steam+1"],"picked":"Darkness+1","floor":12},{"not_picked":["Tempest+1","Leap+1"],"picked":"Capacitor","floor":14},{"not_picked":["Buffer","Echo Form"],"picked":"All For One","floor":16},{"not_picked":["Fusion+1","Melter"],"picked":"Gash","floor":18},{"not_picked":["Rip and Tear","Streamline"],"picked":"Lockon+1","floor":19},{"not_picked":["Steam+1","Chaos+1"],"picked":"Loop","floor":23},{"not_picked":["Redo+1","Go for the Eyes"],"picked":"Defragment","floor":27}],"player_experience":130437,"relics_obtained":[{"floor":6,"key":"Toxic Egg 2"},{"floor":9,"key":"Bottled Lightning"},{"floor":21,"key":"Bag of Marbles"},{"floor":23,"key":"Nunchaku"},{"floor":26,"key":"Bottled Flame"}],"event_choices":[{"damage_healed":0,"gold_gain":75,"player_choice":"Gather Gold","damage_taken":11,"max_hp_gain":0,"max_hp_loss":0,"event_name":"World of Goop","floor":2,"gold_loss":0},{"damage_healed":0,"gold_gain":65,"player_choice":"Gained Gold","damage_taken":0,"max_hp_gain":0,"max_hp_loss":0,"event_name":"Golden Wing","floor":4,"gold_loss":0},{"damage_healed":0,"gold_gain":0,"cards_transformed":["Defend_B"],"player_choice":"Transformed","damage_taken":0,"max_hp_gain":0,"max_hp_loss":0,"event_name":"Transmorgrifier","floor":13,"gold_loss":0,"cards_obtained":["Rip and Tear"]},{"damage_healed":0,"gold_gain":200,"player_choice":"Gold","damage_taken":0,"max_hp_gain":0,"max_hp_loss":0,"event_name":"Wheel of Change","floor":24,"gold_loss":0}],"is_beta":false,"boss_relics":[{"not_picked":["Nuclear Battery","Runic Dome"],"picked":"Snecko Eye"}],"items_purged_floors":[7,20,28],"is_endless":false,"potions_floor_spawned":[1,5,10,12,18,23],"killed_by":"3 Cultists","ascension_level":1}