{"gold_per_floor":[369,369,380,136,89,115,115,115,115,130,47,47,67,93,93,172,172,182,182,232,250,263,263,283,283,283,558,574,10,28,48,48,126,126,141,151,92,192,0,0,0,20,20,20,20,36,36,49,49,49],"floor_reached":51,"playtime":3798,"items_purged":["Strike_B","Regret"],"score":1356,"play_id":"5f56f717-aab0-455a-9bab-140ee29afc1d","local_time":"20190207000315","is_ascension_mode":true,"campfire_choices":[{"floor":7.0,"key":"REST"},{"data":"Buffer","floor":12.0,"key":"SMITH"},{"data":"Dualcast","floor":15.0,"key":"SMITH"},{"data":"Self Repair","floor":23.0,"key":"SMITH"},{"data":"Streamline","floor":25.0,"key":"SMITH"},{"floor":32.0,"key":"REST"},{"data":"1","floor":40,"key":"LIFT"},{"data":"2","floor":45,"key":"LIFT"},{"floor":49,"key":"REST"}],"neow_cost":"TEN_PERCENT_HP_LOSS","seed_source_timestamp":355209030893022,"circlet_count":0,"master_deck":["AscendersBane","Strike_B+1","Strike_B+1","Strike_B","Defend_B","Defend_B","Defend_B","Defend_B+1","Dualcast+1","Cold Snap","Gash","Glacier+1","Leap","Buffer+1","Self Repair+1","Rebound","Echo Form","Undo","Gash","Go for the Eyes+1","Streamline+1","Gash","Core Surge","Electrodynamics","Ball Lightning","Steam Power+1","Skim+1","Gash","Gash","Steam","Rebound+1"],"special_seed":0,"relics":["Cracked Core","Regal Pillow","Happy Flower","Symbiotic Virus","Shuriken","Potion Belt","Lizard Tail","War Paint","Emotion Chip","Sozu","Girya","Red Mask","Ornamental Fan"],"potions_floor_usage":[50,50,50],"damage_taken":[{"damage":4.0,"enemies":"Small Slimes","floor":1.0,"turns":4.0},{"damage":0.0,"enemies":"2 Louse","floor":3.0,"turns":2.0},{"damage":24.0,"enemies":"Lagavulin","floor":6.0,"turns":8.0},{"damage":2.0,"enemies":"Jaw Worm","floor":10.0,"turns":2.0},{"damage":0.0,"enemies":"Red Slaver","floor":13.0,"turns":3.0},{"damage":10.0,"enemies":"3 Sentries","floor":14.0,"turns":9.0},{"damage":0.0,"enemies":"The Guardian","floor":16.0,"turns":13.0},{"damage":23.0,"enemies":"Shell Parasite","floor":18.0,"turns":10.0},{"damage":2.0,"enemies":"Spheric Guardian","floor":21.0,"turns":6.0},{"damage":49.0,"enemies":"3 Cultists","floor":22.0,"turns":6.0},{"damage":0.0,"enemies":"Centurion and Healer","floor":24.0,"turns":7.0},{"damage":33.0,"enemies":"Sentry and Sphere","floor":28.0,"turns":6.0},{"damage":0.0,"enemies":"Chosen and Byrds","floor":30.0,"turns":6.0},{"damage":8.0,"enemies":"Snecko","floor":31.0,"turns":10.0},{"damage":30.0,"enemies":"Collector","floor":33.0,"turns":6.0},{"damage":0.0,"enemies":"Orb Walker","floor":35.0,"turns":3.0},{"damage":8.0,"enemies":"3 Darklings","floor":36.0,"turns":5.0},{"damage":30,"enemies":"Mind Bloom Boss Battle","floor":38,"turns":7},{"damage":9,"enemies":"Sphere and 2 Shapes","floor":42,"turns":5},{"damage":9,"enemies":"Transient","floor":46,"turns":6},{"damage":32,"enemies":"Spire Growth","floor":48,"turns":5},{"damage":41,"enemies":"Awakened One","floor":50,"turns":10}],"seed_played":"1250199478234648679","potions_obtained":[{"floor":3.0,"key":"EssenceOfSteel"},{"floor":6.0,"key":"FearPotion"},{"floor":14.0,"key":"FocusPotion"},{"floor":18.0,"key":"Block Potion"},{"floor":30.0,"key":"Explosive Potion"},{"floor":33.0,"key":"Poison Potion"}],"is_trial":false,"path_per_floor":["M","?","M","$","?","E","R","?","T","M","$","R","M","E","R","B",null,"M","?","?","M","M","R","M","R","T","?","M","$","M","M","R","B",null,"M","M","$","?","?","R","?","M","T","?","R","M","?","M","R","B",null],"character_chosen":"DEFECT","items_purchased":["Regal Pillow","Buffer","Core Surge","SteroidPotion","Emotion Chip","Gash"],"campfire_rested":3,"item_purchase_floors":[4,11,29,29,29,37],"current_hp_per_floor":[60,41,41,41,41,17,51,46,46,44,44,44,44,41,41,48,60,51,51,51,63,21,21,41,41,41,41,28,28,28,40,64,44,59,59,51,51,41,41,41,41,42,42,42,42,53,53,21,54,23],"gold":49,"neow_bonus":"TWO_FIFTY_GOLD","is_prod":false,"is_daily":false,"chose_seed":false,"campfire_upgraded":4,"win_rate":0,"timestamp":1549515795,"path_taken":["M","?","M","$","?","E","R","?","T","?","?","R","M","E","R","BOSS","M","?","?","M","?","R","M","R","T","?","M","$","M","M","R","BOSS","M","M","$","?","?","R","?","?","T","?","R","M","?","M","R","BOSS"],"build_version":"2019-01-23","purchased_purges":2,"victory":true,"max_hp_per_floor":[64,64,64,64,64,64,64,64,64,64,64,64,64,64,64,64,64,64,64,64,64,64,64,64,64,64,64,64,64,64,64,64,64,64,64,64,64,64,64,64,64,64,64,64,64,64,61,61,61,61],"card_choices":[{"not_picked":["Hologram","Turbo"],"picked":"Cold Snap","floor":1.0},{"not_picked":["Heatsinks","Aggregate"],"picked":"Gash","floor":3.0},{"not_picked":["Hologram","Cold Snap"],"picked":"Glacier","floor":6.0},{"not_picked":["Turbo","Tempest"],"picked":"Leap","floor":10.0},{"not_picked":["Ball Lightning","Scrape"],"picked":"Self Repair","floor":13.0},{"not_picked":["Barrage","Hologram"],"picked":"Rebound","floor":14.0},{"not_picked":["Seek","Amplify"],"picked":"Echo Form","floor":16.0},{"not_picked":["Recycle","Coolheaded+1"],"picked":"Undo","floor":18.0},{"not_picked":["Hello World","Turbo"],"picked":"Go for the Eyes+1","floor":21.0},{"not_picked":["White Noise","Heatsinks","Steam"],"picked":"SKIP","floor":22.0},{"not_picked":["White Noise","Heatsinks","Steam"],"picked":"SKIP","floor":22.0},{"not_picked":["Genetic Algorithm","Cold Snap"],"picked":"Streamline","floor":24.0},{"not_picked":["Blizzard","Stack"],"picked":"Gash","floor":28.0},{"not_picked":["Ball Lightning","Streamline"],"picked":"Electrodynamics","floor":30.0},{"not_picked":["Hello World","Blizzard+1"],"picked":"Ball Lightning","floor":31.0},{"not_picked":["Rebound","Compile Driver+1"],"picked":"Steam Power+1","floor":35.0},{"not_picked":["Genetic Algorithm","Compile Driver"],"picked":"Skim+1","floor":36.0},{"not_picked":["Blizzard","Steam","Capacitor"],"picked":"SKIP","floor":42},{"not_picked":["Blizzard","Capacitor"],"picked":"Steam","floor":42},{"not_picked":["Go for the Eyes+1","Ball Lightning","Sweeping Beam+1"],"picked":"SKIP","floor":46},{"not_picked":["Rebound+1","Cold Snap","Storm"],"picked":"SKIP","floor":48},{"not_picked":["Cold Snap","Storm"],"picked":"Rebound+1","floor":48}],"player_experience":632631,"relics_obtained":[{"floor":6.0,"key":"Happy Flower"},{"floor":9.0,"key":"Shuriken"},{"floor":14.0,"key":"Potion Belt"},{"floor":26.0,"key":"War Paint"},{"floor":38,"key":"Girya"},{"floor":43,"key":"Ornamental Fan"}],"event_choices":[{"damage_healed":0.0,"max_hp_gain":0.0,"max_hp_loss":0.0,"gold_gain":0.0,"event_name":"Shining Light","player_choice":"Entered Light","floor":2.0,"gold_loss":0.0,"damage_taken":19.0,"cards_upgraded":["Strike_B","Strike_B"]},{"damage_healed":0.0,"max_hp_gain":0.0,"max_hp_loss":0.0,"gold_gain":0.0,"event_name":"World of Goop","player_choice":"Left Gold","floor":5.0,"gold_loss":47.0,"damage_taken":0.0},{"damage_healed":0.0,"max_hp_gain":0.0,"max_hp_loss":0.0,"gold_gain":0.0,"event_name":"Scrap Ooze","player_choice":"Success","floor":8.0,"gold_loss":0.0,"damage_taken":5.0,"relics_obtained":["Symbiotic Virus"]},{"damage_healed":0.0,"max_hp_gain":0.0,"max_hp_loss":0.0,"gold_gain":0.0,"event_name":"The Library","player_choice":"Read","floor":19.0,"gold_loss":0.0,"damage_taken":0.0,"cards_obtained":["Gash"]},{"damage_healed":0.0,"max_hp_gain":0.0,"max_hp_loss":0.0,"gold_gain":50.0,"event_name":"Golden Shrine","player_choice":"Pray","floor":20.0,"gold_loss":0.0,"damage_taken":0.0},{"damage_healed":0.0,"max_hp_gain":0.0,"max_hp_loss":0.0,"gold_gain":275.0,"event_name":"Golden Shrine","player_choice":"Desecrate","floor":27.0,"gold_loss":0.0,"damage_taken":0.0,"cards_obtained":["Regret"]},{"damage_healed":0,"gold_gain":0,"player_choice":"Fight","damage_taken":0,"max_hp_gain":0,"max_hp_loss":0,"event_name":"MindBloom","floor":38,"gold_loss":0},{"damage_healed":0,"gold_gain":0,"player_choice":"Paid","damage_taken":0,"relics_obtained":["Red Mask"],"max_hp_gain":0,"max_hp_loss":0,"event_name":"Tomb of Lord Red Mask","floor":39,"gold_loss":192},{"damage_healed":0,"gold_gain":0,"player_choice":"Copied","damage_taken":0,"max_hp_gain":0,"max_hp_loss":0,"event_name":"Duplicator","floor":41,"gold_loss":0,"cards_obtained":["Gash"]},{"cards_removed":["Zap"],"damage_healed":0,"gold_gain":0,"player_choice":"Removed Skill","damage_taken":0,"max_hp_gain":0,"max_hp_loss":0,"event_name":"Falling","floor":44,"gold_loss":0},{"damage_healed":0,"gold_gain":0,"player_choice":"Max HP","damage_taken":0,"max_hp_gain":0,"max_hp_loss":3,"event_name":"Winding Halls","floor":47,"gold_loss":0}],"is_beta":false,"boss_relics":[{"not_picked":["Busted Crown","Calling Bell"],"picked":"Lizard Tail"},{"not_picked":["Snecko Eye","Runic Pyramid"],"picked":"Sozu"}],"items_purged_floors":[4,29],"is_endless":false,"potions_floor_spawned":[3,6,14,18,30,33,38,46],"ascension_level":19}