{"gold_per_floor":[110,127,227,240,254,254,266,266,266,266,266,279,293,193,193,298,298,316,316,93,111,111,111,0,18,18,28,45,45,45,45,45,143,143,162,173,173],"floor_reached":37,"playtime":3296,"items_purged":["Defend_G","Strike_G"],"score":365,"play_id":"b077e610-4ddb-4395-970b-75fa5b0ba47f","local_time":"20190305020140","is_ascension_mode":false,"campfire_choices":[{"data":"Infinite Blades","floor":6,"key":"SMITH"},{"data":"Infinite Blades","floor":8,"key":"SMITH"},{"floor":11,"key":"DIG"},{"floor":15,"key":"DIG"},{"floor":23,"key":"DIG"},{"floor":29,"key":"DIG"},{"floor":32,"key":"DIG"}],"neow_cost":"NONE","seed_source_timestamp":189128577824282,"circlet_count":0,"master_deck":["Defend_G","Defend_G","Defend_G","Defend_G","Strike_G","Strike_G","Survivor","Neutralize","Infinite Blades+1","Finisher","Infinite Blades+1","Backflip","Underhanded Strike","Flying Knee","Phantasmal Killer","Flying Knee","PiercingWail","Backflip+1","A Thousand Cuts","Well Laid Plans","Noxious Fumes","Poisoned Stab+1","Poisoned Stab"],"relics":["Eternal Feather","Shovel","FaceOfCleric","Meat on the Bone","StoneCalendar","Fusion Hammer","Tiny Chest","Omamori","Snake Skull","Bronze Scales","MutagenicStrength","Matryoshka","Empty Cage"],"potions_floor_usage":[2,18,18,22,25,25,27,35,37],"damage_taken":[{"damage":1,"enemies":"2 Louse","floor":1,"turns":4},{"damage":0,"enemies":"Cultist","floor":2,"turns":4},{"damage":1,"enemies":"Jaw Worm","floor":4,"turns":5},{"damage":8,"enemies":"Red Slaver","floor":5,"turns":5},{"damage":11,"enemies":"Blue Slaver","floor":7,"turns":5},{"damage":11,"enemies":"Large Slime","floor":12,"turns":7},{"damage":14,"enemies":"Exordium Wildlife","floor":13,"turns":4},{"damage":54,"enemies":"The Guardian","floor":16,"turns":13},{"damage":32,"enemies":"2 Thieves","floor":18,"turns":3},{"damage":4,"enemies":"Shell Parasite","floor":21,"turns":4},{"damage":0,"enemies":"Centurion and Healer","floor":22,"turns":1},{"damage":16,"enemies":"Snake Plant","floor":25,"turns":5},{"damage":1,"enemies":"Snecko","floor":27,"turns":5},{"damage":12,"enemies":"3 Cultists","floor":28,"turns":5},{"damage":28,"enemies":"Collector","floor":33,"turns":7},{"damage":39,"enemies":"3 Darklings","floor":35,"turns":7},{"damage":13,"enemies":"Orb Walker","floor":36,"turns":4},{"damage":44,"enemies":"Sphere and 2 Shapes","floor":37,"turns":5}],"seed_played":"7173269725702026970","potions_obtained":[{"floor":1,"key":"Energy Potion"},{"floor":5,"key":"Strength Potion"},{"floor":16,"key":"Swift Potion"},{"floor":18,"key":"Explosive Potion"},{"floor":19,"key":"GhostInAJar"},{"floor":19,"key":"Energy Potion"},{"floor":19,"key":"SmokeBomb"},{"floor":25,"key":"GhostInAJar"},{"floor":28,"key":"Weak Potion"},{"floor":36,"key":"PowerPotion"}],"is_trial":false,"path_per_floor":["M","M","?","M","M","R","M","R","T","?","R","M","M","$","R","B",null,"M","?","$","M","M","R","?","M","T","M","M","R","?","?","R","B",null,"M","M","M"],"character_chosen":"THE_SILENT","items_purchased":["Flying Knee","Tiny Chest"],"campfire_rested":0,"item_purchase_floors":[14,20],"current_hp_per_floor":[69,69,69,68,60,69,58,67,67,67,70,60,47,47,56,15,73,42,42,42,39,40,49,49,46,46,46,47,59,59,59,71,44,80,42,42,0],"gold":173,"neow_bonus":"BOSS_RELIC","is_prod":false,"is_daily":false,"chose_seed":false,"campfire_upgraded":2,"win_rate":1,"timestamp":1551731500,"path_taken":["M","M","?","M","?","R","M","R","T","?","R","?","M","$","R","BOSS","M","?","$","M","?","R","?","M","T","M","M","R","?","?","R","BOSS","M","M","M"],"build_version":"2019-01-23","purchased_purges":2,"victory":false,"max_hp_per_floor":[70,70,70,70,70,70,70,70,70,70,70,71,72,72,72,73,73,74,74,74,75,76,76,76,77,77,78,79,79,79,79,79,80,80,81,82,82],"card_choices":[{"not_picked":["Acrobatics","PiercingWail"],"picked":"Infinite Blades","floor":1},{"not_picked":["Acrobatics","All Out Attack"],"picked":"Finisher","floor":2},{"not_picked":["Outmaneuver","Prepared"],"picked":"Infinite Blades","floor":4},{"not_picked":["Poisoned Stab","Eviscerate"],"picked":"Backflip","floor":5},{"not_picked":["Bouncing Flask","Sucker Punch"],"picked":"Underhanded Strike","floor":7},{"not_picked":["Bane","Expertise","Sucker Punch"],"picked":"SKIP","floor":12},{"not_picked":["Poisoned Stab","Outmaneuver","Underhanded Strike"],"picked":"SKIP","floor":13},{"not_picked":["Adrenaline","Bullet Time"],"picked":"Phantasmal Killer","floor":16},{"not_picked":["Riddle With Holes","Deadly Poison"],"picked":"Flying Knee","floor":18},{"not_picked":["Backstab","Flying Knee"],"picked":"PiercingWail","floor":21},{"not_picked":["Dagger Throw","Prepared"],"picked":"Backflip+1","floor":25},{"not_picked":["Infinite Blades+1","Dash"],"picked":"A Thousand Cuts","floor":27},{"not_picked":["Slice","Caltrops"],"picked":"Well Laid Plans","floor":28},{"not_picked":["Dash","Dagger Throw"],"picked":"Poisoned Stab+1","floor":35},{"not_picked":["Dagger Throw+1","Choke+1"],"picked":"Poisoned Stab","floor":36}],"player_experience":44254,"relics_obtained":[{"floor":9,"key":"Shovel"},{"floor":11,"key":"Meat on the Bone"},{"floor":15,"key":"StoneCalendar"},{"floor":23,"key":"Omamori"},{"floor":26,"key":"Snake Skull"},{"floor":29,"key":"Bronze Scales"},{"floor":32,"key":"Matryoshka"}],"event_choices":[{"damage_healed":0,"gold_gain":100,"player_choice":"Gold","damage_taken":0,"max_hp_gain":0,"max_hp_loss":0,"event_name":"Wheel of Change","floor":3,"gold_loss":0},{"damage_healed":0,"gold_gain":0,"player_choice":"Trade","damage_taken":0,"relics_obtained":["FaceOfCleric"],"max_hp_gain":0,"max_hp_loss":0,"event_name":"FaceTrader","floor":10,"gold_loss":0},{"damage_healed":0,"gold_gain":0,"player_choice":"Got Potions","damage_taken":0,"max_hp_gain":0,"max_hp_loss":0,"event_name":"Lab","floor":19,"gold_loss":0},{"damage_healed":0,"gold_gain":0,"player_choice":"Paid Fearfully","damage_taken":0,"max_hp_gain":0,"max_hp_loss":0,"event_name":"Masked Bandits","floor":24,"gold_loss":111},{"damage_healed":0,"gold_gain":0,"player_choice":"Inject Mutagens","damage_taken":0,"relics_obtained":["MutagenicStrength"],"max_hp_gain":0,"max_hp_loss":0,"event_name":"Drug Dealer","floor":30,"gold_loss":0},{"damage_healed":0,"gold_gain":0,"player_choice":"Read","damage_taken":0,"max_hp_gain":0,"max_hp_loss":0,"event_name":"The Library","floor":31,"gold_loss":0,"cards_obtained":["Noxious Fumes"]}],"is_beta":false,"boss_relics":[{"not_picked":["Sozu","Ectoplasm"],"picked":"Fusion Hammer"},{"not_picked":["Busted Crown","Runic Dome"],"picked":"Empty Cage"}],"items_purged_floors":[14,20],"is_endless":false,"potions_floor_spawned":[1,5,16,18,25,28,36],"killed_by":"Sphere and 2 Shapes","ascension_level":0}