{"gold_per_floor":[209,209,229,229,6,34,46,46,96,113,129,129,129,157,157,157],"floor_reached":16,"playtime":448,"items_purged":[],"score":220,"play_id":"a11b80a0-06d6-4829-8724-8c75f07b0fc7","local_time":"20190817200008","is_ascension_mode":true,"campfire_choices":[{"data":"Sword Boomerang","floor":8,"key":"SMITH"},{"data":"Spot Weakness","floor":13,"key":"SMITH"},{"data":"True Grit","floor":15,"key":"SMITH"}],"neow_cost":"NONE","seed_source_timestamp":1224363288852500,"circlet_count":0,"master_deck":["AscendersBane","Strike_R","Strike_R","Strike_R","Strike_R","Defend_R","Defend_R","Defend_R","Defend_R","Bash","Spot Weakness+1","Sword Boomerang+1","Impervious","True Grit+1","Shockwave","Flame Barrier"],"relics":["Burning Blood","Shuriken","Oddly Smooth Stone","Centennial Puzzle","Regal Pillow","Question Card"],"potions_floor_usage":[6,14],"damage_taken":[{"damage":10,"enemies":"2 Louse","floor":1,"turns":3},{"damage":1,"enemies":"Cultist","floor":3,"turns":3},{"damage":22,"enemies":"Lagavulin","floor":6,"turns":6},{"damage":4,"enemies":"Small Slimes","floor":7,"turns":3},{"damage":11,"enemies":"3 Louse","floor":10,"turns":5},{"damage":22,"enemies":"Large Slime","floor":11,"turns":8},{"damage":15,"enemies":"Gremlin Nob","floor":14,"turns":4},{"damage":25,"enemies":"Hexaghost","floor":16,"turns":8}],"seed_played":"7960404946011421036","potions_obtained":[{"floor":1,"key":"Fire Potion"},{"floor":7,"key":"Block Potion"}],"is_trial":false,"path_per_floor":["M","?","M","T","$","E","M","R","T","M","M","?","R","E","R","B"],"character_chosen":"IRONCLAD","items_purchased":["Oddly Smooth Stone","Strength Potion"],"campfire_rested":0,"item_purchase_floors":[5,5],"current_hp_per_floor":[64,64,69,69,69,53,55,55,55,50,34,34,34,25,25,0],"gold":157,"neow_bonus":"HUNDRED_GOLD","is_prod":false,"is_daily":false,"chose_seed":false,"campfire_upgraded":3,"win_rate":0,"timestamp":1566097208,"path_taken":["M","?","?","?","$","E","M","R","T","M","?","?","R","E","R","BOSS"],"build_version":"2019-07-17","purchased_purges":0,"victory":false,"max_hp_per_floor":[75,75,75,75,75,75,75,75,75,75,75,75,75,75,75,75],"card_choices":[{"not_picked":["Sever Soul","Pommel Strike"],"picked":"Spot Weakness","floor":1},{"not_picked":["Pommel Strike","Perfected Strike"],"picked":"Sword Boomerang","floor":3},{"not_picked":["Pummel","Warcry"],"picked":"Impervious","floor":6},{"not_picked":["Sentinel","Havoc"],"picked":"True Grit","floor":7},{"not_picked":["Shrug It Off","Infernal Blade","Spot Weakness"],"picked":"SKIP","floor":10},{"not_picked":["Iron Wave","Fire Breathing"],"picked":"Shockwave","floor":11},{"not_picked":["Intimidate","Thunderclap"],"picked":"Flame Barrier","floor":14}],"player_experience":802074,"relics_obtained":[{"floor":4,"key":"Shuriken"},{"floor":6,"key":"Centennial Puzzle"},{"floor":9,"key":"Regal Pillow"},{"floor":14,"key":"Question Card"}],"event_choices":[{"cards_removed":["Strike_R"],"damage_healed":0,"gold_gain":0,"player_choice":"Offered Basic","damage_taken":0,"max_hp_gain":0,"max_hp_loss":0,"event_name":"Bonfire Elementals","floor":2,"gold_loss":0},{"damage_healed":0,"gold_gain":0,"player_choice":"Ignored","damage_taken":0,"max_hp_gain":0,"max_hp_loss":0,"event_name":"Golden Wing","floor":12,"gold_loss":0}],"is_beta":false,"boss_relics":[],"items_purged_floors":[],"is_endless":false,"potions_floor_spawned":[1,7,10],"killed_by":"Hexaghost","ascension_level":20}