{"gold_per_floor":[214,214,227,73,248,248,274,291,316,345,368,397,409,421,433,445],"floor_reached":16,"playtime":851,"items_purged":[],"score":122,"play_id":"64e16502-7f32-44ae-b5ac-582b67170d1c","local_time":"20181210231800","is_ascension_mode":true,"campfire_choices":[{"data":"Armaments","floor":6,"key":"SMITH"},{"floor":13,"key":"REST"},{"floor":15,"key":"REST"}],"neow_cost":"NONE","seed_source_timestamp":392346441782000,"circlet_count":0,"master_deck":["Strike_R+1","Strike_R","Strike_R","Strike_R","Strike_R","Defend_R","Defend_R","Defend_R+1","Defend_R","Bash","Flame Barrier","Armaments+1","Doubt","Perfected Strike","Body Slam"],"relics":["Burning Blood","Oddly Smooth Stone","Lantern","MawBank","Golden Idol"],"potions_floor_usage":[16,16,16],"damage_taken":[{"damage":1,"enemies":"Small Slimes","floor":1,"turns":4},{"damage":0,"enemies":"Jaw Worm","floor":3,"turns":4},{"damage":49,"enemies":"Gremlin Nob","floor":7,"turns":6},{"damage":0,"enemies":"2 Louse","floor":8,"turns":3},{"damage":0,"enemies":"2 Fungi Beasts","floor":10,"turns":3},{"damage":18,"enemies":"Large Slime","floor":11,"turns":8},{"damage":6,"enemies":"3 Louse","floor":12,"turns":4},{"damage":47,"enemies":"Slime Boss","floor":16,"turns":10}],"seed_played":"-878715188981499643","potions_obtained":[{"floor":7,"key":"Energy Potion"},{"floor":11,"key":"SteroidPotion"},{"floor":12,"key":"Energy Potion"}],"is_trial":false,"path_per_floor":["M","?","M","$","?","R","E","M","T","M","M","M","R","?","R","B"],"character_chosen":"IRONCLAD","items_purchased":["Oddly Smooth Stone"],"campfire_rested":2,"item_purchase_floors":[4],"current_hp_per_floor":[80,64,70,70,70,70,27,33,33,39,27,27,51,31,55,8],"gold":445,"neow_bonus":"HUNDRED_GOLD","is_prod":false,"is_daily":false,"chose_seed":false,"campfire_upgraded":1,"win_rate":0,"timestamp":1544512680,"path_taken":["M","?","M","$","?","R","E","M","T","M","M","M","R","?","R","BOSS"],"build_version":"2018-12-06","purchased_purges":0,"victory":false,"max_hp_per_floor":[80,80,80,80,80,80,80,80,80,80,80,80,80,80,80,80],"card_choices":[{"not_picked":["Sword Boomerang","Corruption"],"picked":"Flame Barrier","floor":1},{"not_picked":["Heavy Blade","Headbutt"],"picked":"Armaments","floor":3},{"not_picked":["Clash","Hemokinesis","Sword Boomerang"],"picked":"SKIP","floor":7},{"not_picked":["Sever Soul","Corruption","Headbutt"],"picked":"SKIP","floor":8},{"not_picked":["True Grit","Wild Strike","Whirlwind"],"picked":"SKIP","floor":10},{"not_picked":["Ghostly Armor","Whirlwind"],"picked":"Perfected Strike","floor":11},{"not_picked":["Juggernaut","Havoc"],"picked":"Body Slam","floor":12}],"player_experience":27120,"relics_obtained":[{"floor":7,"key":"Lantern"},{"floor":9,"key":"MawBank"}],"event_choices":[{"damage_healed":0,"gold_gain":0,"player_choice":"Entered Light","damage_taken":16,"max_hp_gain":0,"max_hp_loss":0,"event_name":"Shining Light","floor":2,"gold_loss":0,"cards_upgraded":["Defend_R","Strike_R"]},{"damage_healed":0,"gold_gain":175,"player_choice":"AGREE","damage_taken":0,"max_hp_gain":0,"max_hp_loss":0,"event_name":"Liars Game","floor":5,"gold_loss":0,"cards_obtained":["Doubt"]},{"damage_healed":0,"gold_gain":0,"player_choice":"Take Damage","damage_taken":20,"relics_obtained":["Golden Idol"],"max_hp_gain":0,"max_hp_loss":0,"event_name":"Golden Idol","floor":14,"gold_loss":0}],"is_beta":false,"boss_relics":[],"items_purged_floors":[],"is_endless":false,"potions_floor_spawned":[7,11,12],"killed_by":"Slime Boss","ascension_level":4}