{"gold_per_floor":[215,120,138,152,164,199,199,209,209,239,239,249,266,299,299,404,404,422,433,444,444],"floor_reached":21,"playtime":1493,"items_purged":[],"score":230,"play_id":"cdc94203-ac9a-4f39-bf44-04a1961c4451","local_time":"20190907185527","is_ascension_mode":false,"campfire_choices":[{"data":"Bouncing Flask","floor":7,"key":"SMITH"},{"floor":15,"key":"REST"}],"neow_cost":"NONE","seed_source_timestamp":1906683130053500,"circlet_count":0,"master_deck":["Strike_G","Strike_G","Strike_G","Defend_G","Defend_G","Defend_G","Defend_G","Defend_G","Survivor","Neutralize","Bouncing Flask","Quick Slash","Dodge and Roll","Deflect","Bouncing Flask+1","Bane","Footwork","Prepared","Well Laid Plans","Malaise","Reflex+1"],"relics":["Ring of the Snake","Blood Vial","Art of War","Pear","Oddly Smooth Stone","Empty Cage"],"potions_floor_usage":[14,14,19],"damage_taken":[{"damage":0,"enemies":"Small Slimes","floor":1,"turns":3},{"damage":2,"enemies":"Cultist","floor":3,"turns":4},{"damage":0,"enemies":"Jaw Worm","floor":4,"turns":4},{"damage":0,"enemies":"2 Fungi Beasts","floor":5,"turns":5},{"damage":10,"enemies":"Gremlin Nob","floor":6,"turns":4},{"damage":4,"enemies":"Blue Slaver","floor":8,"turns":3},{"damage":13,"enemies":"Lagavulin","floor":10,"turns":5},{"damage":19,"enemies":"Lots of Slimes","floor":12,"turns":5},{"damage":0,"enemies":"Exordium Wildlife","floor":13,"turns":2},{"damage":24,"enemies":"3 Sentries","floor":14,"turns":9},{"damage":14,"enemies":"Hexaghost","floor":16,"turns":8},{"damage":1,"enemies":"Spheric Guardian","floor":18,"turns":5},{"damage":21,"enemies":"3 Byrds","floor":19,"turns":5},{"damage":55,"enemies":"3 Cultists","floor":20,"turns":7},{"damage":13,"enemies":"Snake Plant","floor":21,"turns":4}],"seed_played":"-6869133993837341952","potions_obtained":[{"floor":3,"key":"Swift Potion"},{"floor":4,"key":"Weak Potion"},{"floor":6,"key":"SteroidPotion"},{"floor":12,"key":"EssenceOfSteel"},{"floor":16,"key":"SmokeBomb"},{"floor":18,"key":"Fire Potion"}],"is_trial":false,"path_per_floor":["M","?","M","M","M","E","R","M","T","E","?","M","M","E","R","B",null,"M","M","M","M"],"character_chosen":"THE_SILENT","items_purchased":[],"campfire_rested":1,"item_purchase_floors":[],"current_hp_per_floor":[70,70,68,70,70,60,60,58,58,57,62,45,47,25,50,38,85,84,64,11,0],"gold":444,"neow_bonus":"HUNDRED_GOLD","is_prod":false,"is_daily":false,"chose_seed":false,"campfire_upgraded":1,"win_rate":0,"timestamp":1567907727,"path_taken":["M","?","?","?","M","E","R","M","T","E","?","M","M","E","R","BOSS","M","M","M","M"],"build_version":"2019-07-17","purchased_purges":0,"victory":false,"max_hp_per_floor":[70,70,70,70,70,70,70,70,70,80,85,85,85,85,85,85,85,85,85,85,85],"card_choices":[{"not_picked":["Deflect","Dash"],"picked":"Bouncing Flask","floor":1},{"not_picked":["Flying Knee","Calculated Gamble"],"picked":"Quick Slash","floor":3},{"not_picked":["Setup","Slice"],"picked":"Dodge and Roll","floor":4},{"not_picked":["Endless Agony","Acrobatics"],"picked":"Deflect","floor":5},{"not_picked":["A Thousand Cuts","Storm of Steel"],"picked":"Bouncing Flask","floor":6},{"not_picked":["Dash","Underhanded Strike"],"picked":"Bane","floor":8},{"not_picked":["Escape Plan","Deflect"],"picked":"Footwork","floor":10},{"not_picked":["Flechettes","Deadly Poison","Deflect"],"picked":"SKIP","floor":12},{"not_picked":["Sucker Punch","PiercingWail"],"picked":"Prepared","floor":13},{"not_picked":["Dodge and Roll","Flying Knee"],"picked":"Well Laid Plans","floor":14},{"not_picked":["Night Terror","Bullet Time"],"picked":"Malaise","floor":16},{"not_picked":["Flying Knee","Accuracy+1"],"picked":"Reflex+1","floor":18},{"not_picked":["Endless Agony","Acrobatics+1","Poisoned Stab"],"picked":"SKIP","floor":19},{"not_picked":["Heel Hook","Backflip","Slice"],"picked":"SKIP","floor":20}],"player_experience":156849,"relics_obtained":[{"floor":6,"key":"Art of War"},{"floor":10,"key":"Pear"},{"floor":14,"key":"Oddly Smooth Stone"}],"event_choices":[{"damage_healed":0,"gold_gain":0,"player_choice":"Paid Gold","damage_taken":0,"relics_obtained":["Blood Vial"],"max_hp_gain":0,"max_hp_loss":0,"event_name":"WeMeetAgain","floor":2,"gold_loss":95},{"damage_healed":0,"gold_gain":0,"player_choice":"Donut","damage_taken":0,"max_hp_gain":5,"max_hp_loss":0,"event_name":"Big Fish","floor":11,"gold_loss":0}],"is_beta":false,"boss_relics":[{"not_picked":["Tiny House","Snecko Eye"],"picked":"Empty Cage"}],"items_purged_floors":[],"is_endless":false,"potions_floor_spawned":[3,4,6,12,16,18],"killed_by":"Snake Plant","ascension_level":0}