{"gold_per_floor":[213,68,81,256,271,271,66,81,129,157,157,222,222,29,29,127,127,140,160,35,51,75,75,75,90,90,108,189,189,200,214,214,314,314,331,331,331,35,45,72,88,104,130,164,182,0,17,34,34,34,34,34,34,59,59],"floor_reached":55,"playtime":4415,"items_purged":["Strike_R","Strike_R","Strike_R","Regret"],"score":816,"play_id":"4fb2e1c0-2704-4ea3-9e52-8ddd0f8317bd","local_time":"20190902194942","is_ascension_mode":false,"campfire_choices":[{"data":"Metallicize","floor":6.0,"key":"SMITH"},{"data":"Apotheosis","floor":15.0,"key":"SMITH"},{"data":"Limit Break","floor":23.0,"key":"SMITH"},{"data":"Ghostly Armor","floor":29.0,"key":"SMITH"},{"data":"Ghostly Armor","floor":32.0,"key":"SMITH"},{"floor":49.0,"key":"RECALL"},{"floor":52.0,"key":"REST"}],"neow_cost":"NONE","seed_source_timestamp":1474925376661400,"circlet_count":0,"master_deck":["Defend_R","Defend_R","Defend_R","Defend_R","Bash","Thunderclap","Metallicize+1","Headbutt","Doubt","Inflame","Ghostly Armor+1","Evolve","Dual Wield+1","Inflame","Apotheosis+1","Limit Break+1","Dropkick+1","Heavy Blade+1","Ghostly Armor+1","Bite+1","Bite+1","Bite+1","Bite+1","Bite+1","Heavy Blade+1","Fire Breathing","Carnage+1","Fire Breathing","Barricade","Seeing Red","Mayhem","Dual Wield+1","Power Through","Battle Trance","Reckless Charge+1","Inflame+1","Intimidate+1","Parasite","Disarm"],"special_seed":0,"relics":["Burning Blood","Red Skull","PreservedInsect","Tiny Chest","Molten Egg 2","Mark of Pain","Pen Nib","Question Card","Fusion Hammer","Dodecahedron","Oddly Smooth Stone","Vajra","Smiling Mask","Happy Flower","Red Mask","Sundial"],"potions_floor_usage":[55,55],"damage_taken":[{"damage":0.0,"enemies":"2 Louse","floor":1.0,"turns":3.0},{"damage":0.0,"enemies":"Small Slimes","floor":3.0,"turns":3.0},{"damage":2.0,"enemies":"Jaw Worm","floor":5.0,"turns":6.0},{"damage":18.0,"enemies":"Exordium Thugs","floor":8.0,"turns":6.0},{"damage":10.0,"enemies":"Lagavulin","floor":10.0,"turns":11.0},{"damage":22.0,"enemies":"3 Sentries","floor":12.0,"turns":9.0},{"damage":39.0,"enemies":"The Guardian","floor":16.0,"turns":17.0},{"damage":12.0,"enemies":"3 Byrds","floor":18.0,"turns":5.0},{"damage":6.0,"enemies":"Shell Parasite","floor":19.0,"turns":6.0},{"damage":2.0,"enemies":"Snecko","floor":21.0,"turns":5.0},{"damage":33.0,"enemies":"Centurion and Healer","floor":25.0,"turns":7.0},{"damage":36.0,"enemies":"Snake Plant","floor":27.0,"turns":5.0},{"damage":6.0,"enemies":"Cultist and Chosen","floor":30.0,"turns":9.0},{"damage":23.0,"enemies":"Shelled Parasite and Fungi","floor":31.0,"turns":7.0},{"damage":75.0,"enemies":"Automaton","floor":33.0,"turns":10.0},{"damage":2.0,"enemies":"Orb Walker","floor":35.0,"turns":4.0},{"damage":18.0,"enemies":"3 Darklings","floor":39.0,"turns":6.0},{"damage":16.0,"enemies":"Nemesis","floor":40.0,"turns":7.0},{"damage":30.0,"enemies":"4 Shapes","floor":41.0,"turns":5.0},{"damage":16.0,"enemies":"Jaw Worm Horde","floor":42.0,"turns":6.0},{"damage":0.0,"enemies":"Giant Head","floor":44.0,"turns":5.0},{"damage":34.0,"enemies":"3 Darklings","floor":45.0,"turns":8.0},{"damage":13.0,"enemies":"Writhing Mass","floor":47.0,"turns":6.0},{"damage":15.0,"enemies":"4 Shapes","floor":48.0,"turns":5.0},{"damage":64.0,"enemies":"Time Eater","floor":50.0,"turns":8.0},{"damage":36.0,"enemies":"Shield and Spear","floor":54.0,"turns":5.0},{"damage":83,"enemies":"The Heart","floor":55,"turns":3}],"seed_played":"-1748063686639296426","potions_obtained":[{"floor":5.0,"key":"SteroidPotion"},{"floor":8.0,"key":"SteroidPotion"},{"floor":10.0,"key":"LiquidBronze"},{"floor":12.0,"key":"SkillPotion"},{"floor":16.0,"key":"AttackPotion"},{"floor":18.0,"key":"Ancient Potion"},{"floor":27.0,"key":"Regen Potion"},{"floor":30.0,"key":"FairyPotion"},{"floor":31.0,"key":"BloodPotion"},{"floor":33.0,"key":"SpeedPotion"},{"floor":39.0,"key":"Regen Potion"},{"floor":54.0,"key":"Dexterity Potion"}],"is_trial":false,"path_per_floor":["M","$","M","?","M","R","$","M","T","E","?","E","?","$","R","B",null,"M","M","$","M","T","R","?","M","T","M","T","R","M","M","R","B",null,"M","T","?","$","M","E","M","M","T","E","M","?","M","M","R","B",null,"R","$","E","B"],"character_chosen":"IRONCLAD","items_purchased":["Metallicize","Ghostly Armor","Evolve","Apotheosis","Oddly Smooth Stone"],"campfire_rested":1,"item_purchase_floors":[2,7,7,14,38],"current_hp_per_floor":[80,80,80,80,80,80,80,68,68,64,64,48,48,48,48,15,80,74,74,74,78,78,78,56,40,40,31,31,31,46,41,41,25,56,56,56,56,56,56,55,44,55,55,56,53,53,50,53,53,21,56,56,56,35,0],"gold":59,"neow_bonus":"HUNDRED_GOLD","is_prod":false,"is_daily":false,"chose_seed":false,"campfire_upgraded":5,"win_rate":0,"timestamp":1567478982,"path_taken":["M","$","M","?","M","R","$","M","T","E","?","E","?","?","R","BOSS","M","M","$","M","?","R","?","M","T","?","?","R","M","M","R","BOSS","M","?","?","$","M","E","?","M","T","E","M","?","M","M","R","BOSS","R","$","E","BOSS"],"build_version":"2019-07-17","purchased_purges":4,"victory":false,"max_hp_per_floor":[80,80,80,80,80,80,80,80,80,80,80,80,80,80,80,80,80,80,80,80,80,80,80,56,56,56,56,56,56,56,56,56,56,56,56,56,56,56,56,56,56,56,56,56,56,56,56,56,56,56,56,56,56,56,56],"card_choices":[{"not_picked":["Whirlwind","Cleave"],"picked":"Thunderclap","floor":1.0},{"not_picked":["Infernal Blade","Wild Strike"],"picked":"Headbutt","floor":3.0},{"not_picked":["Rage","Perfected Strike"],"picked":"Inflame","floor":5.0},{"not_picked":["Perfected Strike","Spot Weakness"],"picked":"Dual Wield","floor":8.0},{"not_picked":["Power Through","Anger"],"picked":"Inflame","floor":10.0},{"not_picked":["Iron Wave","Wild Strike","Uppercut"],"picked":"SKIP","floor":12.0},{"not_picked":["Offering","Exhume"],"picked":"Limit Break","floor":16.0},{"not_picked":["Headbutt+1","Iron Wave+1"],"picked":"Dropkick+1","floor":18.0},{"not_picked":["Seeing Red","Flame Barrier"],"picked":"Heavy Blade+1","floor":19.0},{"not_picked":["Blood for Blood+1","Pommel Strike+1"],"picked":"Ghostly Armor","floor":21.0},{"not_picked":["Clash+1","Sword Boomerang+1"],"picked":"Heavy Blade+1","floor":25.0},{"not_picked":["Clash+1","Wild Strike+1"],"picked":"Fire Breathing","floor":27.0},{"not_picked":["Pommel Strike+1","Anger+1","Headbutt+1"],"picked":"Carnage+1","floor":30.0},{"not_picked":["Iron Wave+1","Armaments","Flex"],"picked":"Fire Breathing","floor":31.0},{"not_picked":["Double Tap","Reaper+1","Bludgeon+1"],"picked":"Barricade","floor":33.0},{"not_picked":["Cleave+1","Armaments","Perfected Strike+1"],"picked":"Seeing Red","floor":35.0},{"not_picked":["Swift Strike+1","Enlightenment","Madness"],"picked":"Mayhem","floor":37.0},{"not_picked":["Perfected Strike+1","Warcry","Wild Strike+1"],"picked":"Dual Wield+1","floor":39.0},{"not_picked":["Pommel Strike+1","Dark Embrace","Warcry+1"],"picked":"Power Through","floor":40.0},{"not_picked":["Body Slam+1","Wild Strike+1","Clash+1"],"picked":"Battle Trance","floor":41.0},{"not_picked":["Shockwave","Cleave+1","Sword Boomerang+1"],"picked":"Reckless Charge+1","floor":42.0},{"not_picked":["Bludgeon+1","Evolve","Cleave+1"],"picked":"Inflame+1","floor":44.0},{"not_picked":["Power Through+1","Armaments+1","Havoc"],"picked":"Intimidate+1","floor":45.0},{"not_picked":["Iron Wave+1","Body Slam+1","Clothesline+1"],"picked":"Disarm","floor":47.0},{"not_picked":["Perfected Strike+1","Armaments","Dark Embrace","Pommel Strike+1"],"picked":"SKIP","floor":48.0},{"not_picked":["Fire Breathing","Shockwave","Armaments","Pummel+1"],"picked":"SKIP","floor":54.0}],"player_experience":96259,"relics_obtained":[{"floor":9.0,"key":"Red Skull"},{"floor":10.0,"key":"PreservedInsect"},{"floor":12.0,"key":"Tiny Chest"},{"floor":26.0,"key":"Pen Nib"},{"floor":28.0,"key":"Question Card"},{"floor":36.0,"key":"Dodecahedron"},{"floor":40.0,"key":"Vajra"},{"floor":43.0,"key":"Smiling Mask"},{"floor":44.0,"key":"Happy Flower"},{"floor":54.0,"key":"Sundial"}],"event_choices":[{"damage_healed":0.0,"max_hp_gain":0.0,"max_hp_loss":0.0,"gold_gain":175.0,"event_name":"Liars Game","player_choice":"AGREE","floor":4.0,"gold_loss":0.0,"damage_taken":0.0,"cards_obtained":["Doubt"]},{"damage_healed":0.0,"max_hp_gain":0.0,"max_hp_loss":0.0,"gold_gain":0.0,"event_name":"Living Wall","player_choice":"Grow","floor":11.0,"gold_loss":0.0,"damage_taken":0.0,"cards_upgraded":["Dual Wield"]},{"damage_healed":0.0,"max_hp_gain":0.0,"max_hp_loss":0.0,"gold_gain":0.0,"event_name":"Big Fish","player_choice":"Box","floor":13.0,"gold_loss":0.0,"damage_taken":0.0,"relics_obtained":["Molten Egg 2"],"cards_obtained":["Regret"]},{"damage_healed":0.0,"max_hp_gain":0.0,"max_hp_loss":24.0,"gold_gain":0.0,"event_name":"Vampires","player_choice":"Became a vampire","floor":24.0,"gold_loss":0.0,"damage_taken":0.0,"cards_obtained":["Bite","Bite","Bite","Bite","Bite"]},{"damage_healed":0.0,"max_hp_gain":0.0,"max_hp_loss":0.0,"gold_gain":0.0,"event_name":"SensoryStone","player_choice":"Memory 1","floor":37.0,"gold_loss":0.0,"damage_taken":0.0},{"damage_healed":0.0,"max_hp_gain":0.0,"max_hp_loss":0.0,"gold_gain":0.0,"event_name":"Tomb of Lord Red Mask","player_choice":"Paid","floor":46.0,"gold_loss":182.0,"damage_taken":0.0,"relics_obtained":["Red Mask"]}],"is_beta":false,"boss_relics":[{"not_picked":["Runic Dome","Coffee Dripper"],"picked":"Mark of Pain"},{"not_picked":["Lizard Tail","Cursed Key"],"picked":"Fusion Hammer"}],"items_purged_floors":[2,7,20,38],"is_endless":false,"potions_floor_spawned":[5,8,10,12,16,18,27,30,31,33,39,40,41,42,54],"killed_by":"The Heart","ascension_level":0}