{"gold_per_floor":[217,217,232,47,60,93,93,122,122,122,122,153,166,184,184,184],"floor_reached":16,"playtime":592,"items_purged":[],"score":240,"play_id":"b76457cf-3393-4b58-ad9f-7953b4f43565","local_time":"20190702214412","is_ascension_mode":true,"campfire_choices":[{"floor":10.0,"key":"REST"},{"data":"Perfected Strike","floor":15,"key":"SMITH"}],"neow_cost":"NONE","seed_source_timestamp":241586013793000,"circlet_count":0,"master_deck":["AscendersBane","Strike_R","Strike_R","Strike_R+1","Strike_R","Strike_R","Defend_R","Defend_R","Defend_R","Defend_R+1","Bash","Iron Wave+1","Perfected Strike+1","Feed","True Grit+1","Anger","Battle Trance","Disarm","Battle Trance"],"special_seed":0,"relics":["Burning Blood","Art of War","Pear","Omamori","War Paint"],"potions_floor_usage":[14,14],"damage_taken":[{"damage":14.0,"enemies":"Jaw Worm","floor":1.0,"turns":4.0},{"damage":8.0,"enemies":"Small Slimes","floor":3.0,"turns":4.0},{"damage":1.0,"enemies":"2 Louse","floor":5.0,"turns":2.0},{"damage":41.0,"enemies":"3 Sentries","floor":6.0,"turns":9.0},{"damage":25.0,"enemies":"Gremlin Nob","floor":8.0,"turns":4.0},{"damage":41.0,"enemies":"Lagavulin","floor":12.0,"turns":6.0},{"damage":12.0,"enemies":"Large Slime","floor":13.0,"turns":7.0},{"damage":20,"enemies":"Exordium Wildlife","floor":14,"turns":4},{"damage":8,"enemies":"Hexaghost","floor":16,"turns":9}],"seed_played":"-940277657378170926","potions_obtained":[{"floor":1.0,"key":"Regen Potion"},{"floor":6.0,"key":"GamblersBrew"},{"floor":8.0,"key":"Ancient Potion"},{"floor":12.0,"key":"Weak Potion"}],"is_trial":false,"path_per_floor":["M","?","M","$","M","E","?","E","T","R","?","E","M","M","R","B"],"character_chosen":"IRONCLAD","items_purchased":["Feed","True Grit"],"campfire_rested":1,"item_purchase_floors":[4,4],"current_hp_per_floor":[60,37,35,35,40,23,42,36,36,63,56,21,18,7,7,0],"gold":184,"neow_bonus":"HUNDRED_GOLD","is_prod":false,"is_daily":false,"chose_seed":false,"campfire_upgraded":1,"win_rate":0,"timestamp":1562118252,"path_taken":["M","?","M","$","M","E","?","E","T","R","?","E","M","M","R","BOSS"],"build_version":"2019-07-01","purchased_purges":0,"victory":false,"max_hp_per_floor":[75,75,75,75,75,78,78,91,91,91,88,88,91,94,94,94],"card_choices":[{"not_picked":["Seeing Red","Feel No Pain"],"picked":"Iron Wave","floor":1.0},{"not_picked":["Heavy Blade","Flex"],"picked":"Perfected Strike","floor":3.0},{"not_picked":["Thunderclap","Pommel Strike"],"picked":"Anger","floor":5.0},{"not_picked":["Sever Soul","Dual Wield","Cleave"],"picked":"SKIP","floor":6.0},{"not_picked":["Ghostly Armor","Anger"],"picked":"Battle Trance","floor":8.0},{"not_picked":["Heavy Blade","Brutality"],"picked":"Disarm","floor":12.0},{"not_picked":["Iron Wave","Rupture"],"picked":"Battle Trance","floor":13.0},{"not_picked":["Searing Blow","Heavy Blade","Dropkick"],"picked":"SKIP","floor":14}],"player_experience":766462,"relics_obtained":[{"floor":6.0,"key":"Art of War"},{"floor":8.0,"key":"Pear"},{"floor":9.0,"key":"Omamori"},{"floor":12.0,"key":"War Paint"}],"event_choices":[{"damage_healed":0.0,"max_hp_gain":0.0,"max_hp_loss":0.0,"gold_gain":0.0,"event_name":"Shining Light","player_choice":"Entered Light","floor":2.0,"gold_loss":0.0,"damage_taken":23.0,"cards_upgraded":["Strike_R","Iron Wave"]},{"damage_healed":19.0,"max_hp_gain":0.0,"max_hp_loss":0.0,"gold_gain":0.0,"event_name":"Mushrooms","player_choice":"Healed and dodged fight","floor":7.0,"gold_loss":0.0,"damage_taken":0.0,"cards_obtained":["Parasite"]},{"cards_removed":["Parasite"],"damage_healed":0.0,"max_hp_gain":0.0,"max_hp_loss":0.0,"gold_gain":0.0,"event_name":"Golden Wing","player_choice":"Card Removal","floor":11.0,"gold_loss":0.0,"damage_taken":7.0}],"is_beta":false,"boss_relics":[],"items_purged_floors":[],"is_endless":false,"potions_floor_spawned":[1,6,8,12],"killed_by":"Hexaghost","ascension_level":20}