{"gold_per_floor":[110,110,160,174,174,174,174,12,81,81,81,108,0,14,14,14],"floor_reached":16,"playtime":303,"items_purged":[],"score":212,"play_id":"49c51bb2-44a1-4193-9678-587d4d4acbbb","local_time":"20190711012206","is_ascension_mode":true,"campfire_choices":[{"data":"Fiend Fire","floor":6,"key":"SMITH"},{"floor":11,"key":"REST"},{"data":"True Grit","floor":15,"key":"SMITH"}],"neow_cost":"PERCENT_DAMAGE","seed_source_timestamp":106257822202000,"circlet_count":0,"master_deck":["AscendersBane","Strike_R","Strike_R","Strike_R","Strike_R","Defend_R","Defend_R","Defend_R+1","Defend_R","Bash+1","Fiend Fire+1","Anger","Shockwave","Feel No Pain","True Grit+1"],"relics":["Burning Blood","Happy Flower","The Courier","Question Card"],"potions_floor_usage":[7],"damage_taken":[{"damage":8,"enemies":"Small Slimes","floor":1,"turns":5},{"damage":7,"enemies":"Jaw Worm","floor":4,"turns":3},{"damage":15,"enemies":"3 Sentries","floor":7,"turns":4},{"damage":31,"enemies":"Gremlin Nob","floor":12,"turns":4},{"damage":0,"enemies":"Cultist","floor":14,"turns":2},{"damage":19,"enemies":"Hexaghost","floor":16,"turns":9}],"seed_played":"4029016384436231120","potions_obtained":[{"floor":4,"key":"SmokeBomb"}],"is_trial":false,"path_per_floor":["M","?","?","M","?","R","E","$","T","?","R","E","$","M","R","B"],"character_chosen":"IRONCLAD","items_purchased":["Happy Flower","Feel No Pain","True Grit"],"campfire_rested":1,"item_purchase_floors":[8,13,13],"current_hp_per_floor":[48,48,48,47,24,24,15,15,15,15,37,12,12,18,18,0],"gold":14,"neow_bonus":"THREE_RARE_CARDS","is_prod":false,"is_daily":false,"chose_seed":false,"campfire_upgraded":2,"win_rate":0,"timestamp":1562833326,"path_taken":["M","?","?","?","?","R","E","$","T","?","R","E","$","?","R","BOSS"],"build_version":"2019-07-05","purchased_purges":0,"victory":false,"max_hp_per_floor":[75,75,75,75,75,75,75,75,75,75,75,75,75,75,75,75],"card_choices":[{"not_picked":["Demon Form","Exhume"],"picked":"Fiend Fire","floor":0},{"not_picked":["Body Slam","Evolve"],"picked":"Anger","floor":1},{"not_picked":["Rampage","Armaments","Anger"],"picked":"SKIP","floor":4},{"not_picked":["Heavy Blade","Rupture"],"picked":"Shockwave","floor":12},{"not_picked":["Havoc","Searing Blow","Intimidate","Pummel"],"picked":"SKIP","floor":14}],"player_experience":652462,"relics_obtained":[{"floor":9,"key":"The Courier"},{"floor":12,"key":"Question Card"}],"event_choices":[{"damage_healed":0,"gold_gain":0,"player_choice":"Ignored","damage_taken":0,"max_hp_gain":0,"max_hp_loss":0,"event_name":"Liars Game","floor":2,"gold_loss":0},{"damage_healed":0,"gold_gain":50,"player_choice":"Pray","damage_taken":0,"max_hp_gain":0,"max_hp_loss":0,"event_name":"Golden Shrine","floor":3,"gold_loss":0},{"damage_healed":0,"gold_gain":0,"player_choice":"Entered Light","damage_taken":23,"max_hp_gain":0,"max_hp_loss":0,"event_name":"Shining Light","floor":5,"gold_loss":0,"cards_upgraded":["Defend_R","Bash"]},{"cards_removed":["Strike_R"],"damage_healed":0,"gold_gain":0,"player_choice":"Purged","damage_taken":0,"max_hp_gain":0,"max_hp_loss":0,"event_name":"Purifier","floor":10,"gold_loss":0}],"is_beta":false,"boss_relics":[],"items_purged_floors":[],"is_endless":false,"potions_floor_spawned":[4,7],"killed_by":"Hexaghost","ascension_level":20}