{"gold_per_floor":[109,126,29,29,45,45,57,67,92,92,102,122,141,152,152,254,254,264,274,284,10,10],"floor_reached":22,"playtime":1085,"items_purged":["Regret","Strike_B"],"score":255,"play_id":"2f3c9039-a877-4b8a-9c61-b3334b918971","local_time":"20190107072843","is_ascension_mode":true,"campfire_choices":[{"data":"Hologram","floor":6,"key":"SMITH"},{"data":"Dualcast","floor":10,"key":"SMITH"},{"floor":15,"key":"REST"}],"neow_cost":"CURSE","seed_source_timestamp":918268147097886,"circlet_count":0,"master_deck":["Strike_B","Defend_B","Defend_B","Defend_B","Defend_B","Zap+1","Dualcast+1","Blizzard","Hologram+1","Steam","Cold Snap","Loop","Steam","Redo","Leap","Cold Snap","Cold Snap","Machine Learning","Conserve Battery","Cold Snap","Cold Snap+1","Coolheaded"],"relics":["Cracked Core","Ginger","Strawberry","Empty Cage","Bag of Preparation"],"potions_floor_usage":[16,19],"damage_taken":[{"damage":3,"enemies":"2 Louse","floor":1,"turns":2},{"damage":3,"enemies":"Cultist","floor":2,"turns":3},{"damage":2,"enemies":"Jaw Worm","floor":5,"turns":4},{"damage":8,"enemies":"Blue Slaver","floor":7,"turns":3},{"damage":10,"enemies":"2 Fungi Beasts","floor":8,"turns":3},{"damage":8,"enemies":"Exordium Thugs","floor":11,"turns":4},{"damage":7,"enemies":"Looter","floor":12,"turns":3},{"damage":1,"enemies":"2 Fungi Beasts","floor":13,"turns":5},{"damage":4,"enemies":"Blue Slaver","floor":14,"turns":4},{"damage":43,"enemies":"Slime Boss","floor":16,"turns":11},{"damage":6,"enemies":"Shell Parasite","floor":18,"turns":9},{"damage":55,"enemies":"3 Byrds","floor":19,"turns":7},{"damage":5,"enemies":"Centurion and Healer","floor":20,"turns":12},{"damage":21,"enemies":"Cultist and Chosen","floor":22,"turns":10}],"seed_played":"-3720654724480881072","potions_obtained":[{"floor":1,"key":"Strength Potion"},{"floor":11,"key":"EssenceOfSteel"},{"floor":13,"key":"Regen Potion"},{"floor":18,"key":"Swift Potion"},{"floor":20,"key":"Poison Potion"}],"is_trial":false,"path_per_floor":["M","M","$","?","M","R","M","M","T","R","M","M","M","M","R","B",null,"M","M","M","$","M"],"character_chosen":"DEFECT","items_purchased":["Steam","Bag of Preparation","Coolheaded"],"campfire_rested":1,"item_purchase_floors":[3,21,21],"current_hp_per_floor":[72,69,69,69,67,67,59,49,56,56,48,41,40,36,60,17,66,60,10,5,5,0],"gold":10,"neow_bonus":"ONE_RARE_RELIC","is_prod":false,"is_daily":false,"chose_seed":false,"campfire_upgraded":2,"win_rate":0,"timestamp":1546867723,"path_taken":["M","M","$","?","M","R","M","M","T","R","M","M","?","M","R","BOSS","M","M","M","$","?"],"build_version":"2019-01-03v4","purchased_purges":2,"victory":false,"max_hp_per_floor":[75,75,75,75,75,75,75,75,82,82,82,82,82,82,82,82,82,82,82,82,82,82],"card_choices":[{"not_picked":["Cold Snap","Static Discharge"],"picked":"Blizzard","floor":1},{"not_picked":["Aggregate","Conserve Battery"],"picked":"Hologram","floor":2},{"not_picked":["Capacitor","Chaos"],"picked":"Cold Snap","floor":5},{"not_picked":["Gash","Fusion"],"picked":"Loop","floor":7},{"not_picked":["Compile Driver","Stack"],"picked":"Steam","floor":8},{"not_picked":["Darkness","Stack"],"picked":"Redo","floor":11},{"not_picked":["Force Field","Scrape"],"picked":"Leap","floor":12},{"not_picked":["Creative AI","Melter"],"picked":"Cold Snap","floor":13},{"not_picked":["Beam Cell","Conserve Battery"],"picked":"Cold Snap","floor":14},{"not_picked":["All For One","Amplify"],"picked":"Machine Learning","floor":16},{"not_picked":["Darkness","Force Field"],"picked":"Conserve Battery","floor":18},{"not_picked":["Conserve Battery","Barrage"],"picked":"Cold Snap","floor":19},{"not_picked":["Redo","Sweeping Beam+1"],"picked":"Cold Snap+1","floor":20}],"player_experience":125295,"relics_obtained":[{"floor":9,"key":"Strawberry"}],"event_choices":[{"damage_healed":0,"gold_gain":0,"player_choice":"Forge","damage_taken":0,"max_hp_gain":0,"max_hp_loss":0,"event_name":"Accursed Blacksmith","floor":4,"gold_loss":0,"cards_upgraded":["Zap"]}],"is_beta":false,"boss_relics":[{"not_picked":["Nuclear Battery","Runic Dome"],"picked":"Empty Cage"}],"items_purged_floors":[3,21],"is_endless":false,"potions_floor_spawned":[1,11,13,18,20],"killed_by":"Cultist and Chosen","ascension_level":5}