{"gold_per_floor":[118,9,184,184,199,199,212,212,212,229,229,229,243,61,61,162,162,174,187,236,23,38,38,38,38,62,62,79,79,90,121,121,220,220,233,252,252,264,279,279,279,328,352,384,400,415,427,440,440,440],"floor_reached":50,"playtime":6999,"items_purged":["Strike_G","Defend_G","Defend_G"],"score":486,"play_id":"4a6c7d75-a04d-4fb4-9e0f-03240a88aad6","local_time":"20190901203507","is_ascension_mode":false,"campfire_choices":[{"data":"Neutralize","floor":6.0,"key":"SMITH"},{"data":"Accuracy","floor":8.0,"key":"SMITH"},{"data":"Cloak And Dagger","floor":11.0,"key":"SMITH"},{"data":"Cloak And Dagger","floor":15.0,"key":"SMITH"},{"data":"After Image","floor":23.0,"key":"SMITH"},{"data":"Envenom","floor":25.0,"key":"SMITH"},{"floor":32,"key":"REST"},{"floor":40,"key":"RECALL"},{"data":"Envenom","floor":49,"key":"SMITH"}],"neow_cost":"NONE","seed_source_timestamp":1388596353666700,"circlet_count":0,"master_deck":["Strike_G","Strike_G","Strike_G","Defend_G","Defend_G","Defend_G","Survivor","Neutralize+1","Heel Hook","Accuracy+1","Infinite Blades+1","Cloak And Dagger+1","Cloak And Dagger+1","Flash of Steel","After Image+1","Acrobatics","Finisher","Flash of Steel","Envenom+1","Injury","Doubt","Leg Sweep+1","Calculated Gamble+1","Blade Dance","Envenom+1","Endless Agony+1","Acrobatics","Endless Agony","Writhe","Burst","Acrobatics+1","Infinite Blades+1"],"special_seed":0,"relics":["Ring of the Snake","NeowsBlessing","FossilizedHelix","Question Card","Black Star","Strawberry","Regal Pillow","Vajra","HoveringKite","Bird Faced Urn","Bag of Preparation","Blood Vial","Snake Skull","Mercury Hourglass"],"potions_floor_usage":[31,33,33,44,44,48,50],"damage_taken":[{"damage":0.0,"enemies":"Jaw Worm","floor":1.0,"turns":1.0},{"damage":0.0,"enemies":"2 Louse","floor":5.0,"turns":1.0},{"damage":0.0,"enemies":"Cultist","floor":7.0,"turns":1.0},{"damage":8.0,"enemies":"Gremlin Gang","floor":10.0,"turns":6.0},{"damage":0.0,"enemies":"3 Louse","floor":13.0,"turns":4.0},{"damage":19.0,"enemies":"Hexaghost","floor":16.0,"turns":10.0},{"damage":5.0,"enemies":"2 Thieves","floor":18.0,"turns":4.0},{"damage":25.0,"enemies":"Spheric Guardian","floor":19.0,"turns":6.0},{"damage":3.0,"enemies":"Centurion and Healer","floor":22.0,"turns":5.0},{"damage":0.0,"enemies":"Shelled Parasite and Fungi","floor":28.0,"turns":6.0},{"damage":0,"enemies":"Cultist and Chosen","floor":30,"turns":7},{"damage":5,"enemies":"Gremlin Leader","floor":31,"turns":7},{"damage":42,"enemies":"Collector","floor":33,"turns":10},{"damage":6,"enemies":"3 Darklings","floor":35,"turns":6},{"damage":3,"enemies":"Orb Walker","floor":36,"turns":4},{"damage":0,"enemies":"Spire Growth","floor":38,"turns":4},{"damage":20,"enemies":"Jaw Worm Horde","floor":39,"turns":5},{"damage":10,"enemies":"Reptomancer","floor":44,"turns":7},{"damage":0,"enemies":"Sphere and 2 Shapes","floor":45,"turns":4},{"damage":0,"enemies":"3 Darklings","floor":46,"turns":4},{"damage":0,"enemies":"Jaw Worm Horde","floor":47,"turns":3},{"damage":8,"enemies":"Writhing Mass","floor":48,"turns":4},{"damage":81,"enemies":"Time Eater","floor":50,"turns":6}],"seed_played":"399470398235080767","potions_obtained":[{"floor":1.0,"key":"FearPotion"},{"floor":7.0,"key":"SkillPotion"},{"floor":13.0,"key":"SpeedPotion"},{"floor":16.0,"key":"Fire Potion"},{"floor":19.0,"key":"PowerPotion"},{"floor":22.0,"key":"EssenceOfSteel"},{"floor":31,"key":"Strength Potion"},{"floor":38,"key":"Fire Potion"},{"floor":39,"key":"SkillPotion"},{"floor":45,"key":"LiquidBronze"},{"floor":48,"key":"SkillPotion"}],"is_trial":false,"path_per_floor":["M","$","?","?","M","R","M","R","T","M","R","?","M","$","R","B",null,"M","M","T","$","M","R","?","R","T","$","M","?","M","E","R","B",null,"M","M","T","M","M","R","?","T","T","E","M","M","M","M","R","B"],"character_chosen":"THE_SILENT","items_purchased":["Accuracy","Flash of Steel","Flash of Steel"],"campfire_rested":1,"item_purchase_floors":[2,14,21],"current_hp_per_floor":[70,70,70,70,70,70,70,70,70,62,62,55,55,55,55,36,70,65,40,40,40,37,37,37,37,44,44,44,44,44,39,77,35,77,71,68,68,77,61,61,77,77,77,67,77,77,77,71,71,0],"gold":440,"neow_bonus":"THREE_ENEMY_KILL","is_prod":false,"is_daily":false,"chose_seed":false,"campfire_upgraded":7,"win_rate":0,"timestamp":1567395307,"path_taken":["M","$","?","?","M","R","M","R","T","M","R","?","?","$","R","BOSS","M","M","?","$","?","R","?","R","T","$","M","?","?","E","R","BOSS","M","M","?","M","M","R","?","?","T","E","M","M","?","M","R","BOSS"],"build_version":"2019-07-17","purchased_purges":3,"victory":false,"max_hp_per_floor":[70,70,70,70,70,70,70,70,70,70,70,70,70,70,70,70,70,70,70,70,70,70,70,70,70,77,77,77,77,77,77,77,77,77,77,77,77,77,77,77,77,77,77,77,77,77,77,77,77,77],"card_choices":[{"not_picked":["Expertise","Deflect"],"picked":"Heel Hook","floor":1.0},{"not_picked":["Slice","Deadly Poison","Bane"],"picked":"SKIP","floor":5.0},{"not_picked":["All Out Attack","Noxious Fumes"],"picked":"Infinite Blades","floor":7.0},{"not_picked":["Sucker Punch","Underhanded Strike","Outmaneuver"],"picked":"Cloak And Dagger","floor":10.0},{"not_picked":["Adrenaline","Slice","Leg Sweep"],"picked":"Cloak And Dagger","floor":13.0},{"not_picked":["Burst","Phantasmal Killer","Corpse Explosion"],"picked":"After Image","floor":16.0},{"not_picked":["Terror+1","Heel Hook","Bane"],"picked":"Acrobatics","floor":18.0},{"not_picked":["Outmaneuver","Caltrops","Well Laid Plans"],"picked":"Finisher","floor":19.0},{"not_picked":["Deflect+1","Outmaneuver","Dagger Spray+1"],"picked":"Envenom","floor":22.0},{"not_picked":["Terror+1","Bane","Eviscerate"],"picked":"Leg Sweep+1","floor":28.0},{"not_picked":["Backflip","Quick Slash+1","Flying Knee"],"picked":"Calculated Gamble+1","floor":30},{"not_picked":["Storm of Steel","Underhanded Strike","Slice"],"picked":"Blade Dance","floor":31},{"not_picked":["Wraith Form v2","Night Terror","Tools of the Trade"],"picked":"Envenom","floor":33},{"not_picked":["Blur+1","Dagger Throw+1","Prepared"],"picked":"Endless Agony+1","floor":35},{"not_picked":["Deflect","Sucker Punch+1","Dodge and Roll+1"],"picked":"Acrobatics","floor":36},{"not_picked":["Masterful Stab","Bane","Dash","Dodge and Roll+1"],"picked":"SKIP","floor":38},{"not_picked":["Backflip","Outmaneuver","PiercingWail+1"],"picked":"Endless Agony","floor":39},{"not_picked":["Bouncing Flask+1","Phantasmal Killer","PiercingWail"],"picked":"Burst","floor":44},{"not_picked":["Terror+1","Footwork","Well Laid Plans"],"picked":"Acrobatics+1","floor":45},{"not_picked":["Skewer+1","Poisoned Stab","All Out Attack+1","Flying Knee"],"picked":"SKIP","floor":46},{"not_picked":["Finisher+1","Backflip","Masterful Stab+1","Outmaneuver+1"],"picked":"SKIP","floor":47},{"not_picked":["Dagger Throw","Calculated Gamble","Underhanded Strike"],"picked":"Infinite Blades+1","floor":48}],"player_experience":77044,"relics_obtained":[{"floor":9.0,"key":"Question Card"},{"floor":26.0,"key":"Strawberry"},{"floor":31,"key":"Regal Pillow"},{"floor":31,"key":"Vajra"},{"floor":37,"key":"Bird Faced Urn"},{"floor":42,"key":"Bag of Preparation"},{"floor":43,"key":"Blood Vial"},{"floor":44,"key":"Snake Skull"},{"floor":44,"key":"Mercury Hourglass"}],"event_choices":[{"damage_healed":0.0,"max_hp_gain":0.0,"max_hp_loss":0.0,"gold_gain":175.0,"event_name":"Liars Game","player_choice":"AGREE","floor":3.0,"gold_loss":0.0,"damage_taken":0.0,"cards_obtained":["Doubt"]},{"damage_healed":0.0,"max_hp_gain":0.0,"max_hp_loss":0.0,"gold_gain":0.0,"event_name":"Big Fish","player_choice":"Box","floor":4.0,"gold_loss":0.0,"damage_taken":0.0,"relics_obtained":["FossilizedHelix"],"cards_obtained":["Regret"]},{"cards_removed":["Strike_G"],"damage_healed":0.0,"max_hp_gain":0.0,"max_hp_loss":0.0,"gold_gain":0.0,"event_name":"Golden Wing","player_choice":"Card Removal","floor":12.0,"gold_loss":0.0,"damage_taken":7.0},{"damage_healed":0.0,"max_hp_gain":0.0,"max_hp_loss":0.0,"gold_gain":0.0,"cards_transformed":["Doubt","Regret"],"event_name":"Drug Dealer","player_choice":"Became Test Subject","floor":24.0,"gold_loss":0.0,"damage_taken":0.0,"cards_obtained":["Injury","Doubt"]},{"damage_healed":0.0,"max_hp_gain":0.0,"max_hp_loss":0.0,"gold_gain":0.0,"event_name":"Upgrade Shrine","player_choice":"Upgraded","floor":29.0,"gold_loss":0.0,"damage_taken":0.0,"cards_upgraded":["Infinite Blades"]},{"damage_healed":19,"gold_gain":0,"player_choice":"Writhe","damage_taken":0,"max_hp_gain":0,"max_hp_loss":0,"event_name":"Winding Halls","floor":41,"gold_loss":0,"cards_obtained":["Writhe"]}],"is_beta":false,"boss_relics":[{"not_picked":["White Beast Statue","Ectoplasm"],"picked":"Black Star"},{"not_picked":["Eternal Feather","Lizard Tail"],"picked":"HoveringKite"}],"items_purged_floors":[2,14,21],"is_endless":false,"potions_floor_spawned":[1,7,13,16,19,22,31,38,39,45,48],"killed_by":"Time Eater","ascension_level":0}