{"gold_per_floor":[118,134,134,35,47,72,72,97,97,97,107,32,32,48,48,123,123,133,151,21,21,0,0,33,33,83,95,124,154,10,10,10,10],"floor_reached":33,"playtime":797,"items_purged":["Regret"],"score":546,"play_id":"a884eb15-86e8-46ae-8b37-fdf4db4109c1","local_time":"20190823124426","is_ascension_mode":true,"campfire_choices":[{"data":"Uppercut","floor":13.0,"key":"SMITH"},{"data":"Inflame","floor":15.0,"key":"SMITH"},{"floor":23.0,"key":"REST"},{"data":"Corruption","floor":27.0,"key":"SMITH"},{"floor":32.0,"key":"REST"}],"neow_cost":"NONE","seed_source_timestamp":116768770187100,"circlet_count":0,"master_deck":["AscendersBane","Strike_R+1","Strike_R+1","Strike_R+1","Strike_R+1","Strike_R+1","Defend_R+1","Defend_R+1","Defend_R+1","Defend_R+1","Bash+1","Corruption+1","Whirlwind+1","Uppercut+1","Twin Strike","Anger","Inflame+1","Shrug It Off","Exhume","Sword Boomerang","Disarm","Shrug It Off","Limit Break","RitualDagger","Evolve","Demon Form"],"special_seed":0,"relics":["Burning Blood","Bag of Preparation","Bronze Scales","Charon\u0027s Ashes","Meat on the Bone","Singing Bowl","Mark of Pain","Happy Flower","MawBank"],"potions_floor_usage":[33],"damage_taken":[{"damage":7.0,"enemies":"2 Louse","floor":1.0,"turns":2.0},{"damage":7.0,"enemies":"Cultist","floor":2.0,"turns":4.0},{"damage":7.0,"enemies":"Small Slimes","floor":5.0,"turns":3.0},{"damage":15.0,"enemies":"Lagavulin","floor":6.0,"turns":7.0},{"damage":20.0,"enemies":"3 Sentries","floor":8.0,"turns":4.0},{"damage":0.0,"enemies":"3 Louse","floor":11.0,"turns":1.0},{"damage":14.0,"enemies":"Exordium Wildlife","floor":14.0,"turns":4.0},{"damage":34.0,"enemies":"The Guardian","floor":16.0,"turns":9.0},{"damage":23.0,"enemies":"2 Thieves","floor":18.0,"turns":4.0},{"damage":7.0,"enemies":"Chosen","floor":19.0,"turns":5.0},{"damage":30.0,"enemies":"Gremlin Leader","floor":24.0,"turns":6.0},{"damage":14.0,"enemies":"Centurion and Healer","floor":28.0,"turns":4.0},{"damage":36.0,"enemies":"Shelled Parasite and Fungi","floor":29.0,"turns":4.0},{"damage":74,"enemies":"Automaton","floor":33,"turns":6}],"seed_played":"-3210532083996459662","potions_obtained":[{"floor":1.0,"key":"Strength Potion"},{"floor":6.0,"key":"Strength Potion"},{"floor":16.0,"key":"BloodPotion"}],"is_trial":false,"path_per_floor":["M","M","?","$","M","E","?","E","T","?","M","$","R","M","R","B",null,"M","M","$","?","?","R","E","?","T","R","M","M","$","?","R","B"],"character_chosen":"IRONCLAD","items_purchased":["Uppercut","Explosive Potion","Disarm","Shrug It Off","Demon Form"],"campfire_rested":2,"item_purchase_floors":[4,4,20,20,30],"current_hp_per_floor":[67,66,66,66,65,56,56,42,42,19,37,37,37,43,43,27,65,48,49,49,26,26,51,39,33,33,33,39,21,21,21,46,0],"gold":10,"neow_bonus":"RANDOM_COMMON_RELIC","is_prod":false,"is_daily":false,"chose_seed":false,"campfire_upgraded":3,"win_rate":0,"timestamp":1566589466,"path_taken":["M","M","?","$","?","E","?","E","T","?","M","$","R","M","R","BOSS","M","M","$","?","?","R","E","?","T","R","M","M","$","?","R","BOSS"],"build_version":"2019-07-17","purchased_purges":1,"victory":false,"max_hp_per_floor":[75,75,75,75,75,75,75,75,75,75,75,75,75,77,77,77,77,77,79,79,84,84,84,84,84,84,84,86,86,86,86,86,86],"card_choices":[{"not_picked":["Intimidate","Body Slam"],"picked":"Corruption","floor":1.0},{"not_picked":["Pummel","Heavy Blade"],"picked":"Whirlwind","floor":2.0},{"not_picked":["Burning Pact","Wild Strike"],"picked":"Twin Strike","floor":5.0},{"not_picked":["Fire Breathing","Corruption"],"picked":"Anger","floor":6.0},{"not_picked":["Flex","Fire Breathing"],"picked":"Inflame","floor":8.0},{"not_picked":["Flex","Entrench"],"picked":"Shrug It Off","floor":11.0},{"not_picked":["Havoc","Heavy Blade","Cleave"],"picked":"Singing Bowl","floor":14.0},{"not_picked":["Dark Embrace","Brutality"],"picked":"Exhume","floor":16.0},{"not_picked":["Pommel Strike+1","Wild Strike"],"picked":"Sword Boomerang","floor":18.0},{"not_picked":["Wild Strike+1","Iron Wave","Flex"],"picked":"Singing Bowl","floor":19.0},{"not_picked":["Anger","Clash"],"picked":"Limit Break","floor":24.0},{"not_picked":["Sword Boomerang","Anger","Clash"],"picked":"Singing Bowl","floor":28.0},{"not_picked":["Cleave","Searing Blow"],"picked":"Evolve","floor":29.0}],"player_experience":815440,"relics_obtained":[{"floor":6.0,"key":"Bronze Scales"},{"floor":8.0,"key":"Meat on the Bone"},{"floor":9.0,"key":"Singing Bowl"},{"floor":24.0,"key":"Happy Flower"},{"floor":26.0,"key":"MawBank"}],"event_choices":[{"damage_healed":0.0,"max_hp_gain":0.0,"max_hp_loss":0.0,"gold_gain":0.0,"event_name":"Upgrade Shrine","player_choice":"Upgraded","floor":3.0,"gold_loss":0.0,"damage_taken":0.0,"cards_upgraded":["Whirlwind"]},{"damage_healed":0.0,"max_hp_gain":0.0,"max_hp_loss":0.0,"gold_gain":0.0,"event_name":"Big Fish","player_choice":"Box","floor":7.0,"gold_loss":0.0,"damage_taken":0.0,"relics_obtained":["Charon\u0027s Ashes"],"cards_obtained":["Regret"]},{"damage_healed":0.0,"max_hp_gain":0.0,"max_hp_loss":0.0,"gold_gain":0.0,"event_name":"Shining Light","player_choice":"Entered Light","floor":10.0,"gold_loss":0.0,"damage_taken":23.0,"cards_upgraded":["Strike_R","Bash"]},{"damage_healed":0.0,"max_hp_gain":5.0,"max_hp_loss":0.0,"gold_gain":0.0,"event_name":"Forgotten Altar","player_choice":"Shed Blood","floor":21.0,"gold_loss":0.0,"damage_taken":28.0},{"damage_healed":0.0,"max_hp_gain":0.0,"max_hp_loss":0.0,"gold_gain":0.0,"event_name":"Masked Bandits","player_choice":"Paid Fearfully","floor":22.0,"gold_loss":21.0,"damage_taken":0.0},{"damage_healed":0.0,"max_hp_gain":0.0,"max_hp_loss":0.0,"gold_gain":0.0,"event_name":"Nest","player_choice":"Joined the Cult","floor":25.0,"gold_loss":0.0,"damage_taken":6.0,"cards_obtained":["RitualDagger"]},{"damage_healed":0.0,"max_hp_gain":0.0,"max_hp_loss":0.0,"gold_gain":0.0,"event_name":"Back to Basics","player_choice":"Simplicity","floor":31.0,"gold_loss":0.0,"damage_taken":0.0,"cards_upgraded":["Strike_R","Strike_R","Strike_R","Strike_R","Defend_R","Defend_R","Defend_R","Defend_R"]}],"is_beta":false,"boss_relics":[{"not_picked":["Runic Cube","Runic Dome"],"picked":"Mark of Pain"}],"items_purged_floors":[12],"is_endless":false,"potions_floor_spawned":[1,6,11,16,18],"killed_by":"Automaton","ascension_level":20}