{"gold_per_floor":[111,111,39,51,25,25,45,45,70,70,96,114,129,145,145,250,250],"floor_reached":17,"playtime":1890,"items_purged":[],"score":157,"play_id":"13135cd3-bfdd-4e55-ae62-8352298a94d9","local_time":"20190901155533","is_ascension_mode":false,"campfire_choices":[{"data":"Defragment","floor":6.0,"key":"SMITH"},{"data":"Gash","floor":8.0,"key":"SMITH"},{"floor":15.0,"key":"REST"}],"neow_cost":"NONE","seed_source_timestamp":1376997797528900,"circlet_count":0,"master_deck":["Strike_B","Strike_B","Strike_B","Defend_B","Defend_B","Defend_B","Defend_B","Zap","Dualcast","Sweeping Beam","Defragment+1","Gash","Gash+1","Chaos","Heatsinks","Skim","Auto Shields","Chill","Reprogram","Rainbow"],"special_seed":0,"relics":["White Beast Statue","Ancient Tea Set"],"potions_floor_usage":[16,16],"damage_taken":[{"damage":3.0,"enemies":"2 Louse","floor":1.0,"turns":5.0},{"damage":1.0,"enemies":"Cultist","floor":4.0,"turns":4.0},{"damage":6.0,"enemies":"Jaw Worm","floor":7.0,"turns":4.0},{"damage":36.0,"enemies":"3 Sentries","floor":11.0,"turns":9.0},{"damage":8.0,"enemies":"Red Slaver","floor":12.0,"turns":4.0},{"damage":17.0,"enemies":"Exordium Wildlife","floor":13.0,"turns":6.0},{"damage":3.0,"enemies":"Blue Slaver","floor":14.0,"turns":5.0},{"damage":35,"enemies":"Slime Boss","floor":16,"turns":10}],"seed_played":"-2339867796998646740","potions_obtained":[{"floor":1.0,"key":"Regen Potion"},{"floor":4.0,"key":"Block Potion"},{"floor":7.0,"key":"Block Potion"},{"floor":11.0,"key":"FearPotion"},{"floor":12.0,"key":"Regen Potion"},{"floor":13.0,"key":"GamblersBrew"},{"floor":14.0,"key":"FearPotion"},{"floor":16,"key":"Explosive Potion"}],"is_trial":false,"path_per_floor":["M","?","$","M","$","R","M","R","T","?","E","M","M","M","R","B",null],"character_chosen":"DEFECT","items_purchased":["Defragment","Gash"],"campfire_rested":1,"item_purchase_floors":[3,5],"current_hp_per_floor":[72,72,72,71,71,71,65,65,65,65,44,36,19,30,52,17,17],"gold":250,"neow_bonus":"BOSS_RELIC","is_prod":false,"is_daily":false,"chose_seed":false,"campfire_upgraded":2,"win_rate":0,"timestamp":1567378533,"path_taken":["M","?","$","?","$","R","M","R","T","?","E","M","M","M","R","BOSS"],"build_version":"2019-07-17","purchased_purges":0,"victory":false,"max_hp_per_floor":[75,75,75,75,75,75,75,75,75,75,75,75,75,75,75,75,75],"card_choices":[{"not_picked":["Beam Cell","Go for the Eyes"],"picked":"Sweeping Beam","floor":1.0},{"not_picked":["Cold Snap","Conserve Battery"],"picked":"Gash","floor":4.0},{"not_picked":["Beam Cell","Undo"],"picked":"Chaos","floor":7.0},{"not_picked":["Conserve Battery","Compile Driver"],"picked":"Skim","floor":11.0},{"not_picked":["Tempest","Compile Driver"],"picked":"Auto Shields","floor":12.0},{"not_picked":["Leap","Turbo"],"picked":"Chill","floor":13.0},{"not_picked":["Double Energy","Sunder"],"picked":"Reprogram","floor":14.0},{"not_picked":["Seek","Multi-Cast"],"picked":"Rainbow","floor":16}],"player_experience":69346,"relics_obtained":[{"floor":11.0,"key":"Ancient Tea Set"}],"event_choices":[{"damage_healed":0.0,"max_hp_gain":0.0,"max_hp_loss":0.0,"gold_gain":0.0,"event_name":"The Woman in Blue","player_choice":"Bought 0 Potions","floor":2.0,"gold_loss":0.0,"damage_taken":0.0},{"damage_healed":0.0,"max_hp_gain":0.0,"max_hp_loss":0.0,"gold_gain":0.0,"cards_transformed":["Strike_B"],"event_name":"Transmorgrifier","player_choice":"Transformed","floor":10.0,"gold_loss":0.0,"damage_taken":0.0,"cards_obtained":["Heatsinks"]}],"is_beta":false,"boss_relics":[],"items_purged_floors":[],"is_endless":false,"potions_floor_spawned":[1,4,7,11,12,13,14,16],"ascension_level":0}