{"gold_per_floor":[119,119,132,57,69,101,101,136,182,182,262,274,37,47,47,144,144,160,160,16,26,126,126,137,168,168,184,184,199,199,267,267,371,371,389,55,68,81,135,135,84,84,84,84,118,128,128,146,146,146],"floor_reached":51,"playtime":2074,"items_purged":["Strike_R","Strike_R","Strike_R"],"score":1170,"play_id":"7370aae1-5778-48c0-9099-b302cd59eea8","local_time":"20181217202204","is_ascension_mode":true,"campfire_choices":[{"data":"Fiend Fire","floor":7.0,"key":"SMITH"},{"floor":10.0,"key":"REST"},{"data":"Spot Weakness","floor":15.0,"key":"SMITH"},{"data":"Limit Break","floor":23.0,"key":"SMITH"},{"data":"Uppercut","floor":30.0,"key":"SMITH"},{"floor":32.0,"key":"REST"},{"data":"Inflame","floor":40.0,"key":"SMITH"},{"floor":42.0,"key":"REST"},{"data":"Seeing Red","floor":47,"key":"SMITH"},{"data":"Flex","floor":49,"key":"SMITH"}],"neow_cost":"NONE","seed_source_timestamp":217462129656700,"circlet_count":0,"master_deck":["AscendersBane","Strike_R","Defend_R","Defend_R","Defend_R","Defend_R","Bash","Fiend Fire+1","Twin Strike","Flex+1","Cleave","Battle Trance","Reaper","Spot Weakness+1","Limit Break+1","Uppercut+1","Feel No Pain","Inflame+1","Seeing Red+1","Limit Break+1"],"special_seed":0,"relics":["Black Blood","Self Forming Clay","Orichalcum","Lantern","Mummified Hand","Velvet Choker","Anchor","Omamori","Red Skull","Meat on the Bone","Lee\u0027s Waffle","Ice Cream","Ornamental Fan","Boot"],"potions_floor_usage":[50],"damage_taken":[{"damage":10.0,"enemies":"Small Slimes","floor":1.0,"turns":3.0},{"damage":0.0,"enemies":"Cultist","floor":3.0,"turns":2.0},{"damage":2.0,"enemies":"Jaw Worm","floor":5.0,"turns":3.0},{"damage":37.0,"enemies":"Gremlin Nob","floor":6.0,"turns":5.0},{"damage":29.0,"enemies":"3 Sentries","floor":8.0,"turns":9.0},{"damage":19.0,"enemies":"Lots of Slimes","floor":12.0,"turns":6.0},{"damage":1.0,"enemies":"Exordium Thugs","floor":14.0,"turns":4.0},{"damage":32.0,"enemies":"The Guardian","floor":16.0,"turns":9.0},{"damage":8.0,"enemies":"Chosen","floor":18.0,"turns":4.0},{"damage":12.0,"enemies":"3 Byrds","floor":21.0,"turns":5.0},{"damage":8.0,"enemies":"Centurion and Healer","floor":24.0,"turns":3.0},{"damage":23.0,"enemies":"Book of Stabbing","floor":25.0,"turns":4.0},{"damage":6.0,"enemies":"Snake Plant","floor":27.0,"turns":2.0},{"damage":20.0,"enemies":"Gremlin Leader","floor":28.0,"turns":6.0},{"damage":29.0,"enemies":"Sentry and Sphere","floor":29.0,"turns":5.0},{"damage":29.0,"enemies":"Automaton","floor":33.0,"turns":6.0},{"damage":44.0,"enemies":"3 Shapes","floor":35.0,"turns":8.0},{"damage":17.0,"enemies":"Orb Walker","floor":37.0,"turns":4.0},{"damage":17.0,"enemies":"Maw","floor":38.0,"turns":7.0},{"damage":36.0,"enemies":"2 Orb Walkers","floor":39.0,"turns":5.0},{"damage":82,"enemies":"Reptomancer","floor":45,"turns":7},{"damage":33,"enemies":"Writhing Mass","floor":46,"turns":5},{"damage":15,"enemies":"Spire Growth","floor":48,"turns":4},{"damage":74,"enemies":"Time Eater","floor":50,"turns":6}],"seed_played":"743104544067245666","potions_obtained":[{"floor":5.0,"key":"Poison Potion"},{"floor":8.0,"key":"Dexterity Potion"},{"floor":18.0,"key":"SmokeBomb"},{"floor":29.0,"key":"AttackPotion"},{"floor":33.0,"key":"BloodPotion"},{"floor":38.0,"key":"Fruit Juice"},{"floor":48,"key":"Swift Potion"}],"is_trial":false,"path_per_floor":["M","?","M","$","M","E","R","E","T","R","T","M","$","M","R","B",null,"M","?","$","M","?","R","M","E","T","M","E","M","R","T","R","B",null,"M","$","M","M","?","R","$","R","T","?","E","M","R","M","R","B",null],"character_chosen":"IRONCLAD","items_purchased":["Reaper","Anchor","Lee\u0027s Waffle","SteroidPotion"],"campfire_rested":3,"item_purchase_floors":[13,20,36,41],"current_hp_per_floor":[68,68,74,74,78,47,47,24,24,48,48,35,35,52,52,40,70,68,68,68,74,74,74,80,75,75,75,61,43,43,43,67,56,74,56,87,80,73,64,64,64,91,91,91,62,60,60,88,88,92],"gold":146,"neow_bonus":"ONE_RANDOM_RARE_CARD","is_prod":false,"is_daily":false,"chose_seed":false,"campfire_upgraded":7,"win_rate":0,"timestamp":1545106924,"path_taken":["M","?","?","$","M","E","R","E","T","R","?","?","?","M","R","BOSS","M","?","$","M","?","R","M","E","T","M","E","?","R","?","R","BOSS","M","$","M","M","?","R","$","R","T","?","E","M","R","M","R","BOSS"],"build_version":"2018-12-13","purchased_purges":3,"victory":true,"max_hp_per_floor":[80,80,80,80,80,80,80,80,80,80,80,80,80,80,80,80,80,80,80,80,80,80,80,80,80,80,80,80,80,80,80,80,80,80,80,87,87,87,92,92,92,92,92,92,92,92,92,92,92,92],"card_choices":[{"not_picked":["Warcry","Flex"],"picked":"Twin Strike","floor":1.0},{"not_picked":["Clothesline","Body Slam","Evolve"],"picked":"SKIP","floor":3.0},{"not_picked":["Sever Soul","Blood for Blood","Warcry"],"picked":"SKIP","floor":5.0},{"not_picked":["Clothesline","Thunderclap"],"picked":"Flex","floor":6.0},{"not_picked":["Impervious","Corruption"],"picked":"Cleave","floor":8.0},{"not_picked":["Warcry","Infernal Blade"],"picked":"Battle Trance","floor":12.0},{"not_picked":["Iron Wave","Shrug It Off"],"picked":"Spot Weakness","floor":14.0},{"not_picked":["Fiend Fire","Exhume"],"picked":"Limit Break","floor":16.0},{"not_picked":["Dropkick","True Grit","Heavy Blade+1"],"picked":"SKIP","floor":18.0},{"not_picked":["Shrug It Off+1","Twin Strike"],"picked":"Uppercut","floor":21.0},{"not_picked":["Pommel Strike","Feel No Pain","Heavy Blade"],"picked":"SKIP","floor":24.0},{"not_picked":["Pommel Strike","Heavy Blade"],"picked":"Feel No Pain","floor":24.0},{"not_picked":["Wild Strike","Body Slam","Heavy Blade"],"picked":"SKIP","floor":25.0},{"not_picked":["True Grit+1","Dropkick","Body Slam"],"picked":"SKIP","floor":27.0},{"not_picked":["Twin Strike+1","Headbutt","Combust"],"picked":"SKIP","floor":29.0},{"not_picked":["Warcry","Wild Strike","Dropkick"],"picked":"SKIP","floor":35.0},{"not_picked":["Body Slam","Sword Boomerang"],"picked":"Inflame","floor":37.0},{"not_picked":["Thunderclap+1","Iron Wave"],"picked":"Seeing Red","floor":38.0},{"not_picked":["Havoc+1","Shockwave","Warcry+1"],"picked":"SKIP","floor":45},{"not_picked":["Uppercut","Clash","Pommel Strike"],"picked":"SKIP","floor":46},{"not_picked":["Cleave","Berserk","Blood for Blood"],"picked":"SKIP","floor":48}],"player_experience":124481,"relics_obtained":[{"floor":6.0,"key":"Self Forming Clay"},{"floor":8.0,"key":"Orichalcum"},{"floor":9.0,"key":"Lantern"},{"floor":11.0,"key":"Mummified Hand"},{"floor":25.0,"key":"Omamori"},{"floor":26.0,"key":"Red Skull"},{"floor":31.0,"key":"Meat on the Bone"},{"floor":39.0,"key":"Ice Cream"},{"floor":43.0,"key":"Ornamental Fan"},{"floor":45,"key":"Boot"}],"event_choices":[{"cards_removed":["Strike_R"],"damage_healed":0.0,"max_hp_gain":0.0,"max_hp_loss":0.0,"gold_gain":0.0,"event_name":"Purifier","player_choice":"Purged","floor":2.0,"gold_loss":0.0,"damage_taken":0.0},{"damage_healed":0.0,"max_hp_gain":0.0,"max_hp_loss":0.0,"gold_gain":0.0,"event_name":"Ghosts","player_choice":"Ignored","floor":19.0,"gold_loss":0.0,"damage_taken":0.0},{"damage_healed":0.0,"max_hp_gain":0.0,"max_hp_loss":0.0,"gold_gain":100.0,"event_name":"Golden Shrine","player_choice":"Pray","floor":22.0,"gold_loss":0.0,"damage_taken":0.0},{"damage_healed":0.0,"max_hp_gain":0.0,"max_hp_loss":0.0,"gold_gain":0.0,"event_name":"Mysterious Sphere","player_choice":"Fight","floor":39.0,"gold_loss":0.0,"damage_taken":0.0},{"damage_healed":0.0,"max_hp_gain":0.0,"max_hp_loss":0.0,"gold_gain":0.0,"event_name":"Duplicator","player_choice":"Copied","floor":44.0,"gold_loss":0.0,"damage_taken":0.0,"cards_obtained":["Limit Break"]}],"is_beta":false,"boss_relics":[{"not_picked":["Calling Bell","Busted Crown"],"picked":"Velvet Choker"},{"not_picked":["White Beast Statue","Mark of Pain"],"picked":"Black Blood"}],"items_purged_floors":[4,13,36],"is_endless":false,"potions_floor_spawned":[5,8,14,18,28,29,33,35,37,38,45,48],"ascension_level":12}