{"gold_per_floor":[110,110,35,50,50,50,80,30,53,53,53,86,97,47,47,143,143,159,159,8,21,36,36,65,65,65,65,65,65,65,77,77,77],"floor_reached":33,"playtime":938,"items_purged":["Defend_R","Strike_R"],"score":455,"play_id":"1dd61ec0-acda-4042-a63e-18b0c2fd8572","local_time":"20181214025846","is_ascension_mode":true,"campfire_choices":[{"data":"Bash","floor":6.0,"key":"SMITH"},{"data":"Armaments","floor":10.0,"key":"SMITH"},{"floor":15,"key":"REST"},{"floor":23,"key":"REST"},{"floor":25,"key":"REST"},{"data":"Rampage","floor":28,"key":"SMITH"},{"floor":32,"key":"REST"}],"neow_cost":"NONE","seed_source_timestamp":46045039361600,"circlet_count":0,"master_deck":["Strike_R","Strike_R","Defend_R","Defend_R","Defend_R","Bash+1","Inflame","Rampage+1","Armaments+1","Iron Wave+1","Pommel Strike","Pommel Strike","Dropkick+1"],"special_seed":0,"relics":["Burning Blood","NeowsBlessing","Pantograph","Centennial Puzzle","Bag of Preparation","Bird Faced Urn","Eternal Feather","Blood Vial","Letter Opener"],"potions_floor_usage":[22,24,24,29,33],"damage_taken":[{"damage":0.0,"enemies":"Small Slimes","floor":1.0,"turns":1.0},{"damage":0.0,"enemies":"2 Louse","floor":4.0,"turns":1.0},{"damage":0.0,"enemies":"3 Sentries","floor":7.0,"turns":2.0},{"damage":15,"enemies":"Lagavulin","floor":12,"turns":5},{"damage":0,"enemies":"Jaw Worm","floor":13,"turns":4},{"damage":25,"enemies":"Slime Boss","floor":16,"turns":6},{"damage":16,"enemies":"Spheric Guardian","floor":18,"turns":4},{"damage":4,"enemies":"Chosen","floor":21,"turns":4},{"damage":32,"enemies":"Centurion and Healer","floor":22,"turns":7},{"damage":65,"enemies":"Slavers","floor":24,"turns":8},{"damage":0,"enemies":"Book of Stabbing","floor":29,"turns":1},{"damage":22,"enemies":"Snecko","floor":31,"turns":5},{"damage":93,"enemies":"Collector","floor":33,"turns":7}],"seed_played":"2211905427986228984","potions_obtained":[{"floor":7.0,"key":"Strength Potion"},{"floor":18,"key":"SpeedPotion"},{"floor":22,"key":"SteroidPotion"},{"floor":24,"key":"SmokeBomb"},{"floor":31,"key":"SpeedPotion"}],"is_trial":false,"path_per_floor":["M","?","$","M","?","R","E","$","T","R","?","E","M","?","R","B",null,"M","?","$","M","M","R","E","R","T","?","R","E","$","M","R","B"],"character_chosen":"IRONCLAD","items_purchased":["Armaments","Pommel Strike"],"campfire_rested":4,"item_purchase_floors":[8,20],"current_hp_per_floor":[78,71,71,77,44,44,50,50,50,50,50,41,49,49,73,61,75,67,67,67,71,47,77,20,50,50,50,56,64,64,52,80,0],"gold":77,"neow_bonus":"THREE_ENEMY_KILL","is_prod":false,"is_daily":false,"chose_seed":false,"campfire_upgraded":3,"win_rate":0,"timestamp":1544785126,"path_taken":["M","?","$","M","?","R","E","$","T","R","?","E","M","?","R","BOSS","M","?","$","?","M","R","E","R","T","?","R","E","$","M","R","BOSS"],"build_version":"2018-12-13","purchased_purges":2,"victory":false,"max_hp_per_floor":[80,80,80,80,80,80,80,80,80,80,80,80,80,80,80,80,80,80,80,80,80,80,80,80,80,80,80,80,80,80,80,80,80],"card_choices":[{"not_picked":["Armaments","Havoc"],"picked":"Inflame","floor":1.0},{"not_picked":["Carnage","Entrench","Clothesline"],"picked":"SKIP","floor":4.0},{"not_picked":["Disarm","Sword Boomerang"],"picked":"Rampage","floor":7.0},{"not_picked":["Iron Wave","Clash","Clothesline"],"picked":"SKIP","floor":12},{"not_picked":["Reckless Charge","Entrench","Havoc"],"picked":"SKIP","floor":13},{"not_picked":["Thunderclap","Hemokinesis"],"picked":"Iron Wave+1","floor":18},{"not_picked":["Hemokinesis","Perfected Strike+1","Armaments"],"picked":"SKIP","floor":21},{"not_picked":["Sever Soul+1","Power Through+1"],"picked":"Pommel Strike","floor":22},{"not_picked":["Bludgeon","Power Through","Thunderclap"],"picked":"SKIP","floor":24},{"not_picked":["Havoc","Power Through"],"picked":"Dropkick+1","floor":31}],"player_experience":98314,"relics_obtained":[{"floor":7.0,"key":"Centennial Puzzle"},{"floor":9.0,"key":"Bag of Preparation"},{"floor":12,"key":"Bird Faced Urn"},{"floor":24,"key":"Blood Vial"},{"floor":26,"key":"Letter Opener"}],"event_choices":[{"cards_removed":["Strike_R"],"damage_healed":0.0,"max_hp_gain":0.0,"max_hp_loss":0.0,"gold_gain":0.0,"event_name":"Golden Wing","player_choice":"Card Removal","floor":2.0,"gold_loss":0.0,"damage_taken":7.0},{"damage_healed":0.0,"max_hp_gain":0.0,"max_hp_loss":0.0,"gold_gain":0.0,"event_name":"Scrap Ooze","player_choice":"Success","floor":5.0,"gold_loss":0.0,"damage_taken":33.0,"relics_obtained":["Pantograph"]},{"damage_healed":0.0,"max_hp_gain":0.0,"max_hp_loss":0.0,"gold_gain":0.0,"event_name":"Liars Game","player_choice":"Ignored","floor":11.0,"gold_loss":0.0,"damage_taken":0.0},{"cards_removed":["Strike_R"],"damage_healed":0,"gold_gain":0,"player_choice":"Card Removal","damage_taken":0,"max_hp_gain":0,"max_hp_loss":0,"event_name":"The Cleric","floor":14,"gold_loss":50},{"damage_healed":0,"gold_gain":0,"player_choice":"Ignored","damage_taken":0,"max_hp_gain":0,"max_hp_loss":0,"event_name":"N\u0027loth","floor":19,"gold_loss":0}],"is_beta":false,"boss_relics":[{"not_picked":["Pandora\u0027s Box","Velvet Choker"],"picked":"Eternal Feather"}],"items_purged_floors":[3,20],"is_endless":false,"potions_floor_spawned":[7,18,22,24,31],"killed_by":"Collector","ascension_level":9}