{"gold_per_floor":[119,119,119,139,149,149,149,184,184,205,223,223,254,270,270,270],"floor_reached":16,"playtime":403,"items_purged":[],"score":224,"play_id":"fc7a0a55-42ae-444d-8509-633ccb3a8239","local_time":"20190704144640","is_ascension_mode":true,"campfire_choices":[{"data":"Fiend Fire","floor":6,"key":"SMITH"},{"data":"Perfected Strike","floor":12,"key":"SMITH"},{"floor":15,"key":"REST"}],"neow_cost":"NONE","seed_source_timestamp":705009879017200,"circlet_count":0,"master_deck":["AscendersBane","Strike_R","Strike_R","Strike_R","Strike_R","Defend_R","Defend_R","Defend_R+1","Defend_R","Bash+1","Fiend Fire+1","Perfected Strike","Perfected Strike+1","Inflame","True Grit","Whirlwind","Clothesline"],"relics":["Burning Blood","Golden Idol","Shuriken","Potion Belt","Gremlin Horn"],"potions_floor_usage":[8,14],"damage_taken":[{"damage":4,"enemies":"Small Slimes","floor":1,"turns":4},{"damage":1,"enemies":"2 Louse","floor":4,"turns":2},{"damage":0,"enemies":"Cultist","floor":5,"turns":2},{"damage":27,"enemies":"3 Sentries","floor":8,"turns":8},{"damage":0,"enemies":"Large Slime","floor":10,"turns":2},{"damage":11,"enemies":"3 Louse","floor":11,"turns":3},{"damage":31,"enemies":"Gremlin Nob","floor":13,"turns":4},{"damage":9,"enemies":"Exordium Thugs","floor":14,"turns":3},{"damage":31,"enemies":"Hexaghost","floor":16,"turns":7}],"seed_played":"4954112328035370413","potions_obtained":[{"floor":1,"key":"SteroidPotion"},{"floor":11,"key":"Fire Potion"},{"floor":13,"key":"EssenceOfSteel"},{"floor":14,"key":"SpeedPotion"}],"is_trial":false,"path_per_floor":["M","?","?","M","M","R","?","E","T","M","M","R","E","M","R","B"],"character_chosen":"IRONCLAD","items_purchased":[],"campfire_rested":1,"item_purchase_floors":[],"current_hp_per_floor":[70,47,47,52,58,58,58,37,37,43,38,38,13,10,30,0],"gold":270,"neow_bonus":"ONE_RANDOM_RARE_CARD","is_prod":false,"is_daily":false,"chose_seed":false,"campfire_upgraded":2,"win_rate":0,"timestamp":1562276800,"path_taken":["M","?","?","M","?","R","?","E","T","M","M","R","E","M","R","BOSS"],"build_version":"2019-07-01","purchased_purges":0,"victory":false,"max_hp_per_floor":[75,75,75,75,75,75,68,68,68,68,68,68,68,68,68,68],"card_choices":[{"not_picked":["Rampage","Armaments"],"picked":"Perfected Strike","floor":1},{"not_picked":["Dropkick","Iron Wave","Heavy Blade"],"picked":"SKIP","floor":4},{"not_picked":["Sword Boomerang","Body Slam"],"picked":"Inflame","floor":5},{"not_picked":["Sentinel","Fire Breathing","Combust"],"picked":"SKIP","floor":8},{"not_picked":["Searing Blow","Hemokinesis","Burning Pact"],"picked":"SKIP","floor":10},{"not_picked":["Sever Soul","Clothesline"],"picked":"True Grit","floor":11},{"not_picked":["Carnage","Seeing Red"],"picked":"Whirlwind","floor":13},{"not_picked":["Reckless Charge","Warcry"],"picked":"Clothesline","floor":14}],"player_experience":649972,"relics_obtained":[{"floor":8,"key":"Shuriken"},{"floor":9,"key":"Potion Belt"},{"floor":13,"key":"Gremlin Horn"}],"event_choices":[{"damage_healed":0,"gold_gain":0,"player_choice":"Entered Light","damage_taken":23,"max_hp_gain":0,"max_hp_loss":0,"event_name":"Shining Light","floor":2,"gold_loss":0,"cards_upgraded":["Defend_R","Bash"]},{"damage_healed":0,"gold_gain":0,"cards_transformed":["Strike_R"],"player_choice":"Transformed","damage_taken":0,"max_hp_gain":0,"max_hp_loss":0,"event_name":"Transmorgrifier","floor":3,"gold_loss":0,"cards_obtained":["Perfected Strike"]},{"damage_healed":0,"gold_gain":0,"player_choice":"Lose Max HP","damage_taken":0,"relics_obtained":["Golden Idol"],"max_hp_gain":0,"max_hp_loss":7,"event_name":"Golden Idol","floor":7,"gold_loss":0}],"is_beta":false,"boss_relics":[],"items_purged_floors":[],"is_endless":false,"potions_floor_spawned":[1,11,13,14],"killed_by":"Hexaghost","ascension_level":20}