{"gold_per_floor":[112,129,109,124,4,33,33,108,134,147,167,167,167,189,189,291,291,305,305,305,317,72,72,85,85,108,8,28,28,46,46,46,141,141,158,158,177,277,4,4,4,76,102,102,131,151,1,16,16,16],"floor_reached":51,"playtime":2984,"items_purged":["Strike_R","Strike_R","Strike_R","Madness"],"score":741,"play_id":"08e67bbd-871e-4df5-b7fe-cec7e1d7a7ba","local_time":"20181210221923","is_ascension_mode":true,"campfire_choices":[{"data":"Clothesline","floor":7.0,"key":"SMITH"},{"floor":12.0,"key":"REST"},{"floor":15.0,"key":"REST"},{"floor":23.0,"key":"REST"},{"floor":25.0,"key":"REST"},{"floor":29.0,"key":"REST"},{"data":"Limit Break","floor":32.0,"key":"SMITH"},{"data":"Armaments","floor":40.0,"key":"SMITH"},{"data":"Apotheosis","floor":44.0,"key":"SMITH"},{"floor":49,"key":"REST"}],"neow_cost":"NONE","seed_source_timestamp":386483630547000,"circlet_count":0,"master_deck":["Strike_R","Defend_R","Defend_R","Defend_R","Defend_R","Bash","Pommel Strike","Cleave","Clothesline+1","Twin Strike","Pommel Strike","Shrug It Off","Armaments+1","Limit Break+1","Cleave","Flex","Reaper","Pommel Strike+1","Madness","Battle Trance","Flex","Apotheosis+1","Perfected Strike+1","Disarm+1"],"special_seed":0,"relics":["Burning Blood","NeowsBlessing","PreservedInsect","Juzu Bracelet","Sundial","Odd Mushroom","Velvet Choker","Mummified Hand","Orichalcum","Eternal Feather","Incense Burner","Oddly Smooth Stone","Mercury Hourglass","Anchor","Meat on the Bone"],"potions_floor_usage":[48,50,50],"damage_taken":[{"damage":0.0,"enemies":"Cultist","floor":1.0,"turns":1.0},{"damage":0.0,"enemies":"Jaw Worm","floor":2.0,"turns":1.0},{"damage":0.0,"enemies":"Small Slimes","floor":4.0,"turns":1.0},{"damage":35.0,"enemies":"3 Sentries","floor":6.0,"turns":9.0},{"damage":8.0,"enemies":"3 Louse","floor":10.0,"turns":2.0},{"damage":1.0,"enemies":"Large Slime","floor":11.0,"turns":6.0},{"damage":19.0,"enemies":"The Mushroom Lair","floor":14.0,"turns":3.0},{"damage":58.0,"enemies":"The Guardian","floor":16.0,"turns":15.0},{"damage":22.0,"enemies":"Spheric Guardian","floor":18.0,"turns":5.0},{"damage":31.0,"enemies":"Colosseum Slavers","floor":20.0,"turns":5.0},{"damage":30.0,"enemies":"3 Byrds","floor":21.0,"turns":7.0},{"damage":27.0,"enemies":"Cultist and Chosen","floor":24.0,"turns":9.0},{"damage":1.0,"enemies":"Snecko","floor":28.0,"turns":4.0},{"damage":23.0,"enemies":"Shelled Parasite and Fungi","floor":30.0,"turns":6.0},{"damage":78.0,"enemies":"Collector","floor":33.0,"turns":8.0},{"damage":23.0,"enemies":"Orb Walker","floor":35.0,"turns":4.0},{"damage":46.0,"enemies":"3 Darklings","floor":37.0,"turns":4.0},{"damage":20.0,"enemies":"Mind Bloom Boss Battle","floor":38.0,"turns":9.0},{"damage":27.0,"enemies":"Nemesis","floor":45.0,"turns":7.0},{"damage":31.0,"enemies":"Spire Growth","floor":46.0,"turns":5.0},{"damage":23,"enemies":"Transient","floor":48,"turns":5},{"damage":29,"enemies":"Awakened One","floor":50,"turns":14}],"seed_played":"-5140281811684051068","potions_obtained":[{"floor":3.0,"key":"FairyPotion"},{"floor":4.0,"key":"SteroidPotion"},{"floor":10.0,"key":"Swift Potion"},{"floor":16.0,"key":"BloodPotion"},{"floor":21.0,"key":"Regen Potion"},{"floor":24.0,"key":"LiquidBronze"},{"floor":33.0,"key":"Ancient Potion"},{"floor":45.0,"key":"PowerPotion"},{"floor":46.0,"key":"SteroidPotion"}],"is_trial":false,"path_per_floor":["M","M","?","M","$","E","R","?","T","M","M","R","?","?","R","B",null,"M","?","?","M","$","R","M","R","T","$","M","R","M","?","R","B",null,"M","?","M","?","$","R","?","T","T","R","E","M","M","$","M","R","B",null],"character_chosen":"IRONCLAD","items_purchased":["Clothesline","Mummified Hand","Oddly Smooth Stone"],"campfire_rested":6,"item_purchase_floors":[5,22,39],"current_hp_per_floor":[80,80,80,80,80,51,51,40,40,38,43,67,49,36,60,8,80,64,64,39,15,15,39,26,50,50,50,55,79,62,62,62,14,80,69,59,37,32,32,44,44,44,44,56,35,22,22,31,67,54],"gold":16,"neow_bonus":"THREE_ENEMY_KILL","is_prod":false,"is_daily":false,"chose_seed":false,"campfire_upgraded":4,"win_rate":0,"timestamp":1544509163,"path_taken":["M","M","?","?","$","E","R","?","T","M","M","R","?","?","R","BOSS","M","?","?","M","$","R","M","R","T","$","M","R","M","?","R","BOSS","M","?","M","?","$","R","?","?","T","R","E","M","$","M","R","BOSS"],"build_version":"2018-12-06","purchased_purges":4,"victory":true,"max_hp_per_floor":[80,80,80,80,80,80,80,80,80,80,80,80,80,80,80,80,80,80,80,80,80,80,80,80,80,80,80,80,80,80,80,80,80,80,80,80,80,80,80,80,80,80,80,80,80,80,80,80,80,80],"card_choices":[{"not_picked":["Body Slam","Bloodletting"],"picked":"Pommel Strike","floor":1.0},{"not_picked":["Corruption","Warcry"],"picked":"Cleave","floor":2.0},{"not_picked":["Anger","Hemokinesis","Blood for Blood"],"picked":"SKIP","floor":4.0},{"not_picked":["Sword Boomerang","Carnage"],"picked":"Twin Strike","floor":6.0},{"not_picked":["Wild Strike","Searing Blow"],"picked":"Pommel Strike","floor":10.0},{"not_picked":["Clash","Bloodletting"],"picked":"Shrug It Off","floor":11.0},{"not_picked":["Spot Weakness","Headbutt"],"picked":"Armaments","floor":14.0},{"not_picked":["Fiend Fire","Barricade"],"picked":"Limit Break","floor":16.0},{"not_picked":["Hemokinesis","Metallicize","Clash"],"picked":"SKIP","floor":18.0},{"not_picked":["Burning Pact","Sever Soul+1"],"picked":"Cleave","floor":21.0},{"not_picked":["Sword Boomerang+1","Wild Strike","Reckless Charge"],"picked":"SKIP","floor":24.0},{"not_picked":["Corruption","Twin Strike+1","Carnage+1"],"picked":"SKIP","floor":28.0},{"not_picked":["Ghostly Armor","Thunderclap","Headbutt"],"picked":"SKIP","floor":30.0},{"not_picked":["Offering","Bludgeon"],"picked":"Reaper","floor":33.0},{"not_picked":["Bloodletting+1","Heavy Blade"],"picked":"Pommel Strike+1","floor":35.0},{"not_picked":["Hemokinesis+1","True Grit"],"picked":"Battle Trance","floor":37.0},{"not_picked":["Armaments","Heavy Blade+1"],"picked":"Flex","floor":38.0},{"not_picked":["Jack Of All Trades","Impatience"],"picked":"Apotheosis","floor":41.0},{"not_picked":["Anger","Warcry+1"],"picked":"Perfected Strike+1","floor":45.0},{"not_picked":["Warcry+1","Body Slam"],"picked":"Disarm+1","floor":46.0},{"not_picked":["Flex+1","Warcry","Shockwave"],"picked":"SKIP","floor":48}],"player_experience":22026,"relics_obtained":[{"floor":6.0,"key":"PreservedInsect"},{"floor":9.0,"key":"Juzu Bracelet"},{"floor":14.0,"key":"Odd Mushroom"},{"floor":26.0,"key":"Orichalcum"},{"floor":38.0,"key":"Incense Burner"},{"floor":42.0,"key":"Mercury Hourglass"},{"floor":43.0,"key":"Anchor"},{"floor":45.0,"key":"Meat on the Bone"}],"event_choices":[{"damage_healed":0.0,"max_hp_gain":0.0,"max_hp_loss":0.0,"gold_gain":0.0,"event_name":"The Woman in Blue","player_choice":"Bought 1 Potion","floor":3.0,"gold_loss":0.0,"damage_taken":0.0},{"damage_healed":0.0,"max_hp_gain":0.0,"max_hp_loss":0.0,"gold_gain":75.0,"event_name":"World of Goop","player_choice":"Gather Gold","floor":8.0,"gold_loss":0.0,"damage_taken":11.0},{"damage_healed":0.0,"max_hp_gain":0.0,"max_hp_loss":0.0,"gold_gain":0.0,"event_name":"Scrap Ooze","player_choice":"Success","floor":13.0,"gold_loss":0.0,"damage_taken":18.0,"relics_obtained":["Sundial"]},{"damage_healed":0.0,"max_hp_gain":0.0,"max_hp_loss":0.0,"gold_gain":0.0,"event_name":"Mushrooms","player_choice":"Fought Mushrooms","floor":14.0,"gold_loss":0.0,"damage_taken":0.0},{"damage_healed":0.0,"max_hp_gain":0.0,"max_hp_loss":0.0,"gold_gain":0.0,"event_name":"Vampires","player_choice":"Ignored","floor":19.0,"gold_loss":0.0,"damage_taken":0.0},{"damage_healed":0.0,"max_hp_gain":0.0,"max_hp_loss":0.0,"gold_gain":0.0,"event_name":"Colosseum","player_choice":"Fight","floor":20.0,"gold_loss":0.0,"damage_taken":0.0},{"damage_healed":0.0,"max_hp_gain":0.0,"max_hp_loss":0.0,"gold_gain":0.0,"event_name":"Colosseum","player_choice":"Fled From Nobs","floor":20.0,"gold_loss":0.0,"damage_taken":0.0},{"damage_healed":0.0,"max_hp_gain":0.0,"max_hp_loss":0.0,"gold_gain":0.0,"cards_transformed":["Strike_R"],"event_name":"Transmorgrifier","player_choice":"Transformed","floor":31.0,"gold_loss":0.0,"damage_taken":0.0,"cards_obtained":["Flex"]},{"damage_healed":0.0,"max_hp_gain":0.0,"max_hp_loss":0.0,"gold_gain":0.0,"event_name":"Winding Halls","player_choice":"Embrace Madness","floor":36.0,"gold_loss":0.0,"damage_taken":10.0,"cards_obtained":["Madness","Madness"]},{"damage_healed":0.0,"max_hp_gain":0.0,"max_hp_loss":0.0,"gold_gain":0.0,"event_name":"MindBloom","player_choice":"Fight","floor":38.0,"gold_loss":0.0,"damage_taken":0.0},{"damage_healed":0.0,"max_hp_gain":0.0,"max_hp_loss":0.0,"gold_gain":0.0,"event_name":"SensoryStone","player_choice":"Memory 1","floor":41.0,"gold_loss":0.0,"damage_taken":0.0}],"is_beta":false,"boss_relics":[{"not_picked":["Cursed Key","Runic Dome"],"picked":"Velvet Choker"},{"not_picked":["Snecko Eye","Coffee Dripper"],"picked":"Eternal Feather"}],"items_purged_floors":[5,27,39,47],"is_endless":false,"potions_floor_spawned":[4,10,14,16,21,24,33,45,46],"ascension_level":3}