{"gold_per_floor":[116,126,126,140,160,160,193,77,77,77,77,102,102,112,112,190,190,210,53,63,63,63],"floor_reached":22,"playtime":822,"items_purged":["Strike_R","Strike_R"],"score":349,"play_id":"8e54efa4-6895-49e4-9b7f-8b20652454ac","local_time":"20181222000855","is_ascension_mode":true,"campfire_choices":[{"data":"True Grit","floor":6,"key":"SMITH"},{"floor":11,"key":"REST"},{"data":"Barricade","floor":13,"key":"SMITH"},{"floor":15,"key":"REST"}],"neow_cost":"NONE","seed_source_timestamp":31622397209300,"circlet_count":0,"master_deck":["AscendersBane","Strike_R","Strike_R","Strike_R","Defend_R","Defend_R","Defend_R","Defend_R","Bash","True Grit","True Grit+1","Barricade+1","Evolve","Metallicize","Exhume","Shrug It Off","Decay"],"relics":["Burning Blood","Regal Pillow","Vajra","Mercury Hourglass","Mark of Pain"],"potions_floor_usage":[7,7,12,16,18,22],"damage_taken":[{"damage":0,"enemies":"Cultist","floor":1,"turns":4},{"damage":8,"enemies":"Small Slimes","floor":2,"turns":4},{"damage":0,"enemies":"2 Louse","floor":4,"turns":4},{"damage":15,"enemies":"Looter","floor":5,"turns":4},{"damage":37,"enemies":"Gremlin Nob","floor":7,"turns":5},{"damage":39,"enemies":"Lagavulin","floor":12,"turns":12},{"damage":8,"enemies":"Red Slaver","floor":14,"turns":5},{"damage":63,"enemies":"Slime Boss","floor":16,"turns":20},{"damage":29,"enemies":"3 Byrds","floor":18,"turns":6},{"damage":1,"enemies":"Chosen","floor":20,"turns":9},{"damage":13,"enemies":"Snake Plant","floor":22,"turns":3}],"seed_played":"-4450614613323852345","potions_obtained":[{"floor":1,"key":"SpeedPotion"},{"floor":3,"key":"Regen Potion"},{"floor":3,"key":"Strength Potion"},{"floor":7,"key":"Block Potion"},{"floor":14,"key":"BloodPotion"},{"floor":16,"key":"Explosive Potion"},{"floor":20,"key":"BloodPotion"}],"is_trial":false,"path_per_floor":["M","M","?","M","M","R","E","$","T","$","R","E","R","M","R","B",null,"M","$","M","?","M"],"character_chosen":"IRONCLAD","items_purchased":["Metallicize","Shrug It Off"],"campfire_rested":2,"item_purchase_floors":[8,19],"current_hp_per_floor":[74,72,72,75,66,66,44,44,44,44,75,42,42,40,75,25,63,40,40,45,45,39],"gold":63,"neow_bonus":"THREE_CARDS","is_prod":false,"is_daily":false,"chose_seed":false,"campfire_upgraded":2,"win_rate":0,"timestamp":1545466135,"path_taken":["M","?","?","?","M","R","E","$","T","$","R","E","R","M","R","BOSS","M","$","M","?","M"],"build_version":"2018-12-20","purchased_purges":2,"victory":false,"max_hp_per_floor":[75,75,75,75,75,75,75,75,75,75,75,75,75,75,75,75,75,75,75,75,75,75],"card_choices":[{"not_picked":["Carnage","Clothesline"],"picked":"True Grit","floor":0},{"not_picked":["Combust","Heavy Blade","Clothesline"],"picked":"SKIP","floor":1},{"not_picked":["Twin Strike","Sword Boomerang"],"picked":"True Grit","floor":2},{"not_picked":["Twin Strike","Thunderclap"],"picked":"Barricade","floor":4},{"not_picked":["Clash","Twin Strike"],"picked":"Evolve","floor":5},{"not_picked":["Carnage","Pommel Strike","Heavy Blade"],"picked":"SKIP","floor":7},{"not_picked":["Shrug It Off","Clothesline","Havoc"],"picked":"SKIP","floor":12},{"not_picked":["Searing Blow","Disarm","Fire Breathing"],"picked":"SKIP","floor":14},{"not_picked":["Berserk","Limit Break"],"picked":"Exhume","floor":16},{"not_picked":["Combust","Flex","Inflame"],"picked":"SKIP","floor":18},{"not_picked":["Clash","Anger","Inflame"],"picked":"SKIP","floor":20}],"player_experience":168098,"relics_obtained":[{"floor":7,"key":"Regal Pillow"},{"floor":9,"key":"Vajra"},{"floor":12,"key":"Mercury Hourglass"}],"event_choices":[{"damage_healed":0,"gold_gain":0,"player_choice":"Got Potions","damage_taken":0,"max_hp_gain":0,"max_hp_loss":0,"event_name":"Lab","floor":3,"gold_loss":0},{"damage_healed":0,"gold_gain":0,"player_choice":"Smashed Altar","damage_taken":0,"max_hp_gain":0,"max_hp_loss":0,"event_name":"Forgotten Altar","floor":21,"gold_loss":0,"cards_obtained":["Decay"]}],"is_beta":false,"boss_relics":[{"not_picked":["Runic Cube","Astrolabe"],"picked":"Mark of Pain"}],"items_purged_floors":[8,19],"is_endless":false,"potions_floor_spawned":[1,7,14,16,20],"killed_by":"Snake Plant","ascension_level":16}