{"gold_per_floor":[114,125,135,149,161,161,186,186,212,229,282,292,306,330,342,451,463,495,526,538,28,44,44,44,76,76,76,90,15,27,40,40,145,145,165,165,181,181,141,141,158,173,173,190,190,190],"floor_reached":46,"playtime":2282,"items_purged":["Strike_B"],"score":675,"play_id":"522c720c-8dfc-42e7-afbe-2a8b905db3d7","local_time":"20190808140755","is_ascension_mode":true,"campfire_choices":[{"data":"Zap","floor":6,"key":"SMITH"},{"data":"Cold Snap","floor":8,"key":"SMITH"},{"floor":15,"key":"REST"},{"data":"Defragment","floor":23,"key":"SMITH"},{"floor":27,"key":"REST"},{"floor":32,"key":"REST"},{"data":"Meteor Strike","floor":40,"key":"SMITH"}],"neow_cost":"NONE","seed_source_timestamp":241075582591530,"circlet_count":0,"master_deck":["Strike_B","Strike_B+1","Strike_B","Defend_B","Defend_B","Defend_B","Defend_B","Zap+1","Reinforced Body","Streamline+1","Ball Lightning","Cold Snap+1","Coolheaded","Blizzard","Glacier","Barrage","Defragment+1","Meteor Strike+1","Leap+1","Double Energy+1","Fusion+1","Self Repair","Conserve Battery","Cold Snap","Conserve Battery+1","Rebound+1","Tempest","Barrage+1","Hologram+1","Coolheaded+1","Leap+1","Skim+1","Writhe"],"relics":["Cracked Core","Whetstone","Strawberry","MawBank","Cursed Key","Enchiridion","DataDisk","Runic Capacitor","Boot","Philosopher\u0027s Stone","Singing Bowl"],"potions_floor_usage":[7,25,30,33,41,46],"damage_taken":[{"damage":0,"enemies":"Cultist","floor":1,"turns":3},{"damage":13,"enemies":"2 Louse","floor":2,"turns":3},{"damage":0,"enemies":"Jaw Worm","floor":3,"turns":3},{"damage":15,"enemies":"Large Slime","floor":4,"turns":5},{"damage":5,"enemies":"2 Fungi Beasts","floor":5,"turns":3},{"damage":20,"enemies":"Gremlin Nob","floor":7,"turns":4},{"damage":0,"enemies":"Exordium Wildlife","floor":10,"turns":2},{"damage":4,"enemies":"Looter","floor":12,"turns":2},{"damage":3,"enemies":"3 Louse","floor":13,"turns":3},{"damage":10,"enemies":"The Guardian","floor":16,"turns":11},{"damage":1,"enemies":"Chosen","floor":18,"turns":5},{"damage":9,"enemies":"Shell Parasite","floor":19,"turns":5},{"damage":6,"enemies":"Cultist and Chosen","floor":22,"turns":6},{"damage":25,"enemies":"Book of Stabbing","floor":25,"turns":4},{"damage":5,"enemies":"Centurion and Healer","floor":28,"turns":5},{"damage":9,"enemies":"Snake Plant","floor":30,"turns":4},{"damage":12,"enemies":"Snecko","floor":31,"turns":5},{"damage":14,"enemies":"Collector","floor":33,"turns":14},{"damage":36,"enemies":"3 Darklings","floor":35,"turns":3},{"damage":0,"enemies":"3 Shapes","floor":37,"turns":6},{"damage":63,"enemies":"Sphere and 2 Shapes","floor":41,"turns":4},{"damage":13,"enemies":"Maw","floor":42,"turns":6},{"damage":6,"enemies":"3 Darklings","floor":44,"turns":5},{"damage":13,"enemies":"Sphere and 2 Shapes","floor":46,"turns":5}],"seed_played":"4172307332552278814","potions_obtained":[{"floor":1,"key":"Explosive Potion"},{"floor":3,"key":"PowerPotion"},{"floor":4,"key":"Explosive Potion"},{"floor":5,"key":"AttackPotion"},{"floor":10,"key":"FairyPotion"},{"floor":19,"key":"Energy Potion"},{"floor":25,"key":"Explosive Potion"},{"floor":30,"key":"AttackPotion"},{"floor":31,"key":"Regen Potion"},{"floor":42,"key":"Energy Potion"},{"floor":44,"key":"Explosive Potion"}],"is_trial":false,"path_per_floor":["M","M","M","M","M","R","E","R","T","M","?","M","M","T","R","B",null,"M","M","?","$","M","R","?","E","T","R","M","$","M","M","R","B",null,"M","?","M","?","?","R","M","M","T","M","?","M"],"character_chosen":"DEFECT","items_purchased":["DataDisk","Fusion","Runic Capacitor","Self Repair","Conserve Battery"],"campfire_rested":3,"item_purchase_floors":[21,21,21,21,21],"current_hp_per_floor":[75,62,62,47,42,42,22,22,29,29,29,25,22,22,48,38,76,75,66,50,50,51,51,34,16,16,44,46,46,37,32,60,53,84,55,55,62,62,62,62,4,8,8,4,6,0],"gold":190,"neow_bonus":"TEN_PERCENT_HP_BONUS","is_prod":false,"is_daily":false,"chose_seed":false,"campfire_upgraded":4,"win_rate":0,"timestamp":1565291275,"path_taken":["M","M","M","?","M","R","E","R","T","M","?","M","M","?","R","BOSS","M","M","?","$","M","R","?","E","T","R","M","$","M","?","R","BOSS","M","?","M","?","?","R","M","?","T","M","?","M"],"build_version":"2019-07-17","purchased_purges":1,"victory":false,"max_hp_per_floor":[82,82,82,82,82,82,82,82,89,89,89,89,89,89,89,89,89,89,89,89,89,89,89,94,94,94,94,94,94,94,94,94,94,94,94,89,89,89,89,89,89,89,89,91,93,93],"card_choices":[{"not_picked":["Gash","Hello World"],"picked":"Reinforced Body","floor":1},{"not_picked":["Double Energy","Hello World"],"picked":"Streamline","floor":2},{"not_picked":["Rip and Tear","Rebound"],"picked":"Ball Lightning","floor":3},{"not_picked":["Barrage","Fusion"],"picked":"Cold Snap","floor":4},{"not_picked":["Static Discharge","Turbo"],"picked":"Coolheaded","floor":5},{"not_picked":["Doom and Gloom","Meteor Strike"],"picked":"Blizzard","floor":7},{"not_picked":["Recycle","Turbo"],"picked":"Glacier","floor":10},{"not_picked":["Tempest","Turbo"],"picked":"Barrage","floor":12},{"not_picked":["Sunder","Cold Snap"],"picked":"Defragment","floor":13},{"not_picked":["Multi-Cast","Amplify"],"picked":"Meteor Strike","floor":16},{"not_picked":["Genetic Algorithm+1","Loop"],"picked":"Leap+1","floor":18},{"not_picked":["Beam Cell+1","Go for the Eyes+1"],"picked":"Double Energy+1","floor":19},{"not_picked":["Streamline","Heatsinks"],"picked":"Cold Snap","floor":22},{"not_picked":["Hologram","Stack"],"picked":"Conserve Battery+1","floor":25},{"not_picked":["Gash","Chill"],"picked":"Rebound+1","floor":28},{"not_picked":["Creative AI","Ball Lightning+1"],"picked":"Tempest","floor":30},{"not_picked":["Compile Driver+1","Leap+1"],"picked":"Barrage+1","floor":31},{"not_picked":["White Noise","Rebound"],"picked":"Hologram+1","floor":35},{"not_picked":["Ball Lightning","Storm"],"picked":"Coolheaded+1","floor":37},{"not_picked":["Barrage","Compile Driver+1"],"picked":"Leap+1","floor":41},{"not_picked":["Stack+1","Conserve Battery+1"],"picked":"Skim+1","floor":42},{"not_picked":["Recycle","Go for the Eyes","Scrape+1"],"picked":"Singing Bowl","floor":44},{"not_picked":["Trip","Jack Of All Trades","Forethought"],"picked":"Singing Bowl","floor":45}],"player_experience":271198,"relics_obtained":[{"floor":7,"key":"Whetstone"},{"floor":9,"key":"Strawberry"},{"floor":14,"key":"MawBank"},{"floor":20,"key":"Enchiridion"},{"floor":25,"key":"Boot"},{"floor":43,"key":"Singing Bowl"}],"event_choices":[{"damage_healed":0,"gold_gain":53,"player_choice":"Gained Gold","damage_taken":0,"max_hp_gain":0,"max_hp_loss":0,"event_name":"Golden Wing","floor":11,"gold_loss":0},{"damage_healed":0,"gold_gain":0,"player_choice":"Obtained Book","damage_taken":16,"max_hp_gain":0,"max_hp_loss":0,"event_name":"Cursed Tome","floor":20,"gold_loss":0},{"damage_healed":0,"gold_gain":0,"player_choice":"Shed Blood","damage_taken":22,"max_hp_gain":5,"max_hp_loss":0,"event_name":"Forgotten Altar","floor":24,"gold_loss":0},{"damage_healed":0,"gold_gain":0,"player_choice":"Max HP","damage_taken":0,"max_hp_gain":0,"max_hp_loss":5,"event_name":"Winding Halls","floor":36,"gold_loss":0},{"cards_removed":["Dualcast"],"damage_healed":0,"gold_gain":0,"player_choice":"Removed Skill","damage_taken":0,"max_hp_gain":0,"max_hp_loss":0,"event_name":"Falling","floor":38,"gold_loss":0},{"damage_healed":0,"gold_gain":0,"player_choice":"Upgrade","damage_taken":0,"max_hp_gain":0,"max_hp_loss":0,"event_name":"Designer","floor":39,"gold_loss":40,"cards_upgraded":["Fusion"]},{"damage_healed":0,"gold_gain":0,"player_choice":"Memory 1","damage_taken":0,"max_hp_gain":0,"max_hp_loss":0,"event_name":"SensoryStone","floor":45,"gold_loss":0}],"is_beta":false,"boss_relics":[{"not_picked":["Inserter","Lizard Tail"],"picked":"Cursed Key"},{"not_picked":["Eternal Feather","Orrery"],"picked":"Philosopher\u0027s Stone"}],"items_purged_floors":[29],"is_endless":false,"potions_floor_spawned":[1,3,4,5,10,19,25,30,31,42,44],"killed_by":"Sphere and 2 Shapes","ascension_level":9}