{"gold_per_floor":[19,33,33,33,50,50,83,83,108,140,140,159,309,12,12,87,87,102,102,115,115,131,160,160,173,225,45,3,23,23,23,23,97,97,111,1110,1110,338,349,349,377,377,377,377,377,393,411,440,440,440],"floor_reached":50,"playtime":1792,"items_purged":["Doubt","Normality"],"score":1127,"play_id":"63bf6a0b-21f6-40f2-8466-caf45a835a18","local_time":"20190819032157","is_ascension_mode":true,"campfire_choices":[{"data":"Iron Wave","floor":6.0,"key":"SMITH"},{"data":"Rage","floor":8.0,"key":"SMITH"},{"data":"Metallicize","floor":11.0,"key":"SMITH"},{"data":"Body Slam","floor":15.0,"key":"SMITH"},{"data":"Whirlwind","floor":24.0,"key":"SMITH"},{"floor":32.0,"key":"REST"},{"data":"Barricade","floor":40.0,"key":"SMITH"},{"floor":49,"key":"RECALL"}],"neow_cost":"NO_GOLD","seed_source_timestamp":1335452435898600,"circlet_count":0,"master_deck":["AscendersBane","Strike_R","Strike_R","Defend_R","Defend_R","Defend_R","Defend_R","Bash","Juggernaut+1","Corruption+1","Anger","Iron Wave+1","Rage+1","Metallicize+1","Body Slam+1","Brutality","Brutality+1","Battle Trance+1","Blood for Blood+1","Burning Pact","Iron Wave","Whirlwind+1","Feel No Pain","True Grit","Decay","Fiend Fire","Rage","Normality","Barricade+1","Exhume","Feel No Pain","Purity","Evolve"],"special_seed":0,"relics":["Burning Blood","Ancient Tea Set","Centennial Puzzle","Blood Vial","OrangePellets","Astrolabe","Anchor","The Courier","Bag of Marbles","Runic Dome","Strawberry","Juzu Bracelet","Mummified Hand","Happy Flower"],"potions_floor_usage":[41],"damage_taken":[{"damage":4.0,"enemies":"Jaw Worm","floor":1.0,"turns":5.0},{"damage":18.0,"enemies":"Small Slimes","floor":2.0,"turns":4.0},{"damage":2.0,"enemies":"2 Louse","floor":5.0,"turns":4.0},{"damage":28.0,"enemies":"3 Sentries","floor":7.0,"turns":7.0},{"damage":3.0,"enemies":"Lagavulin","floor":10.0,"turns":6.0},{"damage":4.0,"enemies":"Exordium Thugs","floor":12.0,"turns":4.0},{"damage":12.0,"enemies":"The Guardian","floor":16.0,"turns":8.0},{"damage":2.0,"enemies":"Spheric Guardian","floor":18.0,"turns":3.0},{"damage":3.0,"enemies":"Chosen","floor":20.0,"turns":4.0},{"damage":18.0,"enemies":"Snake Plant","floor":22.0,"turns":3.0},{"damage":26.0,"enemies":"Slavers","floor":23.0,"turns":6.0},{"damage":19.0,"enemies":"Shelled Parasite and Fungi","floor":25.0,"turns":3.0},{"damage":25.0,"enemies":"Sentry and Sphere","floor":29.0,"turns":6.0},{"damage":25.0,"enemies":"Collector","floor":33.0,"turns":6.0},{"damage":12.0,"enemies":"3 Darklings","floor":35.0,"turns":4.0},{"damage":3.0,"enemies":"3 Shapes","floor":39.0,"turns":4.0},{"damage":25,"enemies":"Giant Head","floor":41,"turns":7},{"damage":8,"enemies":"Spire Growth","floor":46,"turns":5},{"damage":3,"enemies":"Maw","floor":47,"turns":4},{"damage":41,"enemies":"Nemesis","floor":48,"turns":5},{"damage":21,"enemies":"Awakened One","floor":50,"turns":3}],"seed_played":"-3535673236068252712","potions_obtained":[{"floor":2.0,"key":"Dexterity Potion"},{"floor":5.0,"key":"SkillPotion"},{"floor":12.0,"key":"EssenceOfSteel"},{"floor":23.0,"key":"LiquidBronze"},{"floor":33.0,"key":"Strength Potion"},{"floor":39.0,"key":"PowerPotion"},{"floor":47,"key":"LiquidBronze"}],"is_trial":false,"path_per_floor":["M","M","?","$","M","R","E","R","T","E","R","M","?","$","R","B",null,"M","?","M","$","M","E","R","M","T","$","$","M","$","?","R","B",null,"M","?","?","$","M","R","E","?","T","?","?","M","M","E","R","B"],"character_chosen":"IRONCLAD","items_purchased":["OrangePellets","Berserk","Feel No Pain","Fire Potion","Barricade","Exhume","Fruit Juice","Fruit Juice","Strawberry","Juzu Bracelet"],"campfire_rested":1,"item_purchase_floors":[14,27,27,28,38,38,38,38,38,38],"current_hp_per_floor":[70,58,58,58,62,62,40,40,40,43,43,47,47,47,47,43,67,73,73,75,75,63,45,45,34,34,34,34,17,17,17,39,22,62,58,58,58,70,80,80,63,63,63,63,63,63,68,35,35,16],"gold":440,"neow_bonus":"THREE_RARE_CARDS","is_prod":false,"is_daily":false,"chose_seed":false,"campfire_upgraded":6,"win_rate":0,"timestamp":1566210117,"path_taken":["M","M","?","$","M","R","E","R","T","E","R","M","?","$","R","BOSS","M","?","M","$","M","E","R","M","T","$","?","M","?","?","R","BOSS","M","?","?","$","M","R","E","?","T","?","?","M","M","E","R","BOSS"],"build_version":"2019-07-17","purchased_purges":2,"victory":false,"max_hp_per_floor":[75,75,75,75,75,75,75,75,75,75,75,75,75,75,75,75,75,75,75,75,75,75,75,75,75,75,75,75,75,75,75,75,75,75,75,75,75,87,92,92,92,92,92,92,87,87,87,87,87,87],"card_choices":[{"not_picked":["Reaper","Bludgeon"],"picked":"Juggernaut","floor":0.0},{"not_picked":["Wild Strike","Rampage"],"picked":"Corruption","floor":1.0},{"not_picked":["Thunderclap","Cleave"],"picked":"Anger","floor":2.0},{"not_picked":["Twin Strike","Flame Barrier"],"picked":"Iron Wave","floor":5.0},{"not_picked":["Power Through","Anger"],"picked":"Rage","floor":7.0},{"not_picked":["Body Slam","Hemokinesis"],"picked":"Metallicize","floor":10.0},{"not_picked":["Warcry","Thunderclap","Body Slam"],"picked":"SKIP","floor":12.0},{"not_picked":["Warcry","Thunderclap"],"picked":"Body Slam","floor":12.0},{"not_picked":["Bludgeon","Dark Embrace"],"picked":"Brutality","floor":16.0},{"not_picked":["Dropkick+1","Sword Boomerang+1"],"picked":"Corruption+1","floor":18.0},{"not_picked":["Seeing Red","Perfected Strike"],"picked":"Burning Pact","floor":20.0},{"not_picked":["Spot Weakness","Sword Boomerang"],"picked":"Iron Wave","floor":22.0},{"not_picked":["Wild Strike+1","Pommel Strike"],"picked":"Whirlwind","floor":23.0},{"not_picked":["Infernal Blade+1","Fire Breathing","Clothesline"],"picked":"SKIP","floor":25.0},{"not_picked":["Anger","Headbutt+1"],"picked":"True Grit","floor":29.0},{"not_picked":["Brutality","Dark Embrace"],"picked":"Fiend Fire","floor":33.0},{"not_picked":["Sever Soul","Pummel"],"picked":"Rage","floor":35.0},{"not_picked":["Hemokinesis","Body Slam","Combust"],"picked":"SKIP","floor":39.0},{"not_picked":["True Grit","Berserk"],"picked":"Feel No Pain","floor":41},{"not_picked":["Impatience","Mind Blast"],"picked":"Purity","floor":42},{"not_picked":["Headbutt+1","Heavy Blade+1","Body Slam"],"picked":"SKIP","floor":46},{"not_picked":["Flex+1","Rupture"],"picked":"Evolve","floor":47},{"not_picked":["Iron Wave","Armaments","Reaper"],"picked":"SKIP","floor":48}],"player_experience":807988,"relics_obtained":[{"floor":7.0,"key":"Ancient Tea Set"},{"floor":9.0,"key":"Centennial Puzzle"},{"floor":10.0,"key":"Blood Vial"},{"floor":23.0,"key":"The Courier"},{"floor":26.0,"key":"Bag of Marbles"},{"floor":41,"key":"Mummified Hand"},{"floor":48,"key":"Happy Flower"}],"event_choices":[{"damage_healed":0.0,"max_hp_gain":0.0,"max_hp_loss":0.0,"gold_gain":0.0,"event_name":"Living Wall","player_choice":"Grow","floor":3.0,"gold_loss":0.0,"damage_taken":0.0,"cards_upgraded":["Juggernaut"]},{"damage_healed":0.0,"max_hp_gain":0.0,"max_hp_loss":0.0,"gold_gain":150.0,"event_name":"Liars Game","player_choice":"AGREE","floor":13.0,"gold_loss":0.0,"damage_taken":0.0,"cards_obtained":["Doubt"]},{"cards_removed":["Corruption"],"damage_healed":0.0,"max_hp_gain":0.0,"max_hp_loss":0.0,"gold_gain":0.0,"event_name":"WeMeetAgain","player_choice":"Gave Card","floor":19.0,"gold_loss":0.0,"damage_taken":0.0,"relics_obtained":["Anchor"]},{"damage_healed":0.0,"max_hp_gain":0.0,"max_hp_loss":0.0,"gold_gain":0.0,"event_name":"Forgotten Altar","player_choice":"Smashed Altar","floor":31.0,"gold_loss":0.0,"damage_taken":0.0,"cards_obtained":["Decay"]},{"damage_healed":0.0,"max_hp_gain":0.0,"max_hp_loss":0.0,"gold_gain":999.0,"event_name":"MindBloom","player_choice":"Gold","floor":36.0,"gold_loss":0.0,"damage_taken":0.0,"cards_obtained":["Normality","Normality"]},{"cards_removed":["Berserk"],"damage_healed":0.0,"max_hp_gain":0.0,"max_hp_loss":0.0,"gold_gain":0.0,"event_name":"Falling","player_choice":"Removed Power","floor":37.0,"gold_loss":0.0,"damage_taken":0.0},{"damage_healed":0,"gold_gain":0,"player_choice":"Memory 1","damage_taken":0,"max_hp_gain":0,"max_hp_loss":0,"event_name":"SensoryStone","floor":42,"gold_loss":0},{"damage_healed":0,"gold_gain":0,"player_choice":"Upgraded","damage_taken":0,"max_hp_gain":0,"max_hp_loss":0,"event_name":"Upgrade Shrine","floor":44,"gold_loss":0,"cards_upgraded":["Corruption"]},{"damage_healed":0,"gold_gain":0,"player_choice":"Max HP","damage_taken":0,"max_hp_gain":0,"max_hp_loss":5,"event_name":"Winding Halls","floor":45,"gold_loss":0}],"is_beta":false,"boss_relics":[{"not_picked":["Calling Bell","White Beast Statue"],"picked":"Astrolabe"},{"not_picked":["Tiny House","Empty Cage"],"picked":"Runic Dome"}],"items_purged_floors":[14,38],"is_endless":false,"potions_floor_spawned":[2,5,7,12,22,23,33,39,47],"killed_by":"Awakened One","ascension_level":20}