{"gold_per_floor":[15,15,31,31,31,31,62,62,62,88,1,11,39,52,52,129,129,99,119,138,154,154,154,154],"floor_reached":24,"playtime":2713,"items_purged":[],"score":482,"play_id":"65e91eb9-1723-44c8-b393-0ad994c40be0","local_time":"20190702174235","is_ascension_mode":true,"campfire_choices":[{"data":"Uppercut","floor":6.0,"key":"SMITH"},{"data":"True Grit","floor":15.0,"key":"SMITH"},{"floor":23,"key":"REST"}],"neow_cost":"NO_GOLD","seed_source_timestamp":224903821791600,"circlet_count":0,"master_deck":["AscendersBane","Strike_R","Strike_R","Strike_R","Defend_R","Defend_R","Defend_R","Bash","Intimidate","Dropkick","Wild Strike","Uppercut+1","Evolve","Disarm","Headbutt","Battle Trance","True Grit+1","Feed+1","Pommel Strike"],"special_seed":0,"relics":["Burning Blood","WarpedTongs","Gremlin Horn","Dream Catcher","Champion Belt","Lantern","Potion Belt","White Beast Statue"],"potions_floor_usage":[24,24,24,24],"damage_taken":[{"damage":22.0,"enemies":"Small Slimes","floor":1.0,"turns":5.0},{"damage":2.0,"enemies":"Cultist","floor":3.0,"turns":3.0},{"damage":22.0,"enemies":"Lagavulin","floor":7.0,"turns":5.0},{"damage":0.0,"enemies":"Gremlin Nob","floor":10.0,"turns":3.0},{"damage":4.0,"enemies":"Jaw Worm","floor":12.0,"turns":2.0},{"damage":17.0,"enemies":"Lagavulin","floor":13.0,"turns":5.0},{"damage":9.0,"enemies":"3 Louse","floor":14.0,"turns":2.0},{"damage":9.0,"enemies":"Hexaghost","floor":16.0,"turns":10.0},{"damage":21.0,"enemies":"2 Thieves","floor":18.0,"turns":5.0},{"damage":10.0,"enemies":"Chosen","floor":19.0,"turns":5.0},{"damage":10.0,"enemies":"3 Cultists","floor":20.0,"turns":4.0},{"damage":27,"enemies":"Shelled Parasite and Fungi","floor":21,"turns":6},{"damage":123,"enemies":"Gremlin Leader","floor":24,"turns":9}],"seed_played":"-4162272493778460799","potions_obtained":[{"floor":7.0,"key":"AttackPotion"},{"floor":10.0,"key":"SkillPotion"},{"floor":14.0,"key":"LiquidBronze"},{"floor":16.0,"key":"Energy Potion"},{"floor":19.0,"key":"SkillPotion"},{"floor":20.0,"key":"GamblersBrew"},{"floor":21,"key":"BloodPotion"}],"is_trial":false,"path_per_floor":["M","?","M","?","?","R","E","?","T","E","$","M","E","M","R","B",null,"M","M","M","M","?","R","E"],"character_chosen":"IRONCLAD","items_purchased":["BloodPotion"],"campfire_rested":1,"item_purchase_floors":[11],"current_hp_per_floor":[52,52,56,49,44,44,28,28,28,34,34,36,25,22,22,19,61,49,48,48,30,30,56,0],"gold":154,"neow_bonus":"TRANSFORM_TWO_CARDS","is_prod":false,"is_daily":false,"chose_seed":false,"campfire_upgraded":2,"win_rate":0,"timestamp":1562103755,"path_taken":["M","?","?","?","?","R","E","?","T","E","$","M","E","M","R","BOSS","M","M","M","M","?","R","E"],"build_version":"2019-07-01","purchased_purges":0,"victory":false,"max_hp_per_floor":[75,75,75,75,75,75,75,75,75,75,75,75,75,75,75,75,75,78,81,85,88,88,88,88],"card_choices":[{"not_picked":["Iron Wave","Pummel"],"picked":"Wild Strike","floor":1.0},{"not_picked":["Second Wind","Metallicize"],"picked":"Uppercut","floor":3.0},{"not_picked":["Heavy Blade","Anger"],"picked":"Evolve","floor":7.0},{"not_picked":["Combust","Shockwave"],"picked":"Disarm","floor":10.0},{"not_picked":["Armaments","Wild Strike"],"picked":"Headbutt","floor":12.0},{"not_picked":["Warcry","Ghostly Armor"],"picked":"Battle Trance","floor":13.0},{"not_picked":["Pommel Strike","Infernal Blade"],"picked":"True Grit","floor":14.0},{"not_picked":["Berserk","Barricade"],"picked":"Feed","floor":16.0},{"not_picked":["Intimidate","Rupture+1","Uppercut"],"picked":"SKIP","floor":18.0},{"not_picked":["Rage","Wild Strike","Infernal Blade"],"picked":"SKIP","floor":19.0},{"not_picked":["Clash","Second Wind"],"picked":"Pommel Strike","floor":20.0},{"not_picked":["Searing Blow+1","Sword Boomerang","Anger"],"picked":"SKIP","floor":21}],"player_experience":763749,"relics_obtained":[{"floor":7.0,"key":"Dream Catcher"},{"floor":9.0,"key":"Champion Belt"},{"floor":10.0,"key":"Lantern"},{"floor":13.0,"key":"Potion Belt"}],"event_choices":[{"damage_healed":0.0,"max_hp_gain":0.0,"max_hp_loss":0.0,"gold_gain":0.0,"event_name":"Accursed Blacksmith","player_choice":"Rummage","floor":2.0,"gold_loss":0.0,"damage_taken":0.0,"relics_obtained":["WarpedTongs"],"cards_obtained":["Pain"]},{"cards_removed":["Pain"],"damage_healed":0.0,"max_hp_gain":0.0,"max_hp_loss":0.0,"gold_gain":0.0,"event_name":"Golden Wing","player_choice":"Card Removal","floor":4.0,"gold_loss":0.0,"damage_taken":7.0},{"damage_healed":0.0,"max_hp_gain":0.0,"max_hp_loss":0.0,"gold_gain":0.0,"event_name":"Scrap Ooze","player_choice":"Success","floor":5.0,"gold_loss":0.0,"damage_taken":5.0,"relics_obtained":["Gremlin Horn"]},{"cards_removed":["Strike_R"],"damage_healed":0.0,"max_hp_gain":0.0,"max_hp_loss":0.0,"gold_gain":0.0,"event_name":"Living Wall","player_choice":"Forget","floor":8.0,"gold_loss":0.0,"damage_taken":0.0},{"damage_healed":0,"gold_gain":0,"player_choice":"Upgraded","damage_taken":0,"max_hp_gain":0,"max_hp_loss":0,"event_name":"Upgrade Shrine","floor":22,"gold_loss":0,"cards_upgraded":["Feed"]}],"is_beta":false,"boss_relics":[{"not_picked":["Busted Crown","Eternal Feather"],"picked":"White Beast Statue"}],"items_purged_floors":[],"is_endless":false,"potions_floor_spawned":[7,10,12,14,16,18,19,20,21],"killed_by":"Gremlin Leader","ascension_level":20}