{"gold_per_floor":[116,135,154,154,54,54,72,72,72,91,116,127,4,20,20,122,122,141,156,84,84,98,98,112,112,112,62,62],"floor_reached":28,"playtime":5324,"items_purged":["Regret"],"score":222,"play_id":"499e819c-32b9-470e-881f-17067cce4b38","local_time":"20190901182720","is_ascension_mode":false,"campfire_choices":[{"data":"Ball Lightning","floor":6.0,"key":"SMITH"},{"data":"Zap","floor":8.0,"key":"SMITH"},{"floor":15,"key":"REST"},{"data":"Capacitor","floor":23,"key":"SMITH"},{"data":"Turbo","floor":25,"key":"SMITH"}],"neow_cost":"NONE","seed_source_timestamp":0,"circlet_count":0,"master_deck":["Strike_B","Strike_B","Strike_B","Strike_B","Defend_B","Defend_B","Defend_B","Defend_B","Zap+1","Dualcast","Ball Lightning","Ball Lightning+1","Gash","Leap","FTL","Go for the Eyes","Rebound","Gash","Loop","Redo","Storm","Seek","Ball Lightning","Go for the Eyes","Hello World","Capacitor+1","Turbo+1"],"special_seed":0,"relics":["Cracked Core","NeowsBlessing","Ornamental Fan","Bag of Preparation","Runic Pyramid","PreservedInsect"],"potions_floor_usage":[16,16,16],"damage_taken":[{"damage":0.0,"enemies":"Cultist","floor":1.0,"turns":1.0},{"damage":0.0,"enemies":"2 Louse","floor":2.0,"turns":1.0},{"damage":0.0,"enemies":"Small Slimes","floor":3.0,"turns":1.0},{"damage":9.0,"enemies":"Exordium Thugs","floor":7.0,"turns":4.0},{"damage":6.0,"enemies":"Exordium Wildlife","floor":10.0,"turns":3.0},{"damage":18.0,"enemies":"Gremlin Nob","floor":11.0,"turns":3.0},{"damage":0.0,"enemies":"Looter","floor":12.0,"turns":2.0},{"damage":13,"enemies":"Exordium Thugs","floor":14,"turns":4},{"damage":23,"enemies":"The Guardian","floor":16,"turns":6},{"damage":2,"enemies":"Chosen","floor":18,"turns":3},{"damage":0,"enemies":"Spheric Guardian","floor":19,"turns":3},{"damage":22,"enemies":"3 Cultists","floor":22,"turns":5},{"damage":20,"enemies":"Shelled Parasite and Fungi","floor":24,"turns":6},{"damage":26,"enemies":"Snecko","floor":28,"turns":5}],"seed_played":"-178862451689386516","potions_obtained":[{"floor":10.0,"key":"FearPotion"},{"floor":11.0,"key":"Poison Potion"},{"floor":12.0,"key":"Poison Potion"},{"floor":16,"key":"SteroidPotion"},{"floor":18,"key":"Swift Potion"}],"is_trial":false,"path_per_floor":["M","M","M","?","$","R","M","R","T","M","E","M","$","M","R","B",null,"M","M","$","?","M","R","M","R","T","?","M"],"character_chosen":"DEFECT","items_purchased":["Leap","Loop","Redo","Hello World"],"campfire_rested":1,"item_purchase_floors":[5,13,13,20],"current_hp_per_floor":[75,75,75,75,75,75,66,66,66,60,42,42,42,29,51,28,75,73,73,73,73,51,51,31,31,31,31,5],"gold":62,"neow_bonus":"THREE_ENEMY_KILL","is_prod":false,"is_daily":false,"chose_seed":false,"campfire_upgraded":4,"win_rate":0,"timestamp":1567387640,"path_taken":["M","?","?","?","$","R","M","R","T","M","E","M","$","M","R","BOSS","M","M","$","?","M","R","M","R","T","?","?"],"build_version":"2019-07-17","purchased_purges":1,"victory":false,"max_hp_per_floor":[75,75,75,75,75,75,75,75,75,75,75,75,75,75,75,75,75,75,75,75,75,75,75,75,75,75,75,75],"card_choices":[{"not_picked":["Leap","Double Energy"],"picked":"Ball Lightning","floor":1.0},{"not_picked":["Rebound","Storm"],"picked":"Ball Lightning","floor":2.0},{"not_picked":["Blizzard","Compile Driver"],"picked":"Gash","floor":3.0},{"not_picked":["Streamline","Sunder"],"picked":"FTL","floor":7.0},{"not_picked":["Stack","Steam"],"picked":"Go for the Eyes","floor":10.0},{"not_picked":["Reinforced Body","Doom and Gloom"],"picked":"Rebound","floor":11.0},{"not_picked":["Seek","Hologram"],"picked":"Gash","floor":12.0},{"not_picked":["Compile Driver","Streamline"],"picked":"Storm","floor":14},{"not_picked":["Multi-Cast","Meteor Strike"],"picked":"Seek","floor":16},{"not_picked":["Darkness","Tempest"],"picked":"Ball Lightning","floor":18},{"not_picked":["Coolheaded","Rebound"],"picked":"Go for the Eyes","floor":19},{"not_picked":["Heatsinks+1","Cold Snap"],"picked":"Capacitor","floor":22},{"not_picked":["Beam Cell+1","Reinforced Body"],"picked":"Turbo","floor":24}],"player_experience":71246,"relics_obtained":[{"floor":11.0,"key":"Bag of Preparation"},{"floor":26,"key":"PreservedInsect"}],"event_choices":[{"damage_healed":0.0,"max_hp_gain":0.0,"max_hp_loss":0.0,"gold_gain":0.0,"event_name":"Big Fish","player_choice":"Box","floor":4.0,"gold_loss":0.0,"damage_taken":0.0,"relics_obtained":["Ornamental Fan"],"cards_obtained":["Regret"]},{"damage_healed":0,"gold_gain":0,"player_choice":"Bet on Owner","damage_taken":0,"max_hp_gain":0,"max_hp_loss":0,"event_name":"The Joust","floor":27,"gold_loss":50}],"is_beta":false,"boss_relics":[{"not_picked":["Philosopher\u0027s Stone","Coffee Dripper"],"picked":"Runic Pyramid"}],"items_purged_floors":[5],"is_endless":false,"potions_floor_spawned":[10,11,12,16,18],"killed_by":"Snecko","ascension_level":0}