{"gold_per_floor":[361,361,374,272,222,222,238,238,238,253,283,95,112,142,142,240,240,253,268,122,139,153,153,164,164,217,233,233,245,245,50,50,147,147,166,179,179,254,265,265],"floor_reached":40,"playtime":8832,"items_purged":["Shame","Strike_R","Strike_R"],"score":390,"play_id":"1c3b13d6-54c2-4ed7-b7a0-25a47165cb15","local_time":"20190902183421","is_ascension_mode":false,"campfire_choices":[{"data":"Spot Weakness","floor":6.0,"key":"SMITH"},{"data":"Metallicize","floor":8.0,"key":"SMITH"},{"data":"Finesse","floor":15.0,"key":"SMITH"},{"floor":23.0,"key":"REST"},{"data":"Feed","floor":28.0,"key":"SMITH"},{"floor":32.0,"key":"REST"}],"neow_cost":"CURSE","seed_source_timestamp":0,"circlet_count":0,"master_deck":["Strike_R","Strike_R","Defend_R","Defend_R","Defend_R","Spot Weakness+1","Thunderclap","Metallicize+1","Disarm","Fire Breathing","Finesse+1","Twin Strike","Exhume","Reckless Charge","True Grit+1","Disarm+1","Heavy Blade+1","Feed+1","Rage","Metallicize","Feed","Rage","True Grit+1","Anger"],"special_seed":0,"relics":["Burning Blood","Kunai","Oddly Smooth Stone","Tiny Chest","Empty Cage","Lantern","FossilizedHelix","Regal Pillow","Meat on the Bone","Cursed Key"],"potions_floor_usage":[],"damage_taken":[{"damage":0.0,"enemies":"Small Slimes","floor":1.0,"turns":3.0},{"damage":0.0,"enemies":"Cultist","floor":3.0,"turns":3.0},{"damage":1.0,"enemies":"Jaw Worm","floor":7.0,"turns":2.0},{"damage":22.0,"enemies":"Looter","floor":10.0,"turns":4.0},{"damage":14.0,"enemies":"Gremlin Nob","floor":11.0,"turns":5.0},{"damage":5.0,"enemies":"Gremlin Gang","floor":13.0,"turns":3.0},{"damage":3.0,"enemies":"The Guardian","floor":16.0,"turns":9.0},{"damage":18.0,"enemies":"Shell Parasite","floor":18.0,"turns":7.0},{"damage":6.0,"enemies":"3 Byrds","floor":19.0,"turns":6.0},{"damage":55.0,"enemies":"3 Cultists","floor":21.0,"turns":7.0},{"damage":15.0,"enemies":"Centurion and Healer","floor":22.0,"turns":9.0},{"damage":8.0,"enemies":"Snecko","floor":24.0,"turns":6.0},{"damage":1.0,"enemies":"Cultist and Chosen","floor":27.0,"turns":6.0},{"damage":11.0,"enemies":"Centurion and Healer","floor":29.0,"turns":7.0},{"damage":56.0,"enemies":"Collector","floor":33.0,"turns":14.0},{"damage":19.0,"enemies":"3 Darklings","floor":35.0,"turns":6.0},{"damage":13.0,"enemies":"3 Shapes","floor":36.0,"turns":17.0},{"damage":58,"enemies":"Jaw Worm Horde","floor":39,"turns":6},{"damage":53,"enemies":"Giant Head","floor":40,"turns":8}],"seed_played":"8246475269129362322","potions_obtained":[{"floor":1.0,"key":"Strength Potion"},{"floor":10.0,"key":"PowerPotion"},{"floor":13.0,"key":"Swift Potion"},{"floor":16.0,"key":"Block Potion"},{"floor":21.0,"key":"Weak Potion"},{"floor":22.0,"key":"Ancient Potion"},{"floor":24.0,"key":"Block Potion"},{"floor":39,"key":"Fire Potion"}],"is_trial":false,"path_per_floor":["M","?","M","$","?","R","M","R","T","M","E","$","M","?","R","B",null,"M","M","$","M","M","R","M","T","T","M","R","M","T","$","R","B",null,"M","M","?","?","M","E"],"character_chosen":"IRONCLAD","items_purchased":["Thunderclap","Finesse","Lantern","Metallicize"],"campfire_rested":2,"item_purchase_floors":[4,12,20,31],"current_hp_per_floor":[80,62,68,68,68,68,73,73,73,57,49,49,50,50,50,53,80,68,68,68,19,10,34,32,32,32,37,37,36,36,36,76,42,88,75,74,74,65,25,0],"gold":265,"neow_bonus":"TWO_FIFTY_GOLD","is_prod":false,"is_daily":false,"chose_seed":false,"campfire_upgraded":4,"win_rate":0,"timestamp":1567474461,"path_taken":["M","?","M","$","?","R","M","R","T","M","E","$","M","?","R","BOSS","M","M","$","M","M","R","M","?","T","?","R","M","?","$","R","BOSS","M","M","?","?","?","E"],"build_version":"2019-07-17","purchased_purges":3,"victory":false,"max_hp_per_floor":[80,80,80,80,80,80,80,80,80,80,80,80,80,80,80,80,80,80,80,80,80,80,80,80,80,80,80,80,84,84,84,84,88,88,88,94,94,94,94,94],"card_choices":[{"not_picked":["Uppercut","Searing Blow"],"picked":"Sword Boomerang","floor":1.0},{"not_picked":["Inflame","Headbutt"],"picked":"Spot Weakness","floor":3.0},{"not_picked":["Flame Barrier","Ghostly Armor"],"picked":"Metallicize","floor":7.0},{"not_picked":["Pommel Strike","Wild Strike"],"picked":"Disarm","floor":10.0},{"not_picked":["Inflame","Wild Strike"],"picked":"Fire Breathing","floor":11.0},{"not_picked":["Cleave","Sever Soul"],"picked":"Twin Strike","floor":13.0},{"not_picked":["Reaper","Double Tap"],"picked":"Exhume","floor":16.0},{"not_picked":["Sword Boomerang","Searing Blow"],"picked":"Reckless Charge","floor":18.0},{"not_picked":["Body Slam","Clash"],"picked":"True Grit+1","floor":19.0},{"not_picked":["Cleave","Havoc"],"picked":"Disarm+1","floor":21.0},{"not_picked":["Thunderclap","Carnage"],"picked":"Heavy Blade+1","floor":22.0},{"not_picked":["Havoc","Headbutt","Clothesline"],"picked":"SKIP","floor":24.0},{"not_picked":["Wild Strike","Sword Boomerang"],"picked":"Feed","floor":27.0},{"not_picked":["Body Slam","Armaments"],"picked":"Rage","floor":29.0},{"not_picked":["Berserk","Reaper"],"picked":"Feed","floor":33.0},{"not_picked":["Havoc","Heavy Blade"],"picked":"Rage","floor":35.0},{"not_picked":["Wild Strike","Iron Wave"],"picked":"True Grit+1","floor":36.0},{"not_picked":["Clothesline+1","Pommel Strike"],"picked":"Anger","floor":39}],"player_experience":87427,"relics_obtained":[{"floor":11.0,"key":"Oddly Smooth Stone"},{"floor":25.0,"key":"FossilizedHelix"},{"floor":26.0,"key":"Regal Pillow"},{"floor":30.0,"key":"Meat on the Bone"}],"event_choices":[{"damage_healed":0.0,"max_hp_gain":0.0,"max_hp_loss":0.0,"gold_gain":0.0,"event_name":"Scrap Ooze","player_choice":"Success","floor":2.0,"gold_loss":0.0,"damage_taken":18.0,"relics_obtained":["Kunai"]},{"cards_removed":["Strike_R"],"damage_healed":0.0,"max_hp_gain":0.0,"max_hp_loss":0.0,"gold_gain":0.0,"event_name":"The Cleric","player_choice":"Card Removal","floor":5.0,"gold_loss":50.0,"damage_taken":0.0},{"damage_healed":0.0,"max_hp_gain":0.0,"max_hp_loss":0.0,"gold_gain":0.0,"event_name":"WeMeetAgain","player_choice":"Gave Potion","floor":14.0,"gold_loss":0.0,"damage_taken":0.0,"relics_obtained":["Tiny Chest"]},{"cards_removed":["Sword Boomerang"],"damage_healed":0.0,"max_hp_gain":0.0,"max_hp_loss":0.0,"gold_gain":0.0,"event_name":"Falling","player_choice":"Removed Attack","floor":37.0,"gold_loss":0.0,"damage_taken":0.0},{"damage_healed":0.0,"max_hp_gain":0.0,"max_hp_loss":0.0,"gold_gain":75.0,"event_name":"FaceTrader","player_choice":"Touch","floor":38.0,"gold_loss":0.0,"damage_taken":9.0}],"is_beta":false,"boss_relics":[{"not_picked":["Runic Dome","Orrery"],"picked":"Empty Cage"},{"not_picked":["Pandora\u0027s Box","Coffee Dripper"],"picked":"Cursed Key"}],"items_purged_floors":[4,12,31],"is_endless":false,"potions_floor_spawned":[1,10,13,16,21,22,24,39],"killed_by":"Giant Head","ascension_level":0}