{"gold_per_floor":[119,119,64,78,78,109,122,149,149,165,183,210,210,225,225,225],"floor_reached":16,"playtime":491,"items_purged":[],"score":244,"play_id":"d8e6991d-6586-4c25-8a8e-36136aec47cc","local_time":"20190901175705","is_ascension_mode":true,"campfire_choices":[{"data":"Metallicize","floor":13.0,"key":"SMITH"},{"data":"Limit Break","floor":15,"key":"SMITH"}],"neow_cost":"NONE","seed_source_timestamp":44600725789400,"circlet_count":0,"master_deck":["AscendersBane","Strike_R+1","Strike_R","Strike_R","Strike_R+1","Strike_R","Defend_R","Defend_R","Defend_R","Defend_R","Bash","Twin Strike","Feel No Pain","Anger","Limit Break+1","Metallicize","Metallicize+1"],"special_seed":0,"relics":["Coffee Dripper","Whetstone","Pear","Blood Vial","Art of War"],"potions_floor_usage":[16],"damage_taken":[{"damage":2.0,"enemies":"Jaw Worm","floor":1.0,"turns":4.0},{"damage":5.0,"enemies":"Small Slimes","floor":4.0,"turns":3.0},{"damage":24.0,"enemies":"Lagavulin","floor":6.0,"turns":7.0},{"damage":1.0,"enemies":"Cultist","floor":7.0,"turns":3.0},{"damage":17.0,"enemies":"3 Sentries","floor":8.0,"turns":8.0},{"damage":15.0,"enemies":"Gremlin Gang","floor":10.0,"turns":6.0},{"damage":13.0,"enemies":"3 Louse","floor":11.0,"turns":4.0},{"damage":20.0,"enemies":"Gremlin Nob","floor":12.0,"turns":5.0},{"damage":0.0,"enemies":"Large Slime","floor":14.0,"turns":6.0},{"damage":5,"enemies":"Hexaghost","floor":16,"turns":4}],"seed_played":"632701138591010646","potions_obtained":[{"floor":1.0,"key":"Block Potion"},{"floor":6.0,"key":"AttackPotion"},{"floor":8.0,"key":"Energy Potion"},{"floor":11.0,"key":"Ancient Potion"},{"floor":14.0,"key":"Strength Potion"}],"is_trial":false,"path_per_floor":["M","?","$","M","?","E","M","E","T","M","M","E","R","M","R","B"],"character_chosen":"IRONCLAD","items_purchased":["Fire Potion"],"campfire_rested":0,"item_purchase_floors":[3],"current_hp_per_floor":[66,66,66,61,75,51,50,43,43,30,19,1,1,3,3,0],"gold":225,"neow_bonus":"BOSS_RELIC","is_prod":false,"is_daily":false,"chose_seed":false,"campfire_upgraded":2,"win_rate":0,"timestamp":1567385825,"path_taken":["M","?","$","M","?","E","M","E","T","?","?","E","R","M","R","BOSS"],"build_version":"2019-07-17","purchased_purges":0,"victory":false,"max_hp_per_floor":[75,75,75,75,75,75,75,85,85,85,85,85,85,85,85,85],"card_choices":[{"not_picked":["Infernal Blade","Armaments"],"picked":"Twin Strike","floor":1.0},{"not_picked":["Battle Trance","Twin Strike"],"picked":"Feel No Pain","floor":4.0},{"not_picked":["Battle Trance","Warcry"],"picked":"Anger","floor":6.0},{"not_picked":["Flex","Heavy Blade"],"picked":"Limit Break","floor":7.0},{"not_picked":["Dropkick","Cleave"],"picked":"Metallicize","floor":8.0},{"not_picked":["Headbutt","Anger"],"picked":"Metallicize","floor":10.0},{"not_picked":["Cleave","Havoc","Infernal Blade"],"picked":"SKIP","floor":11.0},{"not_picked":["Searing Blow","Clothesline","Combust"],"picked":"SKIP","floor":12.0},{"not_picked":["Warcry","Combust","Burning Pact"],"picked":"SKIP","floor":14.0}],"player_experience":829664,"relics_obtained":[{"floor":6.0,"key":"Whetstone"},{"floor":8.0,"key":"Pear"},{"floor":9.0,"key":"Blood Vial"},{"floor":12.0,"key":"Art of War"}],"event_choices":[{"damage_healed":0.0,"max_hp_gain":0.0,"max_hp_loss":0.0,"gold_gain":0.0,"event_name":"The Cleric","player_choice":"Leave","floor":2.0,"gold_loss":0.0,"damage_taken":0.0},{"damage_healed":14.0,"max_hp_gain":0.0,"max_hp_loss":0.0,"gold_gain":0.0,"event_name":"Wheel of Change","player_choice":"Full Heal","floor":5.0,"gold_loss":0.0,"damage_taken":0.0}],"is_beta":false,"boss_relics":[],"items_purged_floors":[],"is_endless":false,"potions_floor_spawned":[1,6,8,11,14],"killed_by":"Hexaghost","ascension_level":20}