{"gold_per_floor":[116,116,130,143,161,161,195,207,219,231,261,448,460,487,499,615,627,650,681,296,296,310,310,330,330,378,393,408,428,428,428],"floor_reached":31,"playtime":1266,"items_purged":["Strike_B"],"score":253,"play_id":"76870951-7606-446f-b2b5-fd6d13706448","local_time":"20190101003434","is_ascension_mode":true,"campfire_choices":[{"data":"Streamline","floor":6,"key":"SMITH"},{"data":"Self Repair","floor":8,"key":"SMITH"},{"data":"Redo","floor":10,"key":"SMITH"},{"floor":15,"key":"REST"},{"data":"Hologram","floor":23,"key":"SMITH"},{"data":"Hologram","floor":25,"key":"SMITH"},{"data":"Conserve Battery","floor":30,"key":"SMITH"}],"neow_cost":"NONE","seed_source_timestamp":374866344811342,"circlet_count":0,"master_deck":["Strike_B","Strike_B+1","Strike_B+1","Defend_B","Defend_B","Defend_B","Defend_B","Zap+1","Dualcast","Streamline+1","Ball Lightning","Gash","Redo+1","Self Repair+1","Hologram+1","Go for the Eyes","Thunder Strike","Hologram+1","Conserve Battery+1","Glacier","Ball Lightning","Capacitor","Core Surge","Ball Lightning+1","Barrage+1","Beam Cell","Defragment","Steam"],"relics":["Cracked Core","MawBank","Whetstone","Inserter","Lantern"],"potions_floor_usage":[21,27],"damage_taken":[{"damage":6,"enemies":"Jaw Worm","floor":1,"turns":2},{"damage":0,"enemies":"2 Louse","floor":3,"turns":2},{"damage":3,"enemies":"Small Slimes","floor":4,"turns":2},{"damage":9,"enemies":"2 Fungi Beasts","floor":5,"turns":3},{"damage":31,"enemies":"3 Sentries","floor":7,"turns":6},{"damage":13,"enemies":"Lots of Slimes","floor":11,"turns":3},{"damage":8,"enemies":"Large Slime","floor":14,"turns":5},{"damage":38,"enemies":"Slime Boss","floor":16,"turns":8},{"damage":22,"enemies":"Spheric Guardian","floor":18,"turns":4},{"damage":8,"enemies":"3 Byrds","floor":19,"turns":4},{"damage":31,"enemies":"Cultist and Chosen","floor":22,"turns":6},{"damage":10,"enemies":"Shelled Parasite and Fungi","floor":24,"turns":6},{"damage":22,"enemies":"3 Cultists","floor":27,"turns":5},{"damage":24,"enemies":"Chosen and Byrds","floor":28,"turns":6},{"damage":25,"enemies":"Centurion and Healer","floor":29,"turns":5}],"seed_played":"3054071441240996321","potions_obtained":[{"floor":1,"key":"Poison Potion"},{"floor":5,"key":"FearPotion"},{"floor":16,"key":"Strength Potion"},{"floor":19,"key":"AttackPotion"},{"floor":21,"key":"Fruit Juice"},{"floor":21,"key":"Fire Potion"},{"floor":24,"key":"EntropicBrew"},{"floor":29,"key":"Explosive Potion"}],"is_trial":false,"path_per_floor":["M","?","M","M","M","R","E","R","T","R","M","?","?","M","R","B",null,"M","M","$","?","M","R","M","R","T","M","M","M","R","?"],"character_chosen":"DEFECT","items_purchased":["Glacier","Ball Lightning","Capacitor","Core Surge"],"campfire_rested":1,"item_purchase_floors":[20,20,20,20],"current_hp_per_floor":[69,74,74,71,62,62,31,31,31,31,28,28,21,23,47,19,80,68,70,70,75,54,54,54,54,54,42,28,13,13,0],"gold":428,"neow_bonus":"UPGRADE_CARD","is_prod":false,"is_daily":false,"chose_seed":false,"campfire_upgraded":6,"win_rate":0,"timestamp":1546324474,"path_taken":["M","?","M","M","M","R","E","R","T","R","M","?","?","M","R","BOSS","M","M","$","?","M","R","M","R","T","M","M","?","R","?"],"build_version":"2018-12-20","purchased_purges":1,"victory":false,"max_hp_per_floor":[75,80,80,80,80,80,80,80,80,80,80,80,80,80,80,80,80,80,80,80,85,85,85,85,85,85,85,85,85,85,85],"card_choices":[{"not_picked":["Double Energy","Redo"],"picked":"Streamline","floor":1},{"not_picked":["Scrape","Beam Cell"],"picked":"Ball Lightning","floor":3},{"not_picked":["Seek","Genetic Algorithm"],"picked":"Gash","floor":4},{"not_picked":["Static Discharge","Turbo"],"picked":"Redo","floor":5},{"not_picked":["Aggregate","Lockon"],"picked":"Self Repair","floor":7},{"not_picked":["Sweeping Beam","Auto Shields"],"picked":"Hologram","floor":11},{"not_picked":["Steam","Cold Snap"],"picked":"Go for the Eyes","floor":14},{"not_picked":["Multi-Cast","Echo Form"],"picked":"Thunder Strike","floor":16},{"not_picked":["Cold Snap","Compile Driver+1"],"picked":"Hologram","floor":18},{"not_picked":["Reprogram","Genetic Algorithm"],"picked":"Conserve Battery","floor":19},{"not_picked":["Recycle+1","Compile Driver"],"picked":"Ball Lightning+1","floor":22},{"not_picked":["Blizzard","Reprogram+1"],"picked":"Barrage+1","floor":24},{"not_picked":["Darkness","Stack"],"picked":"Beam Cell","floor":27},{"not_picked":["Beam Cell","Redo"],"picked":"Defragment","floor":28},{"not_picked":["Turbo","Coolheaded"],"picked":"Steam","floor":29}],"player_experience":77675,"relics_obtained":[{"floor":7,"key":"MawBank"},{"floor":9,"key":"Whetstone"},{"floor":26,"key":"Lantern"}],"event_choices":[{"damage_healed":0,"gold_gain":0,"player_choice":"Donut","damage_taken":0,"max_hp_gain":5,"max_hp_loss":0,"event_name":"Big Fish","floor":2,"gold_loss":0},{"damage_healed":0,"gold_gain":175,"player_choice":"AGREE","damage_taken":0,"max_hp_gain":0,"max_hp_loss":0,"event_name":"Liars Game","floor":12,"gold_loss":0,"cards_obtained":["Doubt"]},{"cards_removed":["Doubt"],"damage_healed":0,"gold_gain":0,"player_choice":"Card Removal","damage_taken":7,"max_hp_gain":0,"max_hp_loss":0,"event_name":"Golden Wing","floor":13,"gold_loss":0},{"damage_healed":0,"gold_gain":0,"player_choice":"Got Potions","damage_taken":0,"max_hp_gain":0,"max_hp_loss":0,"event_name":"Lab","floor":21,"gold_loss":0}],"is_beta":false,"boss_relics":[{"not_picked":["Coffee Dripper","Ectoplasm"],"picked":"Inserter"}],"items_purged_floors":[20],"is_endless":false,"potions_floor_spawned":[1,5,16,19,24,29],"ascension_level":1}