{"gold_per_floor":[116,116,116,128,140,166,1,27,53,82,94,1,1,1,1,79,79,94,94,94,94,19,19,19,19,19,19,37,56,68,79,79,79],"floor_reached":33,"playtime":1277,"items_purged":["Strike_R"],"score":526,"play_id":"d13280c2-e3d8-4bb4-b2aa-c3b08dbddfa2","local_time":"20190725121515","is_ascension_mode":true,"campfire_choices":[{"floor":13.0,"key":"REST"},{"data":"Evolve","floor":15.0,"key":"SMITH"},{"data":"Armaments","floor":23,"key":"SMITH"},{"data":"True Grit","floor":25,"key":"SMITH"},{"data":"Ghostly","floor":27,"key":"SMITH"},{"data":"Ghostly","floor":32,"key":"SMITH"}],"neow_cost":"NONE","seed_source_timestamp":708399831587400,"circlet_count":0,"master_deck":["AscendersBane","Strike_R","Strike_R","Strike_R","Strike_R","Defend_R","Defend_R","Defend_R","Defend_R","Bash","Cleave","Twin Strike","Carnage","Fiend Fire","Evolve+1","Flame Barrier","Second Wind","Battle Trance","Anger","Flame Barrier","Offering","True Grit+1","Ghostly+1","Ghostly","Ghostly+1","J.A.X.","Armaments+1","Power Through","Juggernaut","Disarm"],"special_seed":0,"relics":["Burning Blood","NeowsBlessing","Oddly Smooth Stone","Regal Pillow","Dream Catcher","Boot","Potion Belt","Runic Pyramid","Gremlin Horn"],"potions_floor_usage":[33,33],"damage_taken":[{"damage":0.0,"enemies":"Jaw Worm","floor":1.0,"turns":1.0},{"damage":0.0,"enemies":"Cultist","floor":4.0,"turns":1.0},{"damage":0.0,"enemies":"Small Slimes","floor":5.0,"turns":1.0},{"damage":50.0,"enemies":"Lagavulin","floor":6.0,"turns":7.0},{"damage":28.0,"enemies":"3 Sentries","floor":8.0,"turns":7.0},{"damage":9.0,"enemies":"Lagavulin","floor":10.0,"turns":6.0},{"damage":6.0,"enemies":"Exordium Wildlife","floor":11.0,"turns":4.0},{"damage":32.0,"enemies":"Slime Boss","floor":16.0,"turns":6.0},{"damage":24,"enemies":"2 Thieves","floor":18,"turns":4},{"damage":1,"enemies":"Spheric Guardian","floor":28,"turns":4},{"damage":12,"enemies":"Snake Plant","floor":29,"turns":4},{"damage":12,"enemies":"3 Cultists","floor":30,"turns":6},{"damage":10,"enemies":"Shelled Parasite and Fungi","floor":31,"turns":8},{"damage":29,"enemies":"Automaton","floor":33,"turns":10}],"seed_played":"8721243965465330730","potions_obtained":[{"floor":4.0,"key":"Strength Potion"},{"floor":6.0,"key":"Block Potion"},{"floor":29,"key":"EssenceOfSteel"},{"floor":30,"key":"AttackPotion"}],"is_trial":false,"path_per_floor":["M","?","?","M","M","E","$","E","T","E","M","$","R","?","R","B",null,"M","?","?","?","$","R","$","R","T","R","M","M","M","M","R","B"],"character_chosen":"IRONCLAD","items_purchased":["Fiend Fire","Evolve","Battle Trance","Anger"],"campfire_rested":1,"item_purchase_floors":[7,7,12,12],"current_hp_per_floor":[74,79,79,80,80,36,36,14,14,11,11,11,50,50,50,24,66,48,40,40,40,40,40,40,40,40,40,40,34,28,24,24,0],"gold":79,"neow_bonus":"THREE_ENEMY_KILL","is_prod":false,"is_daily":false,"chose_seed":false,"campfire_upgraded":5,"win_rate":0,"timestamp":1564082115,"path_taken":["M","?","?","M","?","E","?","E","T","E","M","$","R","?","R","BOSS","BOSS","M","?","?","?","?","R","$","R","T","R","M","M","?","M","R","BOSS"],"build_version":"2019-07-17","purchased_purges":1,"victory":false,"max_hp_per_floor":[75,80,80,80,80,80,80,80,80,80,80,80,80,80,80,80,80,80,40,40,40,40,40,40,40,40,40,40,40,40,40,40,40],"card_choices":[{"not_picked":["Armaments","Sentinel"],"picked":"Cleave","floor":1.0},{"not_picked":["Flex","Sword Boomerang"],"picked":"Carnage","floor":4.0},{"not_picked":["Pommel Strike","Dropkick","Cleave"],"picked":"SKIP","floor":5.0},{"not_picked":["Cleave","Clash","Infernal Blade"],"picked":"SKIP","floor":6.0},{"not_picked":["Cleave","Clash","Infernal Blade"],"picked":"SKIP","floor":6.0},{"not_picked":["Perfected Strike","Hemokinesis"],"picked":"Flame Barrier","floor":8.0},{"not_picked":["Cleave","Armaments"],"picked":"Second Wind","floor":10.0},{"not_picked":["Infernal Blade","Headbutt","Clothesline"],"picked":"SKIP","floor":11.0},{"not_picked":["Cleave","Pommel Strike"],"picked":"Flame Barrier","floor":13.0},{"not_picked":["Bludgeon","Barricade"],"picked":"Offering","floor":16},{"not_picked":["Iron Wave","Havoc"],"picked":"True Grit","floor":18},{"not_picked":["Warcry","Clash","Dropkick"],"picked":"SKIP","floor":28},{"not_picked":["Iron Wave","Body Slam"],"picked":"Power Through","floor":29},{"not_picked":["Whirlwind","Cleave"],"picked":"Juggernaut","floor":30},{"not_picked":["Havoc","Twin Strike"],"picked":"Disarm","floor":31}],"player_experience":692904,"relics_obtained":[{"floor":6.0,"key":"Oddly Smooth Stone"},{"floor":8.0,"key":"Regal Pillow"},{"floor":9.0,"key":"Dream Catcher"},{"floor":10.0,"key":"Boot"},{"floor":26,"key":"Gremlin Horn"}],"event_choices":[{"damage_healed":0.0,"max_hp_gain":5.0,"max_hp_loss":0.0,"gold_gain":0.0,"event_name":"Big Fish","player_choice":"Donut","floor":2.0,"gold_loss":0.0,"damage_taken":0.0},{"damage_healed":0.0,"max_hp_gain":0.0,"max_hp_loss":0.0,"gold_gain":0.0,"event_name":"Match and Keep!","player_choice":"1 cards matched","floor":3.0,"gold_loss":0.0,"damage_taken":0.0,"cards_obtained":["Twin Strike"]},{"damage_healed":0.0,"max_hp_gain":0.0,"max_hp_loss":0.0,"gold_gain":0.0,"event_name":"Dead Adventurer","player_choice":"Searched \u00271\u0027 times","floor":14.0,"gold_loss":0.0,"damage_taken":0.0,"relics_obtained":["Potion Belt"]},{"damage_healed":0,"gold_gain":0,"player_choice":"Became a Ghost","damage_taken":0,"max_hp_gain":0,"max_hp_loss":40,"event_name":"Ghosts","floor":19,"gold_loss":0,"cards_obtained":["Ghostly","Ghostly","Ghostly"]},{"damage_healed":0,"gold_gain":0,"player_choice":"Obtain J.A.X.","damage_taken":0,"max_hp_gain":0,"max_hp_loss":0,"event_name":"Drug Dealer","floor":20,"gold_loss":0,"cards_obtained":["J.A.X."]},{"damage_healed":0,"gold_gain":0,"player_choice":"Read","damage_taken":0,"max_hp_gain":0,"max_hp_loss":0,"event_name":"The Library","floor":21,"gold_loss":0,"cards_obtained":["Armaments"]}],"is_beta":false,"boss_relics":[{"not_picked":["Ectoplasm","Tiny House"],"picked":"Runic Pyramid"}],"items_purged_floors":[22],"is_endless":false,"potions_floor_spawned":[4,6,8,29,30],"killed_by":"Automaton","ascension_level":20}