{"gold_per_floor":[112,112,130,147,147,181,181,181,181,181,197,214,214,227,227,227],"floor_reached":16,"playtime":774,"items_purged":[],"score":158,"play_id":"5a3c9396-ce81-4107-b673-0c8b8219d6af","local_time":"20181103164639","is_ascension_mode":true,"campfire_choices":[{"floor":7.0,"key":"REST"},{"data":"Spot Weakness","floor":10.0,"key":"SMITH"},{"floor":15.0,"key":"REST"}],"neow_cost":"NONE","seed_source_timestamp":560155028190067,"circlet_count":0,"master_deck":["AscendersBane","Strike_R","Strike_R","Defend_R","Defend_R","Defend_R","Defend_R","Bash","Forethought","Pommel Strike","Disarm","Rupture","Spot Weakness+1","Armaments","Shrug It Off","Pommel Strike"],"special_seed":0,"relics":["Burning Blood","Bottled Lightning","Bag of Preparation"],"potions_floor_usage":[16,16],"damage_taken":[{"damage":1.0,"enemies":"Small Slimes","floor":1.0,"turns":5.0},{"damage":1.0,"enemies":"Cultist","floor":3.0,"turns":3.0},{"damage":8.0,"enemies":"2 Louse","floor":4.0,"turns":4.0},{"damage":50.0,"enemies":"Lagavulin","floor":6.0,"turns":8.0},{"damage":30.0,"enemies":"Gremlin Gang","floor":11.0,"turns":6.0},{"damage":19.0,"enemies":"3 Louse","floor":12.0,"turns":4.0},{"damage":5.0,"enemies":"2 Fungi Beasts","floor":14.0,"turns":3.0},{"damage":47,"enemies":"Slime Boss","floor":16,"turns":7}],"seed_played":"-1201081632641379561","potions_obtained":[{"floor":3.0,"key":"BloodPotion"},{"floor":4.0,"key":"Swift Potion"},{"floor":11.0,"key":"Poison Potion"}],"is_trial":false,"path_per_floor":["M","?","M","M","?","E","R","?","T","R","M","M","?","M","R","B"],"character_chosen":"IRONCLAD","items_purchased":[],"campfire_rested":2,"item_purchase_floors":[],"current_hp_per_floor":[77,77,80,78,71,27,51,51,51,51,27,14,14,15,39,0],"gold":227,"neow_bonus":"RANDOM_COLORLESS","is_prod":false,"is_daily":false,"chose_seed":false,"campfire_upgraded":1,"win_rate":0,"timestamp":1541277999,"path_taken":["M","?","M","?","?","E","R","?","T","R","?","?","?","M","R","BOSS"],"build_version":"2018-11-01","purchased_purges":0,"victory":false,"max_hp_per_floor":[80,80,80,80,80,80,80,80,80,80,80,80,80,80,80,80],"card_choices":[{"not_picked":["Bloodletting","Flex"],"picked":"Pommel Strike","floor":1.0},{"not_picked":["Body Slam","Pommel Strike"],"picked":"Disarm","floor":3.0},{"not_picked":["Battle Trance","Combust"],"picked":"Rupture","floor":4.0},{"not_picked":["Wild Strike","Battle Trance"],"picked":"Spot Weakness","floor":6.0},{"not_picked":["Anger","Wild Strike"],"picked":"Armaments","floor":11.0},{"not_picked":["Clash","Intimidate"],"picked":"Shrug It Off","floor":12.0},{"not_picked":["Searing Blow","Flex"],"picked":"Pommel Strike","floor":14.0}],"player_experience":406225,"relics_obtained":[{"floor":6.0,"key":"Bottled Lightning"},{"floor":9.0,"key":"Bag of Preparation"}],"event_choices":[{"cards_removed":["Strike_R"],"damage_healed":0.0,"max_hp_gain":0.0,"max_hp_loss":0.0,"gold_gain":0.0,"event_name":"Wheel of Change","player_choice":"Card Removal","floor":2.0,"gold_loss":0.0,"damage_taken":0.0},{"cards_removed":["Strike_R"],"damage_healed":0.0,"max_hp_gain":0.0,"max_hp_loss":0.0,"gold_gain":0.0,"event_name":"Golden Wing","player_choice":"Card Removal","floor":5.0,"gold_loss":0.0,"damage_taken":7.0},{"cards_removed":["Strike_R"],"damage_healed":0.0,"max_hp_gain":0.0,"max_hp_loss":0.0,"gold_gain":0.0,"event_name":"Purifier","player_choice":"Purged","floor":8.0,"gold_loss":0.0,"damage_taken":0.0},{"damage_healed":0.0,"max_hp_gain":0.0,"max_hp_loss":0.0,"gold_gain":0.0,"event_name":"Shining Light","player_choice":"Ignored","floor":13.0,"gold_loss":0.0,"damage_taken":0.0}],"is_beta":false,"boss_relics":[],"items_purged_floors":[],"is_endless":false,"potions_floor_spawned":[3,4,11],"killed_by":"Slime Boss","ascension_level":11}