{"gold_per_floor":[118,129,148,148,161,161,177,177,177,177,64,81,81,107,107,202,202,214,139,139,139,28,56,56,66,96,107,107],"floor_reached":28,"playtime":1572,"items_purged":[],"score":370,"play_id":"7b771e12-fd94-4e1c-8684-0a7caa226179","local_time":"20190817223634","is_ascension_mode":true,"campfire_choices":[{"data":"Leap","floor":6.0,"key":"SMITH"},{"data":"Beam Cell","floor":10.0,"key":"SMITH"},{"data":"Bandage Up","floor":13.0,"key":"SMITH"},{"data":"Go for the Eyes","floor":15.0,"key":"SMITH"},{"data":"Buffer","floor":24.0,"key":"SMITH"}],"neow_cost":"NONE","seed_source_timestamp":0,"circlet_count":0,"master_deck":["Strike_B","Strike_B","Strike_B","Defend_B","Defend_B","Defend_B","Zap+1","Dualcast","Leap+1","Sweeping Beam","Beam Cell+1","Rip and Tear","Rebound","Go for the Eyes+1","Bandage Up+1","Capacitor","Buffer+1","RitualDagger","Defragment","Rip and Tear","Hologram","Defragment"],"special_seed":0,"relics":["Cracked Core","NeowsBlessing","Emotion Chip","Singing Bowl","Sozu","Mango","Prayer Wheel","Tiny Chest"],"potions_floor_usage":[27],"damage_taken":[{"damage":0.0,"enemies":"Jaw Worm","floor":1.0,"turns":1.0},{"damage":0.0,"enemies":"Cultist","floor":2.0,"turns":1.0},{"damage":0.0,"enemies":"2 Louse","floor":3.0,"turns":1.0},{"damage":10.0,"enemies":"Lots of Slimes","floor":5.0,"turns":2.0},{"damage":0.0,"enemies":"Looter","floor":7.0,"turns":2.0},{"damage":1.0,"enemies":"Blue Slaver","floor":12.0,"turns":2.0},{"damage":20.0,"enemies":"3 Sentries","floor":14.0,"turns":5.0},{"damage":34.0,"enemies":"The Guardian","floor":16.0,"turns":11.0},{"damage":5.0,"enemies":"3 Byrds","floor":18.0,"turns":4.0},{"damage":34.0,"enemies":"Book of Stabbing","floor":23.0,"turns":5.0},{"damage":1.0,"enemies":"Spheric Guardian","floor":25.0,"turns":3.0},{"damage":32,"enemies":"3 Cultists","floor":27,"turns":6},{"damage":36,"enemies":"Snake Plant","floor":28,"turns":4}],"seed_played":"-66395699415691940","potions_obtained":[{"floor":2.0,"key":"Energy Potion"},{"floor":7.0,"key":"EntropicBrew"},{"floor":14.0,"key":"Explosive Potion"},{"floor":16.0,"key":"EssenceOfSteel"}],"is_trial":false,"path_per_floor":["M","M","M","?","M","R","M","?","T","R","$","M","R","E","R","B",null,"M","?","?","?","$","E","R","M","T","M","M"],"character_chosen":"DEFECT","items_purchased":["Go for the Eyes","Bandage Up","Defragment","Rip and Tear"],"campfire_rested":0,"item_purchase_floors":[11,11,22,22],"current_hp_per_floor":[68,68,68,68,58,58,58,58,58,58,58,57,57,45,45,17,62,65,65,59,73,73,47,47,48,48,24,0],"gold":107,"neow_bonus":"THREE_ENEMY_KILL","is_prod":false,"is_daily":false,"chose_seed":false,"campfire_upgraded":5,"win_rate":0,"timestamp":1566099394,"path_taken":["M","M","M","?","M","R","?","?","T","R","$","?","R","E","R","BOSS","M","?","?","?","$","E","R","M","T","M","M"],"build_version":"2019-07-17","purchased_purges":0,"victory":false,"max_hp_per_floor":[75,75,75,75,75,75,75,75,75,75,75,75,75,77,77,77,77,79,79,79,93,93,95,95,97,97,99,99],"card_choices":[{"not_picked":["Coolheaded","Redo"],"picked":"Leap","floor":1.0},{"not_picked":["Beam Cell","Hologram"],"picked":"Sweeping Beam","floor":2.0},{"not_picked":["Tempest","Electrodynamics"],"picked":"Beam Cell","floor":3.0},{"not_picked":["Redo","Double Energy"],"picked":"Rip and Tear","floor":5.0},{"not_picked":["Streamline","Cold Snap"],"picked":"Rebound","floor":7.0},{"not_picked":["Reprogram","Redo"],"picked":"Capacitor","floor":12.0},{"not_picked":["Rip and Tear","Blizzard","Rebound"],"picked":"Singing Bowl","floor":14.0},{"not_picked":["Hyperbeam","Machine Learning"],"picked":"Buffer","floor":16.0},{"not_picked":["Compile Driver","Conserve Battery","Streamline+1"],"picked":"Singing Bowl","floor":18.0},{"not_picked":["Fusion","Compile Driver","Beam Cell"],"picked":"Singing Bowl","floor":23.0},{"not_picked":["Compile Driver","Blizzard"],"picked":"Hologram","floor":25.0},{"not_picked":["Rebound","Turbo","Sweeping Beam"],"picked":"Singing Bowl","floor":25.0},{"not_picked":["Redo","Compile Driver"],"picked":"Defragment","floor":27},{"not_picked":["Steam+1","Barrage","Scrape+1"],"picked":"Singing Bowl","floor":27}],"player_experience":325822,"relics_obtained":[{"floor":9.0,"key":"Emotion Chip"},{"floor":14.0,"key":"Singing Bowl"},{"floor":23.0,"key":"Prayer Wheel"},{"floor":26.0,"key":"Tiny Chest"}],"event_choices":[{"damage_healed":0.0,"max_hp_gain":0.0,"max_hp_loss":0.0,"gold_gain":0.0,"event_name":"Upgrade Shrine","player_choice":"Upgraded","floor":4.0,"gold_loss":0.0,"damage_taken":0.0,"cards_upgraded":["Zap"]},{"cards_removed":["Strike_B"],"damage_healed":0.0,"max_hp_gain":0.0,"max_hp_loss":0.0,"gold_gain":0.0,"event_name":"Bonfire Elementals","player_choice":"Offered Basic","floor":8.0,"gold_loss":0.0,"damage_taken":0.0},{"cards_removed":["Defend_B"],"damage_healed":0.0,"max_hp_gain":0.0,"max_hp_loss":0.0,"gold_gain":0.0,"event_name":"Beggar","player_choice":"Gave Gold","floor":19.0,"gold_loss":75.0,"damage_taken":0.0},{"damage_healed":0.0,"max_hp_gain":0.0,"max_hp_loss":0.0,"gold_gain":0.0,"event_name":"Nest","player_choice":"Joined the Cult","floor":20.0,"gold_loss":0.0,"damage_taken":6.0,"cards_obtained":["RitualDagger"]},{"damage_healed":0.0,"max_hp_gain":0.0,"max_hp_loss":0.0,"gold_gain":0.0,"event_name":"WeMeetAgain","player_choice":"Gave Potion","floor":21.0,"gold_loss":0.0,"damage_taken":0.0,"relics_obtained":["Mango"]}],"is_beta":false,"boss_relics":[{"not_picked":["Black Star","Tiny House"],"picked":"Sozu"}],"items_purged_floors":[],"is_endless":false,"potions_floor_spawned":[2,7,14,16,25],"killed_by":"Snake Plant","ascension_level":9}