{"gold_per_floor":[115,129,2,77,57,57,4,19,72,87,112,112,112,137,137,214,214,226,238,238,257,42,42,74,74,74,74,91,91,123,138,138,138],"floor_reached":33,"playtime":924,"items_purged":[],"score":586,"play_id":"206e025c-d282-4b27-bc39-cd92e796cd00","local_time":"20190817195150","is_ascension_mode":true,"campfire_choices":[{"data":"Perfected Strike","floor":6,"key":"SMITH"},{"floor":13,"key":"REST"},{"floor":15,"key":"REST"},{"data":"Corruption","floor":23,"key":"SMITH"},{"data":"Perfected Strike","floor":25,"key":"SMITH"},{"data":"Bludgeon","floor":29,"key":"SMITH"},{"floor":32,"key":"REST"}],"neow_cost":"PERCENT_DAMAGE","seed_source_timestamp":1223388554209900,"circlet_count":0,"master_deck":["AscendersBane","Strike_R","Strike_R","Strike_R","Strike_R","Defend_R","Defend_R","Defend_R","Defend_R+1","Bash+1","Impervious","Twin Strike","Shrug It Off","Perfected Strike+1","Battle Trance","Pommel Strike","Thunderclap","Evolve","Pommel Strike","Bludgeon+1","Perfected Strike+1","Shrug It Off","Corruption+1","Shrug It Off","Fiend Fire"],"relics":["Burning Blood","Smiling Mask","Potion Belt","Regal Pillow","Velvet Choker","Strange Spoon","Nunchaku","Vajra","Mummified Hand"],"potions_floor_usage":[14,24,31,33],"damage_taken":[{"damage":2,"enemies":"Cultist","floor":1,"turns":4},{"damage":9,"enemies":"Jaw Worm","floor":2,"turns":4},{"damage":0,"enemies":"2 Louse","floor":8,"turns":2},{"damage":21,"enemies":"Exordium Thugs","floor":10,"turns":4},{"damage":8,"enemies":"Gremlin Nob","floor":11,"turns":4},{"damage":16,"enemies":"Lagavulin","floor":14,"turns":7},{"damage":38,"enemies":"Slime Boss","floor":16,"turns":6},{"damage":3,"enemies":"Spheric Guardian","floor":18,"turns":3},{"damage":0,"enemies":"Chosen","floor":19,"turns":3},{"damage":16,"enemies":"Centurion and Healer","floor":21,"turns":4},{"damage":21,"enemies":"Book of Stabbing","floor":24,"turns":5},{"damage":0,"enemies":"Snecko","floor":28,"turns":3},{"damage":16,"enemies":"Slavers","floor":30,"turns":6},{"damage":20,"enemies":"Cultist and Chosen","floor":31,"turns":5},{"damage":98,"enemies":"Collector","floor":33,"turns":8}],"seed_played":"-9124463557261105048","potions_obtained":[{"floor":1,"key":"Block Potion"},{"floor":2,"key":"SpeedPotion"},{"floor":5,"key":"Energy Potion"},{"floor":14,"key":"GamblersBrew"},{"floor":18,"key":"Fire Potion"},{"floor":21,"key":"Block Potion"},{"floor":24,"key":"Fire Potion"}],"is_trial":false,"path_per_floor":["M","M","$","?","?","R","$","M","T","M","E","?","R","E","R","B",null,"M","M","?","M","$","R","E","R","T","?","M","R","E","M","R","B"],"character_chosen":"IRONCLAD","items_purchased":["Perfected Strike","Battle Trance","Pommel Strike","Strange Spoon"],"campfire_rested":3,"item_purchase_floors":[3,3,7,22],"current_hp_per_floor":[54,51,51,40,40,40,40,46,46,31,29,6,28,18,55,23,62,65,71,71,61,61,61,46,46,46,46,52,52,42,28,65,0],"gold":138,"neow_bonus":"THREE_RARE_CARDS","is_prod":false,"is_daily":false,"chose_seed":false,"campfire_upgraded":4,"win_rate":0,"timestamp":1566096710,"path_taken":["M","M","$","?","?","R","$","?","T","M","E","?","R","E","R","BOSS","M","M","?","M","$","R","E","R","T","?","?","R","E","M","R","BOSS"],"build_version":"2019-07-17","purchased_purges":0,"victory":false,"max_hp_per_floor":[75,75,75,75,75,75,75,75,75,75,75,75,75,75,75,75,75,75,75,75,75,75,75,75,75,75,75,75,75,75,75,75,75],"card_choices":[{"not_picked":["Limit Break","Double Tap"],"picked":"Impervious","floor":0},{"not_picked":["Burning Pact","Reckless Charge"],"picked":"Twin Strike","floor":1},{"not_picked":["Warcry","Searing Blow"],"picked":"Shrug It Off","floor":2},{"not_picked":["Pummel","Clothesline"],"picked":"Thunderclap","floor":8},{"not_picked":["Second Wind","Anger"],"picked":"Evolve","floor":10},{"not_picked":["Flex","Hemokinesis"],"picked":"Pommel Strike","floor":11},{"not_picked":["Clash","Sword Boomerang","Reckless Charge"],"picked":"SKIP","floor":14},{"not_picked":["Feed","Dark Embrace"],"picked":"Bludgeon","floor":16},{"not_picked":["Rupture","True Grit"],"picked":"Perfected Strike","floor":18},{"not_picked":["Uppercut","Warcry"],"picked":"Shrug It Off","floor":19},{"not_picked":["Whirlwind","Havoc"],"picked":"Corruption","floor":21},{"not_picked":["Warcry","Bludgeon"],"picked":"Shrug It Off","floor":24},{"not_picked":["Corruption","Infernal Blade","Cleave"],"picked":"SKIP","floor":28},{"not_picked":["Seeing Red","Sever Soul"],"picked":"Fiend Fire","floor":30},{"not_picked":["Evolve","Sword Boomerang","Wild Strike"],"picked":"SKIP","floor":31}],"player_experience":801150,"relics_obtained":[{"floor":9,"key":"Smiling Mask"},{"floor":11,"key":"Potion Belt"},{"floor":14,"key":"Regal Pillow"},{"floor":24,"key":"Nunchaku"},{"floor":26,"key":"Vajra"},{"floor":30,"key":"Mummified Hand"}],"event_choices":[{"damage_healed":0,"gold_gain":75,"player_choice":"Gather Gold","damage_taken":11,"max_hp_gain":0,"max_hp_loss":0,"event_name":"World of Goop","floor":4,"gold_loss":0},{"damage_healed":0,"gold_gain":0,"player_choice":"Bought 1 Potion","damage_taken":0,"max_hp_gain":0,"max_hp_loss":0,"event_name":"The Woman in Blue","floor":5,"gold_loss":0},{"damage_healed":0,"gold_gain":0,"player_choice":"Entered Light","damage_taken":23,"max_hp_gain":0,"max_hp_loss":0,"event_name":"Shining Light","floor":12,"gold_loss":0,"cards_upgraded":["Defend_R","Bash"]},{"damage_healed":0,"gold_gain":0,"player_choice":"Ignored","damage_taken":0,"max_hp_gain":0,"max_hp_loss":0,"event_name":"Vampires","floor":20,"gold_loss":0},{"cards_removed":["Strike_R"],"damage_healed":0,"gold_gain":0,"player_choice":"Purged","damage_taken":0,"max_hp_gain":0,"max_hp_loss":0,"event_name":"Purifier","floor":27,"gold_loss":0}],"is_beta":false,"boss_relics":[{"not_picked":["Calling Bell","Lizard Tail"],"picked":"Velvet Choker"}],"items_purged_floors":[],"is_endless":false,"potions_floor_spawned":[1,2,14,18,21,24],"killed_by":"Collector","ascension_level":20}