{"gold_per_floor":[211,211,240,252,278,290,334,346,384,396,408,433,487,195,195,195],"floor_reached":16,"playtime":389,"items_purged":["Strike_R"],"score":216,"play_id":"c96f4a78-a44c-4527-8861-594c45206b9e","local_time":"20190729165310","is_ascension_mode":true,"campfire_choices":[{"data":"Twin Strike","floor":6.0,"key":"SMITH"},{"data":"Uppercut","floor":11.0,"key":"SMITH"},{"data":"Whirlwind","floor":15,"key":"SMITH"}],"neow_cost":"NONE","seed_source_timestamp":1071571151437399,"circlet_count":0,"master_deck":["AscendersBane","Strike_R","Strike_R","Strike_R","Strike_R","Defend_R","Defend_R","Defend_R","Defend_R","Bash","Twin Strike+1","Clothesline","Uppercut+1","Inflame+1","True Grit","Corruption+1","Whirlwind+1"],"special_seed":0,"relics":["Burning Blood","MawBank","Frozen Egg 2","Potion Belt","Pen Nib","Mummified Hand","Unceasing Top"],"potions_floor_usage":[16,16],"damage_taken":[{"damage":16.0,"enemies":"Small Slimes","floor":1.0,"turns":5.0},{"damage":1.0,"enemies":"Cultist","floor":3.0,"turns":4.0},{"damage":7.0,"enemies":"2 Louse","floor":5.0,"turns":3.0},{"damage":30.0,"enemies":"Gremlin Nob","floor":7.0,"turns":4.0},{"damage":7.0,"enemies":"Blue Slaver","floor":12.0,"turns":3.0},{"damage":20.0,"enemies":"3 Sentries","floor":13.0,"turns":5.0},{"damage":19,"enemies":"Slime Boss","floor":16,"turns":6}],"seed_played":"-2049352425734968925","potions_obtained":[{"floor":3.0,"key":"Fire Potion"},{"floor":5.0,"key":"AttackPotion"}],"is_trial":false,"path_per_floor":["M","?","M","?","M","R","E","?","T","T","R","M","E","$","R","B"],"character_chosen":"IRONCLAD","items_purchased":["Corruption+1","Whirlwind","PowerPotion"],"campfire_rested":0,"item_purchase_floors":[14,14,14],"current_hp_per_floor":[58,58,63,63,62,62,38,33,33,33,33,32,18,18,18,0],"gold":195,"neow_bonus":"HUNDRED_GOLD","is_prod":false,"is_daily":false,"chose_seed":false,"campfire_upgraded":3,"win_rate":0,"timestamp":1564444390,"path_taken":["M","?","?","?","M","R","E","?","T","?","R","M","E","$","R","BOSS"],"build_version":"2019-07-17","purchased_purges":1,"victory":false,"max_hp_per_floor":[75,75,75,75,75,75,75,75,75,75,75,75,75,75,75,75],"card_choices":[{"not_picked":["Sword Boomerang","Seeing Red"],"picked":"Twin Strike","floor":1.0},{"not_picked":["Sentinel","Clash"],"picked":"Clothesline","floor":3.0},{"not_picked":["Wild Strike","Rupture","Second Wind"],"picked":"SKIP","floor":5.0},{"not_picked":["Clash","Limit Break"],"picked":"Uppercut","floor":7.0},{"not_picked":["Corruption+1","Thunderclap"],"picked":"Inflame+1","floor":12.0},{"not_picked":["Wild Strike","Anger"],"picked":"True Grit","floor":13}],"player_experience":721457,"relics_obtained":[{"floor":2.0,"key":"MawBank"},{"floor":7.0,"key":"Frozen Egg 2"},{"floor":9.0,"key":"Pen Nib"},{"floor":10.0,"key":"Mummified Hand"},{"floor":13,"key":"Unceasing Top"}],"event_choices":[{"damage_healed":0.0,"max_hp_gain":0.0,"max_hp_loss":0.0,"gold_gain":0.0,"event_name":"Wheel of Change","player_choice":"Relic","floor":2.0,"gold_loss":0.0,"damage_taken":0.0},{"damage_healed":0.0,"max_hp_gain":0.0,"max_hp_loss":0.0,"gold_gain":0.0,"event_name":"Liars Game","player_choice":"Ignored","floor":4.0,"gold_loss":0.0,"damage_taken":0.0},{"damage_healed":0.0,"max_hp_gain":0.0,"max_hp_loss":0.0,"gold_gain":0.0,"event_name":"Scrap Ooze","player_choice":"Success","floor":8.0,"gold_loss":0.0,"damage_taken":5.0,"relics_obtained":["Potion Belt"]}],"is_beta":false,"boss_relics":[],"items_purged_floors":[14],"is_endless":false,"potions_floor_spawned":[3,5,7],"killed_by":"Slime Boss","ascension_level":20}