{"gold_per_floor":[111,128,139,153,153,182,182,192,218,218,58,58,68,80,80,185,185,199,199,299,319,319,347,347,359,383,400,110,110,110,110],"floor_reached":31,"playtime":1203,"items_purged":["Strike_B","Strike_B"],"score":270,"play_id":"03936454-e0f4-40b1-bb61-882f4d007732","local_time":"20190617165813","is_ascension_mode":true,"campfire_choices":[{"data":"Conserve Battery","floor":7.0,"key":"SMITH"},{"data":"Go for the Eyes","floor":10.0,"key":"SMITH"},{"data":"Zap","floor":12.0,"key":"SMITH"},{"data":"Reinforced Body","floor":15.0,"key":"SMITH"},{"floor":24.0,"key":"REST"},{"data":"Creative AI","floor":30.0,"key":"SMITH"}],"neow_cost":"NONE","seed_source_timestamp":10589692660886,"circlet_count":0,"master_deck":["Defend_B","Defend_B","Defend_B","Defend_B","Zap+1","Dualcast","Go for the Eyes+1","Gash","Ball Lightning","Conserve Battery+1","Echo Form","Gash","Ball Lightning","Reinforced Body+1","Cold Snap","Capacitor","Multi-Cast","Creative AI+1","Coolheaded+1","Conserve Battery","Redo+1","Self Repair","Self Repair"],"special_seed":0,"relics":["Cracked Core","Boot","Bag of Marbles","Sozu","Sundial","Art of War","Omamori","Blood Vial","Centennial Puzzle"],"potions_floor_usage":[],"damage_taken":[{"damage":3.0,"enemies":"Jaw Worm","floor":1.0,"turns":4.0},{"damage":0.0,"enemies":"Cultist","floor":2.0,"turns":3.0},{"damage":0.0,"enemies":"2 Louse","floor":3.0,"turns":2.0},{"damage":16.0,"enemies":"Large Slime","floor":4.0,"turns":4.0},{"damage":9.0,"enemies":"3 Sentries","floor":6.0,"turns":7.0},{"damage":21.0,"enemies":"Lots of Slimes","floor":8.0,"turns":3.0},{"damage":14.0,"enemies":"Exordium Thugs","floor":13.0,"turns":5.0},{"damage":0.0,"enemies":"Exordium Wildlife","floor":14.0,"turns":1.0},{"damage":4.0,"enemies":"Hexaghost","floor":16.0,"turns":8.0},{"damage":21.0,"enemies":"Spheric Guardian","floor":18.0,"turns":4.0},{"damage":13.0,"enemies":"Shell Parasite","floor":21.0,"turns":7.0},{"damage":34.0,"enemies":"Slavers","floor":23.0,"turns":6.0},{"damage":4.0,"enemies":"Centurion and Healer","floor":25.0,"turns":7.0},{"damage":20.0,"enemies":"Snake Plant","floor":27.0,"turns":5.0},{"damage":10,"enemies":"Colosseum Slavers","floor":31,"turns":4}],"seed_played":"6175352696697641896","potions_obtained":[{"floor":3.0,"key":"Strength Potion"},{"floor":4.0,"key":"Regen Potion"},{"floor":16.0,"key":"SteroidPotion"}],"is_trial":false,"path_per_floor":["M","M","M","M","?","E","R","M","T","R","$","R","M","M","R","B",null,"M","?","?","M","T","E","R","M","T","M","$","?","R","?"],"character_chosen":"DEFECT","items_purchased":["Ball Lightning","Reinforced Body","Self Repair","Blood Vial"],"campfire_rested":1,"item_purchase_floors":[11,11,28,28],"current_hp_per_floor":[72,72,72,56,56,62,62,41,41,41,41,41,27,27,27,23,75,54,54,54,41,41,7,29,25,25,5,5,5,5,0],"gold":110,"neow_bonus":"REMOVE_CARD","is_prod":false,"is_daily":false,"chose_seed":false,"campfire_upgraded":5,"win_rate":0,"timestamp":1560815893,"path_taken":["M","M","M","M","?","E","R","M","T","R","?","R","?","M","R","BOSS","M","?","?","?","?","E","R","M","T","M","$","?","R","?"],"build_version":"2019-01-23","purchased_purges":2,"victory":false,"max_hp_per_floor":[75,75,75,75,75,75,75,75,75,75,75,75,75,75,75,75,75,75,75,75,75,75,75,75,75,75,75,75,75,75,75],"card_choices":[{"not_picked":["Steam","Hello World"],"picked":"Go for the Eyes","floor":1.0},{"not_picked":["Skim","Force Field"],"picked":"Gash","floor":2.0},{"not_picked":["FTL","Consume"],"picked":"Ball Lightning","floor":3.0},{"not_picked":["Undo","Sweeping Beam"],"picked":"Conserve Battery","floor":4.0},{"not_picked":["Conserve Battery","Cold Snap"],"picked":"Echo Form","floor":6.0},{"not_picked":["Sweeping Beam","Melter"],"picked":"Gash","floor":8.0},{"not_picked":["Darkness","Beam Cell"],"picked":"Cold Snap","floor":13.0},{"not_picked":["Loop","Skim"],"picked":"Capacitor","floor":14.0},{"not_picked":["Biased Cognition","Fission"],"picked":"Multi-Cast","floor":16.0},{"not_picked":["Turbo+1","Redo","Sweeping Beam"],"picked":"SKIP","floor":18.0},{"not_picked":["Redo","Turbo"],"picked":"Coolheaded+1","floor":21.0},{"not_picked":["Gash","All For One"],"picked":"Conserve Battery","floor":23.0},{"not_picked":["Recycle+1","Streamline"],"picked":"Redo+1","floor":25.0},{"not_picked":["Lockon","Reinforced Body"],"picked":"Self Repair","floor":27.0}],"player_experience":334408,"relics_obtained":[{"floor":6.0,"key":"Boot"},{"floor":9.0,"key":"Bag of Marbles"},{"floor":22.0,"key":"Sundial"},{"floor":23.0,"key":"Art of War"},{"floor":26.0,"key":"Omamori"}],"event_choices":[{"cards_removed":["Strike_B"],"damage_healed":0.0,"max_hp_gain":0.0,"max_hp_loss":0.0,"gold_gain":0.0,"event_name":"Bonfire Elementals","player_choice":"Offered Basic","floor":5.0,"gold_loss":0.0,"damage_taken":0.0},{"damage_healed":0.0,"max_hp_gain":0.0,"max_hp_loss":0.0,"gold_gain":0.0,"event_name":"The Library","player_choice":"Read","floor":19.0,"gold_loss":0.0,"damage_taken":0.0,"cards_obtained":["Creative AI"]},{"damage_healed":0.0,"max_hp_gain":0.0,"max_hp_loss":0.0,"gold_gain":100.0,"event_name":"Golden Shrine","player_choice":"Pray","floor":20.0,"gold_loss":0.0,"damage_taken":0.0},{"damage_healed":0.0,"max_hp_gain":0.0,"max_hp_loss":0.0,"gold_gain":0.0,"event_name":"Addict","player_choice":"Stole Relic","floor":29.0,"gold_loss":0.0,"damage_taken":0.0,"relics_obtained":["Centennial Puzzle"],"cards_obtained":["Shame"]},{"damage_healed":0,"gold_gain":0,"player_choice":"Fight","damage_taken":0,"max_hp_gain":0,"max_hp_loss":0,"event_name":"Colosseum","floor":31,"gold_loss":0}],"is_beta":false,"boss_relics":[{"not_picked":["Astrolabe","Tiny House"],"picked":"Sozu"}],"items_purged_floors":[11,28],"is_endless":false,"potions_floor_spawned":[3,4,16,18],"killed_by":"Colosseum Slavers","ascension_level":1}