{"gold_per_floor":[117,137,137,153,166,166,201,201,201,201,228,228,3,15,15,112,112,128,128,53,53,69,69,96,96,122,122,122],"floor_reached":28,"playtime":1247,"items_purged":[],"score":244,"play_id":"517d0fb5-8433-4446-8e38-340bbcfed11c","local_time":"20190802125930","is_ascension_mode":false,"campfire_choices":[{"data":"Consume","floor":6,"key":"SMITH"},{"floor":8,"key":"REST"},{"floor":15,"key":"REST"},{"floor":23,"key":"REST"},{"floor":25,"key":"REST"}],"neow_cost":"NONE","seed_source_timestamp":239697715739151,"circlet_count":0,"master_deck":["Strike_B+1","Strike_B","Strike_B","Defend_B","Defend_B","Defend_B","Defend_B","Zap+1","Dualcast","Barrage","Consume+1","Ball Lightning","Compile Driver","Capacitor","Doom and Gloom","Darkness","Electrodynamics","Loop","Blizzard","Multi-Cast"],"relics":["Cracked Core","Ornamental Fan","Calipers","Torii","CultistMask","Nuclear Battery","Pen Nib","Vajra"],"potions_floor_usage":[],"damage_taken":[{"damage":6,"enemies":"2 Louse","floor":1,"turns":2},{"damage":5,"enemies":"Cultist","floor":2,"turns":4},{"damage":2,"enemies":"Small Slimes","floor":4,"turns":4},{"damage":10,"enemies":"Exordium Thugs","floor":5,"turns":4},{"damage":12,"enemies":"3 Sentries","floor":7,"turns":5},{"damage":18,"enemies":"Gremlin Nob","floor":11,"turns":3},{"damage":6,"enemies":"3 Louse","floor":14,"turns":2},{"damage":30,"enemies":"Hexaghost","floor":16,"turns":9},{"damage":15,"enemies":"3 Byrds","floor":18,"turns":3},{"damage":21,"enemies":"Spheric Guardian","floor":22,"turns":4},{"damage":51,"enemies":"Book of Stabbing","floor":24,"turns":5},{"damage":22,"enemies":"Colosseum Slavers","floor":27,"turns":4},{"damage":12,"enemies":"3 Cultists","floor":28,"turns":2}],"seed_played":"3618500346883639679","potions_obtained":[{"floor":2,"key":"AttackPotion"},{"floor":7,"key":"Poison Potion"},{"floor":11,"key":"Weak Potion"}],"is_trial":false,"path_per_floor":["M","M","?","M","M","R","E","R","T","?","E","?","$","M","R","B",null,"M","?","?","?","M","R","E","R","T","?","M"],"character_chosen":"DEFECT","items_purchased":["Capacitor","Doom and Gloom","Darkness"],"campfire_rested":4,"item_purchase_floors":[13,13,13],"current_hp_per_floor":[69,64,64,62,52,52,40,62,62,47,29,29,29,23,45,15,75,60,60,60,60,39,61,10,32,32,10,0],"gold":122,"neow_bonus":"UPGRADE_CARD","is_prod":false,"is_daily":false,"chose_seed":false,"campfire_upgraded":1,"win_rate":0.0,"timestamp":1564768770,"path_taken":["M","M","?","M","?","R","E","R","T","?","E","?","$","?","R","BOSS","M","?","?","?","?","R","E","R","T","?","M"],"build_version":"2019-07-17","purchased_purges":0,"victory":false,"max_hp_per_floor":[75,75,75,75,75,75,75,75,75,75,75,75,75,75,75,75,75,75,75,75,75,75,75,75,75,75,75,75],"card_choices":[{"not_picked":["Beam Cell","Turbo"],"picked":"Barrage","floor":1},{"not_picked":["Stack","Sunder"],"picked":"Consume","floor":2},{"not_picked":["FTL","Barrage"],"picked":"Ball Lightning","floor":4},{"not_picked":["Go for the Eyes","Stack"],"picked":"Compile Driver","floor":5},{"not_picked":["Turbo","Conserve Battery","Reprogram"],"picked":"SKIP","floor":7},{"not_picked":["Creative AI","Sweeping Beam","Reinforced Body"],"picked":"SKIP","floor":11},{"not_picked":["Steam Power","Force Field","Undo"],"picked":"SKIP","floor":14},{"not_picked":["Thunder Strike","Multi-Cast"],"picked":"Electrodynamics","floor":16},{"not_picked":["Hologram","Go for the Eyes","Gash"],"picked":"SKIP","floor":18},{"not_picked":["Self Repair","Auto Shields"],"picked":"Blizzard","floor":22},{"not_picked":["Rip and Tear","Stack"],"picked":"Multi-Cast","floor":24}],"player_experience":23154,"relics_obtained":[{"floor":7,"key":"Ornamental Fan"},{"floor":9,"key":"Calipers"},{"floor":11,"key":"Torii"},{"floor":24,"key":"Pen Nib"},{"floor":26,"key":"Vajra"}],"event_choices":[{"damage_healed":0,"gold_gain":0,"player_choice":"Ignored","damage_taken":0,"max_hp_gain":0,"max_hp_loss":0,"event_name":"NoteForYourself","floor":3,"gold_loss":0},{"damage_healed":0,"gold_gain":0,"player_choice":"Entered Light","damage_taken":15,"max_hp_gain":0,"max_hp_loss":0,"event_name":"Shining Light","floor":10,"gold_loss":0,"cards_upgraded":["Strike_B","Strike_B"]},{"damage_healed":0,"gold_gain":0,"player_choice":"Trade","damage_taken":0,"relics_obtained":["CultistMask"],"max_hp_gain":0,"max_hp_loss":0,"event_name":"FaceTrader","floor":12,"gold_loss":0},{"damage_healed":0,"gold_gain":0,"player_choice":"Read","damage_taken":0,"max_hp_gain":0,"max_hp_loss":0,"event_name":"The Library","floor":19,"gold_loss":0,"cards_obtained":["Loop"]},{"cards_removed":["Strike_B"],"damage_healed":0,"gold_gain":0,"player_choice":"Gave Gold","damage_taken":0,"max_hp_gain":0,"max_hp_loss":0,"event_name":"Beggar","floor":20,"gold_loss":75},{"damage_healed":0,"gold_gain":0,"player_choice":"Bought 0 Potions","damage_taken":0,"max_hp_gain":0,"max_hp_loss":0,"event_name":"The Woman in Blue","floor":21,"gold_loss":0},{"damage_healed":0,"gold_gain":0,"player_choice":"Fight","damage_taken":0,"max_hp_gain":0,"max_hp_loss":0,"event_name":"Colosseum","floor":27,"gold_loss":0},{"damage_healed":0,"gold_gain":0,"player_choice":"Fled From Nobs","damage_taken":0,"max_hp_gain":0,"max_hp_loss":0,"event_name":"Colosseum","floor":27,"gold_loss":0}],"is_beta":false,"boss_relics":[{"not_picked":["Astrolabe","Lizard Tail"],"picked":"Nuclear Battery"}],"items_purged_floors":[],"is_endless":false,"potions_floor_spawned":[2,7,11,27],"killed_by":"3 Cultists","ascension_level":0}