{"gold_per_floor":[111,18,28,42,42,71,82,101,101,101,120,120,120,131,131,234,234,249,232,19,33,33,33,50,50],"floor_reached":25,"playtime":1236,"items_purged":["Strike_R"],"score":232,"play_id":"25301c26-7179-469d-aa19-c8295982736b","local_time":"20190908214043","is_ascension_mode":false,"campfire_choices":[{"data":"Armaments","floor":10,"key":"SMITH"},{"data":"Evolve","floor":12,"key":"SMITH"},{"floor":15,"key":"REST"},{"floor":23,"key":"REST"}],"neow_cost":"NONE","seed_source_timestamp":1324273519100,"circlet_count":0,"master_deck":["Strike_R","Strike_R","Strike_R","Defend_R","Defend_R","Defend_R","Defend_R","Bash","Feed","Twin Strike","Armaments+1","Sword Boomerang","Seeing Red","Inflame","Ghostly Armor","Flex","Body Slam","Evolve+1","Whirlwind","Barricade","Warcry","Intimidate","Wild Strike","Wild Strike","Heavy Blade","Sentinel","Offering","Corruption","Metallicize","Impervious"],"relics":["Burning Blood","StoneCalendar","Dodecahedron","Orrery"],"potions_floor_usage":[16,19],"damage_taken":[{"damage":5,"enemies":"Cultist","floor":1,"turns":4},{"damage":8,"enemies":"Jaw Worm","floor":3,"turns":4},{"damage":0,"enemies":"2 Louse","floor":4,"turns":2},{"damage":27,"enemies":"Gremlin Nob","floor":6,"turns":4},{"damage":12,"enemies":"Exordium Thugs","floor":7,"turns":6},{"damage":7,"enemies":"3 Louse","floor":8,"turns":3},{"damage":2,"enemies":"Blue Slaver","floor":11,"turns":4},{"damage":10,"enemies":"Looter","floor":14,"turns":3},{"damage":43,"enemies":"Hexaghost","floor":16,"turns":8},{"damage":55,"enemies":"Spheric Guardian","floor":18,"turns":6},{"damage":20,"enemies":"2 Thieves","floor":19,"turns":4},{"damage":27,"enemies":"Snecko","floor":21,"turns":7},{"damage":30,"enemies":"Cultist and Chosen","floor":24,"turns":8},{"damage":19,"enemies":"Slavers","floor":25,"turns":1}],"seed_played":"6471192856798674769","potions_obtained":[{"floor":6,"key":"SpeedPotion"},{"floor":7,"key":"GamblersBrew"},{"floor":11,"key":"Ancient Potion"},{"floor":14,"key":"SteroidPotion"},{"floor":18,"key":"Explosive Potion"},{"floor":22,"key":"PowerPotion"}],"is_trial":false,"path_per_floor":["M","$","M","M","$","E","M","M","T","R","M","R","?","M","R","B",null,"M","M","$","M","?","R","M","E"],"character_chosen":"IRONCLAD","items_purchased":["Armaments","Sword Boomerang","Offering","Corruption"],"campfire_rested":2,"item_purchase_floors":[2,2,20,20],"current_hp_per_floor":[83,83,84,86,86,68,62,64,64,64,68,68,68,64,91,58,96,47,33,33,12,12,40,16,0],"gold":50,"neow_bonus":"TRANSFORM_CARD","is_prod":false,"is_daily":false,"chose_seed":false,"campfire_upgraded":2,"win_rate":0,"timestamp":1567950043,"path_taken":["M","$","?","M","$","E","M","?","T","R","M","R","?","?","R","BOSS","M","M","$","M","?","R","?","E"],"build_version":"2019-07-17","purchased_purges":1,"victory":false,"max_hp_per_floor":[83,83,86,86,86,89,89,92,92,92,92,92,92,92,92,96,96,96,96,96,96,96,96,96,96],"card_choices":[{"not_picked":["Perfected Strike","Thunderclap"],"picked":"Twin Strike","floor":1},{"not_picked":["Wild Strike","Reckless Charge"],"picked":"Seeing Red","floor":3},{"not_picked":["Anger","Combust"],"picked":"Inflame","floor":4},{"not_picked":["Headbutt","Pommel Strike"],"picked":"Ghostly Armor","floor":6},{"not_picked":["Shrug It Off","Corruption"],"picked":"Flex","floor":7},{"not_picked":["Anger","True Grit"],"picked":"Body Slam","floor":8},{"not_picked":["Rage","Iron Wave"],"picked":"Evolve","floor":11},{"not_picked":["Anger","Havoc"],"picked":"Whirlwind","floor":14},{"not_picked":["Impervious","Fiend Fire"],"picked":"Barricade","floor":16},{"not_picked":["Perfected Strike","Pommel Strike"],"picked":"Warcry","floor":17},{"not_picked":["Pommel Strike","Battle Trance"],"picked":"Intimidate","floor":17},{"not_picked":["Carnage","Thunderclap"],"picked":"Wild Strike","floor":17},{"not_picked":["Dropkick","Warcry"],"picked":"Wild Strike","floor":17},{"not_picked":["Uppercut","Body Slam"],"picked":"Heavy Blade","floor":17},{"not_picked":["Anger","Carnage"],"picked":"Sentinel","floor":18},{"not_picked":["Warcry","Headbutt","Clothesline"],"picked":"SKIP","floor":19},{"not_picked":["Rupture","Uppercut+1"],"picked":"Metallicize","floor":21},{"not_picked":["Perfected Strike","Wild Strike"],"picked":"Impervious","floor":24}],"player_experience":334878,"relics_obtained":[{"floor":6,"key":"StoneCalendar"},{"floor":9,"key":"Dodecahedron"}],"event_choices":[{"damage_healed":0,"gold_gain":0,"player_choice":"Bought 0 Potions","damage_taken":0,"max_hp_gain":0,"max_hp_loss":0,"event_name":"The Woman in Blue","floor":13,"gold_loss":0},{"damage_healed":0,"gold_gain":0,"player_choice":"Got Potions","damage_taken":0,"max_hp_gain":0,"max_hp_loss":0,"event_name":"Lab","floor":22,"gold_loss":0}],"is_beta":false,"boss_relics":[{"not_picked":["Busted Crown","Calling Bell"],"picked":"Orrery"}],"items_purged_floors":[20],"is_endless":false,"potions_floor_spawned":[6,7,11,14,18],"killed_by":"Slavers","ascension_level":0}