{"gold_per_floor":[116,116,216,9,26,26,45,45,45,45,80,92,122,191,203,310,322,344,356,387,412,0,0,17,17,90,90,105,123,38,38,38,38],"floor_reached":33,"playtime":2051,"items_purged":["Strike_R"],"score":257,"play_id":"70fe2e63-db79-401b-8cbc-d7113182dbf2","local_time":"20190823130303","is_ascension_mode":true,"campfire_choices":[{"floor":6,"key":"RECALL"},{"data":"Metallicize","floor":8,"key":"SMITH"},{"data":"Headbutt","floor":12,"key":"SMITH"},{"data":"Anger","floor":15,"key":"SMITH"},{"data":"Pommel Strike","floor":23,"key":"SMITH"},{"data":"Sentinel","floor":25,"key":"SMITH"},{"data":"Reaper","floor":32,"key":"SMITH"}],"neow_cost":"NONE","seed_source_timestamp":90579759969500,"circlet_count":0,"master_deck":["Strike_R","Strike_R","Strike_R+1","Strike_R","Defend_R","Defend_R","Defend_R","Defend_R","Bash+1","Metallicize+1","Armaments","Anger+1","Headbutt+1","Pommel Strike+1","Reaper+1","Havoc","Sentinel+1","Fire Breathing+1","Ghostly Armor+1","Entrench+1","Warcry+1"],"relics":["Burning Blood","Blood Vial","Toolbox","MawBank","Coffee Dripper","Ancient Tea Set","Chemical X","Toxic Egg 2","Pen Nib"],"potions_floor_usage":[16,33,33],"damage_taken":[{"damage":5,"enemies":"Jaw Worm","floor":1,"turns":5},{"damage":1,"enemies":"Small Slimes","floor":5,"turns":4},{"damage":0,"enemies":"Cultist","floor":7,"turns":3},{"damage":12,"enemies":"Gremlin Nob","floor":11,"turns":4},{"damage":15,"enemies":"Exordium Thugs","floor":13,"turns":6},{"damage":37,"enemies":"Hexaghost","floor":16,"turns":8},{"damage":22,"enemies":"3 Byrds","floor":18,"turns":6},{"damage":13,"enemies":"Spheric Guardian","floor":20,"turns":4},{"damage":28,"enemies":"Snecko","floor":21,"turns":5},{"damage":19,"enemies":"Shelled Parasite and Fungi","floor":24,"turns":7},{"damage":41,"enemies":"Cultist and Chosen","floor":28,"turns":7},{"damage":18,"enemies":"Snecko","floor":29,"turns":6},{"damage":39,"enemies":"Collector","floor":33,"turns":5}],"seed_played":"1867370554429160123","potions_obtained":[{"floor":1,"key":"Poison Potion"},{"floor":11,"key":"Swift Potion"},{"floor":16,"key":"SpeedPotion"},{"floor":18,"key":"SkillPotion"},{"floor":29,"key":"FairyPotion"}],"is_trial":false,"path_per_floor":["M","?","?","$","M","R","M","R","T","$","E","R","M","?","R","B",null,"M","?","M","M","$","R","M","R","T","$","M","M","?","?","R","B"],"character_chosen":"IRONCLAD","items_purchased":["Toolbox","Ancient Tea Set","Chemical X"],"campfire_rested":0,"item_purchase_floors":[4,22,22],"current_hp_per_floor":[80,64,64,64,71,71,79,79,79,79,74,74,67,67,67,38,80,69,69,64,44,44,44,39,39,39,39,14,10,10,10,10,0],"gold":38,"neow_bonus":"RANDOM_COMMON_RELIC","is_prod":false,"is_daily":false,"chose_seed":false,"campfire_upgraded":6,"win_rate":0,"timestamp":1566583383,"path_taken":["M","?","?","$","M","R","?","R","T","?","E","R","?","?","R","BOSS","M","?","M","M","$","R","M","R","T","$","M","?","?","?","R","BOSS"],"build_version":"2019-07-17","purchased_purges":1,"victory":false,"max_hp_per_floor":[80,80,80,80,80,80,80,80,80,80,80,80,80,80,80,80,80,80,80,80,80,80,80,80,80,80,80,80,80,80,80,80,80],"card_choices":[{"not_picked":["Reckless Charge","Flex"],"picked":"Metallicize","floor":1},{"not_picked":["Heavy Blade","Sever Soul"],"picked":"Armaments","floor":5},{"not_picked":["Fire Breathing","Thunderclap"],"picked":"Anger","floor":7},{"not_picked":["Clash","Anger"],"picked":"Headbutt","floor":11},{"not_picked":["Sword Boomerang","Limit Break"],"picked":"Pommel Strike","floor":13},{"not_picked":["Berserk","Barricade"],"picked":"Reaper","floor":16},{"not_picked":["Heavy Blade","Thunderclap+1"],"picked":"Havoc","floor":18},{"not_picked":["Perfected Strike","Feel No Pain"],"picked":"Sentinel","floor":20},{"not_picked":["Clothesline","Limit Break"],"picked":"Fire Breathing+1","floor":21},{"not_picked":["Rupture","Anger"],"picked":"Ghostly Armor+1","floor":24},{"not_picked":["Anger","Intimidate+1"],"picked":"Entrench+1","floor":28},{"not_picked":["Wild Strike","True Grit+1"],"picked":"Warcry+1","floor":29}],"player_experience":192989,"relics_obtained":[{"floor":11,"key":"MawBank"},{"floor":26,"key":"Toxic Egg 2"}],"event_choices":[{"damage_healed":0,"gold_gain":0,"player_choice":"Entered Light","damage_taken":16,"max_hp_gain":0,"max_hp_loss":0,"event_name":"Shining Light","floor":2,"gold_loss":0,"cards_upgraded":["Bash","Strike_R"]},{"damage_healed":0,"gold_gain":100,"player_choice":"Gold","damage_taken":0,"max_hp_gain":0,"max_hp_loss":0,"event_name":"Wheel of Change","floor":3,"gold_loss":0},{"damage_healed":0,"gold_gain":57,"player_choice":"Gained Gold","damage_taken":0,"max_hp_gain":0,"max_hp_loss":0,"event_name":"Golden Wing","floor":14,"gold_loss":0},{"damage_healed":0,"gold_gain":0,"player_choice":"Got Potions","damage_taken":0,"max_hp_gain":0,"max_hp_loss":0,"event_name":"Lab","floor":19,"gold_loss":0},{"damage_healed":0,"gold_gain":0,"player_choice":"Obtained Relic","damage_taken":0,"relics_obtained":["Pen Nib"],"max_hp_gain":0,"max_hp_loss":0,"event_name":"Addict","floor":30,"gold_loss":85},{"damage_healed":0,"gold_gain":0,"player_choice":"Ignored","damage_taken":0,"max_hp_gain":0,"max_hp_loss":0,"event_name":"Cursed Tome","floor":31,"gold_loss":0}],"is_beta":false,"boss_relics":[{"not_picked":["Mark of Pain","Runic Cube"],"picked":"Coffee Dripper"}],"items_purged_floors":[22],"is_endless":false,"potions_floor_spawned":[1,11,16,18,21,29],"killed_by":"Collector","ascension_level":1}