{"gold_per_floor":[118,131,148,165,184,184,216,216,216,216,249,276,301,318,318,417,417,431,451,139,152,169,204,204,204,204,204,54,84,99,132,132,231,231,248,248,259,84,49,49,62,62,62,97,23,52,70,31,31,31],"floor_reached":51,"playtime":2829,"items_purged":["Strike_B","FTL","Zap"],"score":1056,"play_id":"46368b47-195f-40c8-8b73-20de1137f61d","local_time":"20190617202808","is_ascension_mode":true,"campfire_choices":[{"data":"Go for the Eyes","floor":6,"key":"SMITH"},{"data":"Defragment","floor":8,"key":"SMITH"},{"floor":15,"key":"REST"},{"data":"Sunder","floor":24,"key":"SMITH"},{"data":"Sunder","floor":27,"key":"SMITH"},{"data":"Sunder","floor":32,"key":"SMITH"},{"data":"Buffer","floor":40,"key":"SMITH"},{"data":"Sunder","floor":42,"key":"SMITH"},{"data":"Meteor Strike","floor":49,"key":"SMITH"}],"neow_cost":"TEN_PERCENT_HP_LOSS","seed_source_timestamp":13640185718418,"circlet_count":0,"master_deck":["Dualcast","Stack","Go for the Eyes","Cold Snap","Sunder+1","Go for the Eyes+1","Defragment+1","Glacier+1","Conserve Battery+1","Chaos+1","Coolheaded+1","Meteor Strike","Hologram+1","Cold Snap","Sunder+1","Glacier+1","Ball Lightning+1","Machine Learning","Cold Snap","Barrage","Cold Snap","Conserve Battery+1","Leap+1","Sunder+1","Buffer+1","Machine Learning","Mind Blast","Rebound+1","Coolheaded+1","Sunder+1","Skim+1","Meteor Strike+1","Tempest+1","Hologram+1","Defragment+1"],"special_seed":0,"relics":["Cracked Core","Toxic Egg 2","Symbiotic Virus","Darkstone Periapt","Odd Mushroom","Bottled Tornado","Snecko Eye","DollysMirror","Vajra","Bottled Lightning","Blood Vial","Bag of Marbles","Empty Cage","Frozen Egg 2","Boot","Peace Pipe"],"potions_floor_usage":[7,29,33,50,50],"damage_taken":[{"damage":5.0,"enemies":"Jaw Worm","floor":1.0,"turns":4.0},{"damage":0.0,"enemies":"Small Slimes","floor":2.0,"turns":3.0},{"damage":3.0,"enemies":"2 Louse","floor":3.0,"turns":3.0},{"damage":3,"enemies":"Large Slime","floor":4,"turns":4},{"damage":15,"enemies":"Exordium Thugs","floor":5,"turns":5},{"damage":13,"enemies":"Lagavulin","floor":7,"turns":5},{"damage":5,"enemies":"3 Sentries","floor":11,"turns":4},{"damage":0,"enemies":"The Mushroom Lair","floor":12,"turns":3},{"damage":6,"enemies":"Lagavulin","floor":13,"turns":6},{"damage":0,"enemies":"Exordium Wildlife","floor":14,"turns":3},{"damage":6,"enemies":"The Guardian","floor":16,"turns":10},{"damage":3,"enemies":"Shell Parasite","floor":18,"turns":3},{"damage":0,"enemies":"Spheric Guardian","floor":19,"turns":4},{"damage":20,"enemies":"Snake Plant","floor":21,"turns":3},{"damage":6,"enemies":"Cultist and Chosen","floor":22,"turns":3},{"damage":0,"enemies":"Gremlin Leader","floor":23,"turns":5},{"damage":10,"enemies":"Book of Stabbing","floor":29,"turns":7},{"damage":0,"enemies":"Shelled Parasite and Fungi","floor":30,"turns":3},{"damage":9,"enemies":"Slavers","floor":31,"turns":3},{"damage":0,"enemies":"Collector","floor":33,"turns":9},{"damage":0,"enemies":"Orb Walker","floor":35,"turns":1},{"damage":1,"enemies":"3 Darklings","floor":37,"turns":2},{"damage":6,"enemies":"Sphere and 2 Shapes","floor":41,"turns":3},{"damage":0,"enemies":"Giant Head","floor":44,"turns":5},{"damage":0,"enemies":"Reptomancer","floor":46,"turns":3},{"damage":0,"enemies":"Writhing Mass","floor":47,"turns":4},{"damage":0,"enemies":"Donu and Deca","floor":50,"turns":6}],"seed_played":"27659440712212102","potions_obtained":[{"floor":2.0,"key":"Ancient Potion"},{"floor":3.0,"key":"SpeedPotion"},{"floor":5,"key":"FocusPotion"},{"floor":14,"key":"FearPotion"},{"floor":22,"key":"EssenceOfSteel"},{"floor":23,"key":"Regen Potion"},{"floor":30,"key":"SkillPotion"},{"floor":37,"key":"SpeedPotion"}],"is_trial":false,"path_per_floor":["M","M","M","M","M","R","E","R","T","?","E","?","E","M","R","B",null,"M","M","$","M","M","E","R","?","T","R","$","E","M","E","R","B",null,"M","?","M","$","$","R","M","R","T","E","$","E","M","$","R","B",null],"character_chosen":"DEFECT","items_purchased":["Sunder","DollysMirror","Conserve Battery+1","Coolheaded+1","Sunder","Meteor Strike","Defragment+1"],"campfire_rested":1,"item_purchase_floors":[20,20,28,38,39,45,48],"current_hp_per_floor":[63,63,60,57,42,42,29,29,29,29,24,24,18,18,38,32,68,65,65,65,45,39,39,39,39,39,39,39,44,46,39,39,41,68,68,68,67,67,67,67,62,62,62,64,64,66,68,68,68,68],"gold":31,"neow_bonus":"TRANSFORM_TWO_CARDS","is_prod":false,"is_daily":false,"chose_seed":false,"campfire_upgraded":8,"win_rate":0,"timestamp":1560828488,"path_taken":["M","M","M","M","M","R","E","R","T","?","E","?","E","M","R","BOSS","M","M","$","M","M","E","R","?","T","R","$","E","M","E","R","BOSS","M","?","M","?","$","R","M","R","T","E","$","E","M","?","R","BOSS"],"build_version":"2019-01-23","purchased_purges":3,"victory":true,"max_hp_per_floor":[68,68,68,68,68,68,68,68,68,68,68,68,68,68,68,68,68,68,68,68,68,68,68,68,68,68,68,68,68,68,68,68,68,68,68,68,68,68,68,68,68,68,68,68,68,68,68,68,68,68],"card_choices":[{"not_picked":["Compile Driver","Sweeping Beam"],"picked":"Go for the Eyes","floor":1.0},{"not_picked":["Blizzard","Force Field","Reprogram"],"picked":"SKIP","floor":2.0},{"not_picked":["FTL","Redo"],"picked":"Cold Snap","floor":3.0},{"not_picked":["Blizzard","Stack"],"picked":"Sunder","floor":4},{"not_picked":["Redo","Barrage"],"picked":"Go for the Eyes","floor":5},{"not_picked":["Beam Cell","Lockon"],"picked":"Defragment","floor":7},{"not_picked":["Stack+1","Hyperbeam"],"picked":"Glacier+1","floor":11},{"not_picked":["Heatsinks","Barrage"],"picked":"Conserve Battery+1","floor":12},{"not_picked":["Sunder","Compile Driver"],"picked":"Chaos+1","floor":13},{"not_picked":["Darkness+1","Leap+1"],"picked":"Coolheaded+1","floor":14},{"not_picked":["Amplify+1","Hyperbeam"],"picked":"Meteor Strike","floor":16},{"not_picked":["Sweeping Beam+1","White Noise+1"],"picked":"Hologram+1","floor":18},{"not_picked":["Compile Driver","Static Discharge+1"],"picked":"Cold Snap","floor":19},{"not_picked":["Beam Cell","Static Discharge"],"picked":"Ball Lightning+1","floor":21},{"not_picked":["Ball Lightning","Beam Cell+1"],"picked":"Machine Learning","floor":22},{"not_picked":["Reprogram+1","BootSequence+1"],"picked":"Cold Snap","floor":23},{"not_picked":["Go for the Eyes","Beam Cell"],"picked":"Leap+1","floor":29},{"not_picked":["Reprogram+1","Chill+1","Go for the Eyes"],"picked":"SKIP","floor":30},{"not_picked":["Rip and Tear","Fusion+1"],"picked":"Sunder","floor":31},{"not_picked":["Hyperbeam","Amplify+1"],"picked":"Buffer","floor":33},{"not_picked":["Redo+1","BootSequence+1","Hello World+1"],"picked":"SKIP","floor":35},{"not_picked":["Auto Shields+1","Gash+1"],"picked":"Rebound+1","floor":37},{"not_picked":["Loop+1","Genetic Algorithm+1"],"picked":"Skim+1","floor":41},{"not_picked":["Scrape","Redo+1","Barrage+1"],"picked":"SKIP","floor":44},{"not_picked":["Go for the Eyes+1","Amplify+1"],"picked":"Tempest+1","floor":46},{"not_picked":["Lockon","Stack+1"],"picked":"Hologram+1","floor":47}],"player_experience":336668,"relics_obtained":[{"floor":7,"key":"Toxic Egg 2"},{"floor":9,"key":"Symbiotic Virus"},{"floor":11,"key":"Darkstone Periapt"},{"floor":12,"key":"Odd Mushroom"},{"floor":13,"key":"Bottled Tornado"},{"floor":23,"key":"Vajra"},{"floor":26,"key":"Bottled Lightning"},{"floor":29,"key":"Blood Vial"},{"floor":31,"key":"Bag of Marbles"},{"floor":43,"key":"Frozen Egg 2"},{"floor":44,"key":"Boot"},{"floor":46,"key":"Peace Pipe"}],"event_choices":[{"cards_removed":["Strike_B"],"damage_healed":0,"gold_gain":0,"player_choice":"Forget","damage_taken":0,"max_hp_gain":0,"max_hp_loss":0,"event_name":"Living Wall","floor":10,"gold_loss":0},{"damage_healed":0,"gold_gain":0,"player_choice":"Fought Mushrooms","damage_taken":0,"max_hp_gain":0,"max_hp_loss":0,"event_name":"Mushrooms","floor":12,"gold_loss":0},{"damage_healed":0,"gold_gain":0,"cards_transformed":["Strike_B","Defend_B"],"player_choice":"Became Test Subject","damage_taken":0,"max_hp_gain":0,"max_hp_loss":0,"event_name":"Drug Dealer","floor":25,"gold_loss":0,"cards_obtained":["Barrage","Cold Snap"]},{"damage_healed":0,"gold_gain":0,"player_choice":"2 cards matched","damage_taken":0,"max_hp_gain":0,"max_hp_loss":0,"event_name":"Match and Keep!","floor":36,"gold_loss":0,"cards_obtained":["Machine Learning","Mind Blast"]}],"is_beta":false,"boss_relics":[{"not_picked":["Ectoplasm","White Beast Statue"],"picked":"Snecko Eye"},{"not_picked":["Inserter","Runic Dome"],"picked":"Empty Cage"}],"items_purged_floors":[20,28,38],"is_endless":false,"potions_floor_spawned":[2,3,5,14,22,23,30,31,37,47],"ascension_level":1}