{"gold_per_floor":[118,43,58,133,46,46,74,100,112,124,147,173,204,251,263,372,384,411,522,534,563,319,353,371,371,371,371],"floor_reached":27,"playtime":1057,"items_purged":["Normality","Strike_B"],"score":306,"play_id":"c1671afe-84bf-4084-ad81-29c28e148d51","local_time":"20190617171602","is_ascension_mode":true,"campfire_choices":[{"data":"Defragment","floor":6,"key":"SMITH"},{"data":"Zap","floor":15,"key":"SMITH"},{"data":"Go for the Eyes","floor":25,"key":"SMITH"}],"neow_cost":"CURSE","seed_source_timestamp":11881909267898,"circlet_count":0,"master_deck":["Strike_B","Defend_B","Defend_B","Defend_B","Defend_B","Zap+1","Dualcast","Electrodynamics","Compile Driver","Go for the Eyes+1","Defragment+1","Go for the Eyes","White Noise","Conserve Battery","Leap","Echo Form","Multi-Cast","Coolheaded","Leap","Cold Snap","Reinforced Body","Leap","Scrape","Stack+1"],"relics":["Cracked Core","Gremlin Horn","MawBank","Darkstone Periapt","Symbiotic Virus","Eternal Feather","Question Card","Meat on the Bone"],"potions_floor_usage":[14,23,27],"damage_taken":[{"damage":1,"enemies":"Cultist","floor":1,"turns":3},{"damage":2,"enemies":"2 Louse","floor":3,"turns":2},{"damage":9,"enemies":"3 Sentries","floor":7,"turns":3},{"damage":0,"enemies":"Jaw Worm","floor":11,"turns":4},{"damage":0,"enemies":"Large Slime","floor":12,"turns":4},{"damage":2,"enemies":"Blue Slaver","floor":13,"turns":4},{"damage":15,"enemies":"Lagavulin","floor":14,"turns":4},{"damage":0,"enemies":"Slime Boss","floor":16,"turns":4},{"damage":1,"enemies":"Chosen","floor":18,"turns":4},{"damage":2,"enemies":"Shell Parasite","floor":21,"turns":6},{"damage":10,"enemies":"Book of Stabbing","floor":23,"turns":10},{"damage":49,"enemies":"3 Cultists","floor":24,"turns":8},{"damage":29,"enemies":"Slavers","floor":27,"turns":3}],"seed_played":"-9109209550527624123","potions_obtained":[{"floor":1,"key":"Poison Potion"},{"floor":3,"key":"Energy Potion"},{"floor":14,"key":"Block Potion"},{"floor":21,"key":"GamblersBrew"}],"is_trial":false,"path_per_floor":["M","$","M","?","$","R","E","T","T","?","M","M","M","E","R","B",null,"M","?","?","M","$","E","M","R","T","E"],"character_chosen":"DEFECT","items_purchased":["Defragment","Go for the Eyes","Cold Snap","Reinforced Body","Leap"],"campfire_rested":0,"item_purchase_floors":[5,5,22,22,22],"current_hp_per_floor":[74,74,72,61,61,61,52,52,52,45,45,45,43,28,28,28,75,74,74,74,72,72,62,13,25,25,0],"gold":371,"neow_bonus":"THREE_RARE_CARDS","is_prod":false,"is_daily":false,"chose_seed":false,"campfire_upgraded":3,"win_rate":0,"timestamp":1560816962,"path_taken":["M","$","?","?","$","R","E","?","T","?","?","M","M","E","R","BOSS","M","?","?","M","$","E","M","R","T","E"],"build_version":"2019-01-23","purchased_purges":2,"victory":false,"max_hp_per_floor":[75,75,75,75,75,75,75,75,75,75,75,75,75,75,75,75,75,75,75,75,75,75,75,75,75,75,75],"card_choices":[{"not_picked":["Core Surge","Amplify"],"picked":"Electrodynamics","floor":0},{"not_picked":["Redo","Coolheaded"],"picked":"Compile Driver","floor":1},{"not_picked":["Turbo","Barrage"],"picked":"Go for the Eyes","floor":3},{"not_picked":["Go for the Eyes","FTL"],"picked":"White Noise","floor":7},{"not_picked":["Stack","Scrape"],"picked":"Conserve Battery","floor":11},{"not_picked":["Ball Lightning","Buffer"],"picked":"Leap","floor":12},{"not_picked":["Redo","Blizzard","Force Field"],"picked":"SKIP","floor":13},{"not_picked":["Rip and Tear","Streamline"],"picked":"Echo Form","floor":14},{"not_picked":["Rainbow","Biased Cognition"],"picked":"Multi-Cast","floor":16},{"not_picked":["Gash+1","Barrage"],"picked":"Coolheaded","floor":18},{"not_picked":["FTL+1","Beam Cell"],"picked":"Leap","floor":21},{"not_picked":["Coolheaded","Rebound"],"picked":"Scrape","floor":23},{"not_picked":["Compile Driver","Rebound","Aggregate"],"picked":"Stack+1","floor":24}],"player_experience":335611,"relics_obtained":[{"floor":7,"key":"Gremlin Horn"},{"floor":8,"key":"MawBank"},{"floor":9,"key":"Darkstone Periapt"},{"floor":14,"key":"Symbiotic Virus"},{"floor":23,"key":"Question Card"},{"floor":26,"key":"Meat on the Bone"}],"event_choices":[{"damage_healed":0,"gold_gain":75,"player_choice":"Gather Gold","damage_taken":11,"max_hp_gain":0,"max_hp_loss":0,"event_name":"World of Goop","floor":4,"gold_loss":0},{"cards_removed":["Strike_B"],"damage_healed":0,"gold_gain":0,"player_choice":"Card Removal","damage_taken":7,"max_hp_gain":0,"max_hp_loss":0,"event_name":"Golden Wing","floor":10,"gold_loss":0},{"damage_healed":0,"gold_gain":99,"player_choice":"Stole From Cult","damage_taken":0,"max_hp_gain":0,"max_hp_loss":0,"event_name":"Nest","floor":19,"gold_loss":0},{"cards_removed":["Strike_B"],"damage_healed":0,"gold_gain":0,"player_choice":"Elegance","damage_taken":0,"max_hp_gain":0,"max_hp_loss":0,"event_name":"Back to Basics","floor":20,"gold_loss":0}],"is_beta":false,"boss_relics":[{"not_picked":["White Beast Statue","Ectoplasm"],"picked":"Eternal Feather"}],"items_purged_floors":[2,22],"is_endless":false,"potions_floor_spawned":[1,3,14,21],"killed_by":"Slavers","ascension_level":1}