{"gold_per_floor":[114,114,39,55,1,33,33,66,66,66,78,78,95,122,122,199,199,154,154,154,63,63,63,74,74,121,140,35,35],"floor_reached":29,"playtime":1359,"items_purged":["Pain","Strike_R+1"],"score":528,"play_id":"d2954e70-4a84-4ed1-b099-8e7fdf0a4be3","local_time":"20190704021110","is_ascension_mode":true,"campfire_choices":[{"data":"Bash","floor":7,"key":"SMITH"},{"data":"Disarm","floor":10,"key":"SMITH"},{"floor":15,"key":"DIG"},{"floor":23,"key":"REST"},{"floor":25,"key":"DIG"}],"neow_cost":"NONE","seed_source_timestamp":658710912274900,"circlet_count":0,"master_deck":["AscendersBane","Strike_R+1","Strike_R+1","Strike_R+1","Strike_R+1","Defend_R+1","Defend_R+1","Defend_R+1","Defend_R+1","Bash+1","Cleave","Disarm+1","Cleave","Twin Strike","Battle Trance","Juggernaut","Sword Boomerang+1","Barricade","Anger+1","Necronomicurse","Feel No Pain","Shrug It Off","Disarm+1","Clothesline+1","True Grit"],"special_seed":0,"relics":["Burning Blood","NeowsBlessing","WarpedTongs","Paper Frog","Oddly Smooth Stone","Molten Egg 2","Shovel","Lantern","Black Star","Necronomicon","Pantograph","Smiling Mask"],"potions_floor_usage":[18],"damage_taken":[{"damage":0.0,"enemies":"Jaw Worm","floor":1.0,"turns":1.0},{"damage":0,"enemies":"Cultist","floor":4,"turns":1},{"damage":0,"enemies":"Lagavulin","floor":6,"turns":2},{"damage":23,"enemies":"3 Sentries","floor":8,"turns":7},{"damage":5,"enemies":"2 Louse","floor":11,"turns":3},{"damage":3,"enemies":"2 Fungi Beasts","floor":13,"turns":3},{"damage":10,"enemies":"Lagavulin","floor":14,"turns":6},{"damage":15,"enemies":"The Guardian","floor":16,"turns":10},{"damage":44,"enemies":"2 Thieves","floor":18,"turns":5},{"damage":14,"enemies":"Shell Parasite","floor":24,"turns":4},{"damage":17,"enemies":"Snecko","floor":27,"turns":5},{"damage":20,"enemies":"Chosen and Byrds","floor":29,"turns":7}],"seed_played":"5393806173991976734","potions_obtained":[{"floor":1.0,"key":"Swift Potion"},{"floor":4,"key":"AttackPotion"},{"floor":8,"key":"PowerPotion"},{"floor":24,"key":"LiquidBronze"}],"is_trial":false,"path_per_floor":["M","?","$","M","$","E","R","E","T","R","M","?","M","E","R","B",null,"M","?","?","$","?","R","M","R","T","M","$","M"],"character_chosen":"IRONCLAD","items_purchased":["Cleave","Feel No Pain","Shrug It Off","True Grit"],"campfire_rested":1,"item_purchase_floors":[5,21,21,28],"current_hp_per_floor":[74,74,74,75,75,75,75,58,58,58,59,64,67,63,63,54,74,36,36,15,15,15,39,31,31,31,20,20,0],"gold":35,"neow_bonus":"THREE_ENEMY_KILL","is_prod":false,"is_daily":false,"chose_seed":false,"campfire_upgraded":2,"win_rate":0,"timestamp":1562231470,"path_taken":["M","?","?","M","$","E","R","E","T","R","M","?","M","E","R","BOSS","M","?","?","$","?","R","M","R","T","M","?","?"],"build_version":"2019-07-01","purchased_purges":2,"victory":false,"max_hp_per_floor":[75,75,75,75,75,75,75,75,75,75,75,80,80,80,80,80,80,80,80,80,80,80,80,80,80,80,80,80,80],"card_choices":[{"not_picked":["Seeing Red","Heavy Blade"],"picked":"Cleave","floor":1.0},{"not_picked":["Iron Wave","Second Wind"],"picked":"Disarm","floor":4},{"not_picked":["Iron Wave","Metallicize"],"picked":"Twin Strike","floor":6},{"not_picked":["Intimidate","Dropkick","Rage"],"picked":"SKIP","floor":8},{"not_picked":["Armaments","Iron Wave+1"],"picked":"Battle Trance","floor":11},{"not_picked":["Hemokinesis+1","Wild Strike+1"],"picked":"Juggernaut","floor":13},{"not_picked":["Seeing Red","Twin Strike+1"],"picked":"Sword Boomerang+1","floor":14},{"not_picked":["Reaper+1","Limit Break"],"picked":"Barricade","floor":16},{"not_picked":["Armaments","Clothesline+1"],"picked":"Anger+1","floor":18},{"not_picked":["Armaments","Battle Trance"],"picked":"Disarm+1","floor":24},{"not_picked":["Armaments","Pommel Strike+1"],"picked":"Clothesline+1","floor":27}],"player_experience":646052,"relics_obtained":[{"floor":6,"key":"Paper Frog"},{"floor":8,"key":"Oddly Smooth Stone"},{"floor":9,"key":"Molten Egg 2"},{"floor":14,"key":"Shovel"},{"floor":15,"key":"Lantern"},{"floor":20,"key":"Necronomicon"},{"floor":25,"key":"Pantograph"},{"floor":26,"key":"Smiling Mask"}],"event_choices":[{"damage_healed":0.0,"max_hp_gain":0.0,"max_hp_loss":0.0,"gold_gain":0.0,"event_name":"Accursed Blacksmith","player_choice":"Rummage","floor":2.0,"gold_loss":0.0,"damage_taken":0.0,"relics_obtained":["WarpedTongs"],"cards_obtained":["Pain"]},{"damage_healed":0,"gold_gain":0,"player_choice":"Donut","damage_taken":0,"max_hp_gain":5,"max_hp_loss":0,"event_name":"Big Fish","floor":12,"gold_loss":0},{"damage_healed":0,"gold_gain":0,"player_choice":"Simplicity","damage_taken":0,"max_hp_gain":0,"max_hp_loss":0,"event_name":"Back to Basics","floor":19,"gold_loss":0,"cards_upgraded":["Strike_R","Strike_R","Strike_R","Strike_R","Strike_R","Defend_R","Defend_R","Defend_R","Defend_R"]},{"damage_healed":0,"gold_gain":0,"player_choice":"Obtained Book","damage_taken":21,"max_hp_gain":0,"max_hp_loss":0,"event_name":"Cursed Tome","floor":20,"gold_loss":0}],"is_beta":false,"boss_relics":[{"not_picked":["Busted Crown","Lizard Tail"],"picked":"Black Star"}],"items_purged_floors":[3,28],"is_endless":false,"potions_floor_spawned":[1,4,8,13,24],"killed_by":"Chosen and Byrds","ascension_level":20}