{"gold_per_floor":[109,109,125,200,200,200,225,225,225,235,247,247,0,34,34,105,105,120,300,151,170,170],"floor_reached":22,"playtime":615,"items_purged":["Defend_R"],"score":346,"play_id":"37b809f2-cbd7-49b5-b891-7184de014196","local_time":"20181223044145","is_ascension_mode":true,"campfire_choices":[{"data":"Bloodletting","floor":6,"key":"SMITH"},{"floor":8,"key":"REST"},{"data":"Perfected Strike","floor":12,"key":"SMITH"},{"floor":15,"key":"REST"}],"neow_cost":"NONE","seed_source_timestamp":134575673988100,"circlet_count":0,"master_deck":["AscendersBane","Strike_R","Strike_R","Strike_R","Strike_R","Strike_R","Defend_R","Defend_R","Defend_R","Bash","Perfected Strike+1","Bloodletting+1","Perfected Strike+1","Pommel Strike","Shrug It Off","Uppercut","Shrug It Off","Cleave+1"],"special_seed":0,"relics":["Burning Blood","Orichalcum","Art of War","Gambling Chip","Membership Card","Happy Flower","White Beast Statue","Strawberry"],"potions_floor_usage":[18],"damage_taken":[{"damage":11.0,"enemies":"2 Louse","floor":1.0,"turns":4.0},{"damage":0.0,"enemies":"Cultist","floor":3.0,"turns":2.0},{"damage":30,"enemies":"Gremlin Nob","floor":7,"turns":4},{"damage":7,"enemies":"Small Slimes","floor":10,"turns":3},{"damage":16,"enemies":"Exordium Wildlife","floor":11,"turns":5},{"damage":31,"enemies":"Lagavulin","floor":14,"turns":4},{"damage":37,"enemies":"Slime Boss","floor":16,"turns":10},{"damage":13,"enemies":"3 Byrds","floor":18,"turns":5},{"damage":14,"enemies":"2 Thieves","floor":21,"turns":4},{"damage":34,"enemies":"Snecko","floor":22,"turns":4}],"seed_played":"-1129947914138724831","potions_obtained":[{"floor":14,"key":"AttackPotion"},{"floor":18,"key":"BloodPotion"},{"floor":21,"key":"LiquidBronze"}],"is_trial":false,"path_per_floor":["M","?","M","?","?","R","E","R","T","M","M","R","$","E","R","B",null,"M","?","$","M","M"],"character_chosen":"IRONCLAD","items_purchased":["Membership Card","Pommel Strike","Strawberry","Shrug It Off"],"campfire_rested":2,"item_purchase_floors":[13,13,20,20],"current_hp_per_floor":[63,63,69,58,58,58,34,56,56,55,45,45,45,20,42,11,59,52,31,38,30,0],"gold":170,"neow_bonus":"RANDOM_COMMON_RELIC","is_prod":false,"is_daily":false,"chose_seed":false,"campfire_upgraded":2,"win_rate":0,"timestamp":1545568905,"path_taken":["M","?","?","?","?","R","E","R","T","M","M","R","$","E","R","BOSS","M","?","$","?","M"],"build_version":"2018-12-20","purchased_purges":1,"victory":false,"max_hp_per_floor":[75,75,75,75,75,75,75,75,75,75,75,75,75,75,75,75,75,75,75,82,82,82],"card_choices":[{"not_picked":["Twin Strike","True Grit"],"picked":"Perfected Strike","floor":1.0},{"not_picked":["Warcry","Body Slam","Sword Boomerang"],"picked":"SKIP","floor":3.0},{"not_picked":["Fire Breathing","Disarm","Havoc"],"picked":"SKIP","floor":7},{"not_picked":["Disarm","Iron Wave","Flex"],"picked":"SKIP","floor":10},{"not_picked":["Anger","Iron Wave"],"picked":"Perfected Strike","floor":11},{"not_picked":["Flex","Clash"],"picked":"Shrug It Off","floor":14},{"not_picked":["Dual Wield","Anger+1"],"picked":"Uppercut","floor":18},{"not_picked":["Heavy Blade+1","Body Slam"],"picked":"Cleave+1","floor":21}],"player_experience":178897,"relics_obtained":[{"floor":7,"key":"Art of War"},{"floor":9,"key":"Gambling Chip"},{"floor":14,"key":"Happy Flower"}],"event_choices":[{"damage_healed":0.0,"max_hp_gain":0.0,"max_hp_loss":0.0,"gold_gain":0.0,"event_name":"Accursed Blacksmith","player_choice":"Forge","floor":2.0,"gold_loss":0.0,"damage_taken":0.0,"cards_upgraded":["Perfected Strike"]},{"damage_healed":0.0,"max_hp_gain":0.0,"max_hp_loss":0.0,"gold_gain":75.0,"event_name":"World of Goop","player_choice":"Gather Gold","floor":4.0,"gold_loss":0.0,"damage_taken":11.0},{"damage_healed":0,"gold_gain":0,"player_choice":"1 cards matched","damage_taken":0,"max_hp_gain":0,"max_hp_loss":0,"event_name":"Match and Keep!","floor":5,"gold_loss":0,"cards_obtained":["Bloodletting"]},{"damage_healed":0,"gold_gain":180,"player_choice":"GOLD GOLD ","damage_taken":21,"max_hp_gain":0,"max_hp_loss":0,"event_name":"Knowing Skull","floor":19,"potions_obtained":[],"gold_loss":0,"cards_obtained":[]}],"is_beta":false,"boss_relics":[{"not_picked":["Busted Crown","Fusion Hammer"],"picked":"White Beast Statue"}],"items_purged_floors":[20],"is_endless":false,"potions_floor_spawned":[14,18,21],"killed_by":"Snecko","ascension_level":16}