{"gold_per_floor":[15,15,90,109,126,126,152,165,465,500,516,541,541,541,541,618,618,636,636,706,717,155,180,180,155,202,214,276,288,112,162,162,237,237,252,302,363,382,392,456,467,497,521,521,571,584,601,77,77,77,77,77,77,10,39,39],"floor_reached":57,"playtime":2595,"items_purged":["Strike_R","Pain"],"score":2975,"play_id":"c75248eb-d705-45fd-b5ed-3b94c735dd35","local_time":"20190820201208","is_ascension_mode":true,"campfire_choices":[{"data":"Carnage","floor":6.0,"key":"SMITH"},{"data":"True Grit","floor":13.0,"key":"SMITH"},{"data":"Demon Form","floor":15.0,"key":"SMITH"},{"floor":24.0,"key":"REST"},{"floor":27.0,"key":"DIG"},{"floor":29.0,"key":"DIG"},{"data":"Armaments","floor":32.0,"key":"SMITH"},{"floor":44.0,"key":"RECALL"},{"data":"Disarm","floor":49.0,"key":"SMITH"},{"data":"Feel No Pain","floor":53.0,"key":"SMITH"}],"neow_cost":"NO_GOLD","seed_source_timestamp":1481725319333800,"circlet_count":0,"master_deck":["AscendersBane","Strike_R+1","Defend_R","Defend_R","Defend_R","Defend_R","Bash","Double Tap","Whirlwind+1","Carnage+1","Shrug It Off","Blood for Blood+1","Battle Trance","Demon Form+1","True Grit+1","Brutality","Power Through+1","True Grit+1","Dark Embrace","Infernal Blade","Corruption","Limit Break","Armaments+1","Feel No Pain+1","Impervious","True Grit+1","Thunderclap+1","Dual Wield","Feel No Pain","Spot Weakness","Disarm+1","Corruption"],"special_seed":0,"relics":["Burning Blood","The Courier","Old Coin","Gambling Chip","Strawberry","PreservedInsect","Snecko Eye","SsserpentHead","Happy Flower","Shovel","Regal Pillow","Lantern","MawBank","Ancient Tea Set","Bag of Preparation","Runic Dome","WarpedTongs","Tiny Chest","Potion Belt","Bag of Marbles","Whetstone","Mango","Mercury Hourglass"],"potions_floor_usage":[56,56,56,56],"damage_taken":[{"damage":9.0,"enemies":"Jaw Worm","floor":1.0,"turns":4.0},{"damage":7.0,"enemies":"Small Slimes","floor":4.0,"turns":3.0},{"damage":0.0,"enemies":"2 Louse","floor":5.0,"turns":2.0},{"damage":35.0,"enemies":"Lagavulin","floor":7.0,"turns":5.0},{"damage":8.0,"enemies":"Exordium Thugs","floor":8.0,"turns":3.0},{"damage":15.0,"enemies":"3 Sentries","floor":10.0,"turns":5.0},{"damage":0.0,"enemies":"Lots of Slimes","floor":11.0,"turns":1.0},{"damage":8.0,"enemies":"Gremlin Nob","floor":12.0,"turns":3.0},{"damage":38.0,"enemies":"The Guardian","floor":16.0,"turns":10.0},{"damage":19.0,"enemies":"3 Byrds","floor":18.0,"turns":4.0},{"damage":0.0,"enemies":"Shell Parasite","floor":20.0,"turns":2.0},{"damage":10.0,"enemies":"Cultist and Chosen","floor":21.0,"turns":4.0},{"damage":35.0,"enemies":"Gremlin Leader","floor":23.0,"turns":5.0},{"damage":6.0,"enemies":"Automaton","floor":33.0,"turns":7.0},{"damage":0.0,"enemies":"Orb Walker","floor":35.0,"turns":2.0},{"damage":2.0,"enemies":"3 Shapes","floor":37.0,"turns":5.0},{"damage":12.0,"enemies":"Maw","floor":38.0,"turns":6.0},{"damage":23.0,"enemies":"Writhing Mass","floor":39.0,"turns":4.0},{"damage":13.0,"enemies":"Reptomancer","floor":40.0,"turns":4.0},{"damage":1.0,"enemies":"Sphere and 2 Shapes","floor":41.0,"turns":3.0},{"damage":24.0,"enemies":"Nemesis","floor":42.0,"turns":5.0},{"damage":4.0,"enemies":"Maw","floor":46.0,"turns":7.0},{"damage":0.0,"enemies":"3 Darklings","floor":47.0,"turns":1.0},{"damage":0.0,"enemies":"Donu and Deca","floor":50.0,"turns":5.0},{"damage":36.0,"enemies":"Awakened One","floor":51.0,"turns":10.0},{"damage":55.0,"enemies":"Shield and Spear","floor":55.0,"turns":5.0},{"damage":36,"enemies":"The Heart","floor":56,"turns":8}],"seed_played":"-1981012464443665445","potions_obtained":[{"floor":1.0,"key":"GamblersBrew"},{"floor":4.0,"key":"BloodPotion"},{"floor":18.0,"key":"SteroidPotion"},{"floor":23.0,"key":"Explosive Potion"},{"floor":37.0,"key":"Swift Potion"},{"floor":41.0,"key":"Weak Potion"},{"floor":47.0,"key":"EssenceOfSteel"}],"is_trial":false,"path_per_floor":["M","?","?","M","M","R","E","M","T","E","M","E","R","?","R","B",null,"M","?","M","M","$","E","R","?","T","R","?","R","$","?","R","B",null,"M","?","M","M","M","E","M","E","T","R","?","M","M","$","R","B","B",null,"R","$","E","B",null],"character_chosen":"IRONCLAD","items_purchased":["Happy Flower","Shovel","Regal Pillow","Corruption","Limit Break","Armaments","Bag of Marbles","Whetstone","Mango","BloodPotion"],"campfire_rested":1,"item_purchase_floors":[22,22,22,30,30,30,48,48,48,54],"current_hp_per_floor":[65,65,54,53,59,59,30,28,28,19,25,30,30,19,19,7,63,50,50,56,52,52,23,62,62,62,62,62,62,62,62,62,62,77,82,82,82,76,59,52,57,39,39,39,67,67,67,81,81,81,51,74,74,74,25,15],"gold":39,"neow_bonus":"THREE_RARE_CARDS","is_prod":false,"is_daily":false,"chose_seed":false,"campfire_upgraded":6,"win_rate":0,"timestamp":1566357128,"path_taken":["M","?","?","M","M","R","E","M","T","E","M","E","R","?","R","BOSS","M","?","?","M","$","E","R","?","T","R","?","R","?","?","R","BOSS","M","?","?","M","M","E","M","E","T","R","?","M","M","?","R","BOSS","BOSS","R","$","E","BOSS"],"build_version":"2019-07-17","purchased_purges":2,"victory":true,"max_hp_per_floor":[75,75,75,75,75,75,75,75,75,75,75,82,82,82,82,82,82,82,82,82,82,82,82,82,82,82,82,82,82,82,82,82,82,82,82,82,82,82,82,82,82,82,82,82,67,67,67,81,81,81,81,81,81,81,81,81],"card_choices":[{"not_picked":["Limit Break","Dark Embrace"],"picked":"Double Tap","floor":0.0},{"not_picked":["Havoc","Sword Boomerang"],"picked":"Whirlwind","floor":1.0},{"not_picked":["Twin Strike","Shrug It Off"],"picked":"Carnage","floor":4.0},{"not_picked":["Flame Barrier","Thunderclap"],"picked":"Shrug It Off","floor":5.0},{"not_picked":["Heavy Blade","Pommel Strike"],"picked":"Blood for Blood","floor":7.0},{"not_picked":["Havoc","Thunderclap","Clothesline"],"picked":"SKIP","floor":8.0},{"not_picked":["Shrug It Off","Ghostly Armor"],"picked":"Battle Trance","floor":10.0},{"not_picked":["Rage","Havoc"],"picked":"Demon Form","floor":11.0},{"not_picked":["Intimidate","Cleave"],"picked":"True Grit","floor":12.0},{"not_picked":["Double Tap","Dark Embrace"],"picked":"Brutality","floor":16.0},{"not_picked":["Anger","Body Slam","Second Wind"],"picked":"SKIP","floor":18.0},{"not_picked":["Headbutt","Bloodletting","Infernal Blade"],"picked":"SKIP","floor":20.0},{"not_picked":["Fire Breathing+1","Warcry"],"picked":"Power Through+1","floor":21.0},{"not_picked":["Body Slam","Dark Embrace"],"picked":"True Grit+1","floor":23.0},{"not_picked":["Double Tap","Dark Embrace"],"picked":"Impervious","floor":33.0},{"not_picked":["Warcry","Thunderclap+1"],"picked":"True Grit+1","floor":35.0},{"not_picked":["Infernal Blade","Power Through","Warcry"],"picked":"SKIP","floor":37.0},{"not_picked":["Anger","Pommel Strike"],"picked":"Thunderclap+1","floor":38.0},{"not_picked":["Pommel Strike","Feed"],"picked":"Dual Wield","floor":39.0},{"not_picked":["Thunderclap","Heavy Blade","Bloodletting+1"],"picked":"SKIP","floor":40.0},{"not_picked":["Headbutt+1","Warcry","Havoc+1"],"picked":"SKIP","floor":41.0},{"not_picked":["Clash+1","Clothesline+1"],"picked":"Feel No Pain","floor":42.0},{"not_picked":["Flex","Sword Boomerang+1"],"picked":"Spot Weakness","floor":46.0},{"not_picked":["Warcry+1","True Grit"],"picked":"Disarm","floor":47.0},{"not_picked":["Havoc","True Grit"],"picked":"Corruption","floor":55.0}],"player_experience":811805,"relics_obtained":[{"floor":7.0,"key":"The Courier"},{"floor":9.0,"key":"Old Coin"},{"floor":10.0,"key":"Gambling Chip"},{"floor":12.0,"key":"Strawberry"},{"floor":23.0,"key":"Lantern"},{"floor":26.0,"key":"MawBank"},{"floor":27.0,"key":"Ancient Tea Set"},{"floor":29.0,"key":"Bag of Preparation"},{"floor":40.0,"key":"Tiny Chest"},{"floor":42.0,"key":"Potion Belt"},{"floor":55.0,"key":"Mercury Hourglass"}],"event_choices":[{"damage_healed":0.0,"max_hp_gain":0.0,"max_hp_loss":0.0,"gold_gain":0.0,"event_name":"Living Wall","player_choice":"Grow","floor":2.0,"gold_loss":0.0,"damage_taken":0.0,"cards_upgraded":["Whirlwind"]},{"damage_healed":0.0,"max_hp_gain":0.0,"max_hp_loss":0.0,"gold_gain":75.0,"event_name":"World of Goop","player_choice":"Gather Gold","floor":3.0,"gold_loss":0.0,"damage_taken":11.0},{"damage_healed":0.0,"max_hp_gain":0.0,"max_hp_loss":0.0,"gold_gain":0.0,"event_name":"Scrap Ooze","player_choice":"Success","floor":14.0,"gold_loss":0.0,"damage_taken":11.0,"relics_obtained":["PreservedInsect"]},{"damage_healed":0.0,"max_hp_gain":0.0,"max_hp_loss":0.0,"gold_gain":0.0,"event_name":"FaceTrader","player_choice":"Trade","floor":19.0,"gold_loss":0.0,"damage_taken":0.0,"relics_obtained":["SsserpentHead"]},{"cards_removed":["Strike_R"],"damage_healed":0.0,"max_hp_gain":0.0,"max_hp_loss":0.0,"gold_gain":0.0,"event_name":"Beggar","player_choice":"Gave Gold","floor":25.0,"gold_loss":75.0,"damage_taken":0.0},{"damage_healed":0.0,"max_hp_gain":0.0,"max_hp_loss":0.0,"gold_gain":0.0,"cards_transformed":["Strike_R","Strike_R"],"event_name":"Drug Dealer","player_choice":"Became Test Subject","floor":28.0,"gold_loss":0.0,"damage_taken":0.0,"cards_obtained":["Dark Embrace","Infernal Blade"]},{"damage_healed":0.0,"max_hp_gain":0.0,"max_hp_loss":0.0,"gold_gain":0.0,"event_name":"The Library","player_choice":"Read","floor":31.0,"gold_loss":0.0,"damage_taken":0.0,"cards_obtained":["Feel No Pain"]},{"damage_healed":0.0,"max_hp_gain":0.0,"max_hp_loss":0.0,"gold_gain":0.0,"event_name":"Accursed Blacksmith","player_choice":"Rummage","floor":36.0,"gold_loss":0.0,"damage_taken":0.0,"relics_obtained":["WarpedTongs"],"cards_obtained":["Pain"]},{"damage_healed":67.0,"max_hp_gain":0.0,"max_hp_loss":15.0,"gold_gain":0.0,"event_name":"The Moai Head","player_choice":"Heal","floor":45.0,"gold_loss":0.0,"damage_taken":0.0}],"is_beta":false,"boss_relics":[{"not_picked":["Black Star","White Beast Statue"],"picked":"Snecko Eye"},{"not_picked":["Runic Pyramid","Calling Bell"],"picked":"Runic Dome"}],"items_purged_floors":[22,48],"is_endless":false,"potions_floor_spawned":[1,4,5,11,12,18,23,37,38,39,41,47],"ascension_level":20}