{"gold_per_floor":[114,39,39,39,114,114,155,155,155,168,168,181,199,199,199,199],"floor_reached":16,"playtime":1319,"items_purged":["Strike_G"],"score":98,"play_id":"b1d91a0c-1edc-4f30-9cfa-37baed002933","local_time":"20190907183023","is_ascension_mode":false,"campfire_choices":[{"data":"Neutralize","floor":6,"key":"SMITH"},{"data":"Flying Knee","floor":8,"key":"SMITH"},{"data":"Quick Slash","floor":11,"key":"SMITH"},{"floor":15,"key":"REST"}],"neow_cost":"NONE","seed_source_timestamp":1905352374695200,"circlet_count":0,"master_deck":["Strike_G","Strike_G","Strike_G","Strike_G","Defend_G","Defend_G","Defend_G","Defend_G+1","Defend_G","Survivor","Neutralize+1","Deep Breath","Flying Knee+1","Expertise","Quick Slash+1","Dagger Throw+1","Tactician"],"relics":["Ring of the Snake","Golden Idol","PreservedInsect","The Courier"],"potions_floor_usage":[16],"damage_taken":[{"damage":0,"enemies":"Cultist","floor":1,"turns":4},{"damage":17,"enemies":"Gremlin Nob","floor":7,"turns":5},{"damage":0,"enemies":"2 Louse","floor":10,"turns":2},{"damage":0,"enemies":"Small Slimes","floor":12,"turns":3},{"damage":0,"enemies":"Blue Slaver","floor":13,"turns":4},{"damage":50,"enemies":"Hexaghost","floor":16,"turns":14}],"seed_played":"-2237752454819502465","potions_obtained":[{"floor":7,"key":"SpeedPotion"},{"floor":10,"key":"SteroidPotion"},{"floor":13,"key":"Regen Potion"}],"is_trial":false,"path_per_floor":["M","$","?","?","?","R","E","R","T","M","R","M","M","?","R","B"],"character_chosen":"THE_SILENT","items_purchased":[],"campfire_rested":1,"item_purchase_floors":[],"current_hp_per_floor":[70,70,70,53,42,42,25,25,25,25,25,25,25,11,32,0],"gold":199,"neow_bonus":"RANDOM_COLORLESS","is_prod":false,"is_daily":false,"chose_seed":false,"campfire_upgraded":3,"win_rate":0,"timestamp":1567906223,"path_taken":["M","$","?","?","?","R","E","R","T","M","R","M","M","?","R","BOSS"],"build_version":"2019-07-17","purchased_purges":1,"victory":false,"max_hp_per_floor":[70,70,70,70,70,70,70,70,70,70,70,70,70,70,70,70],"card_choices":[{"not_picked":["Prepared","Expertise"],"picked":"Flying Knee","floor":1},{"not_picked":["Glass Knife","Acrobatics"],"picked":"Expertise","floor":7},{"not_picked":["Distraction","Dagger Throw"],"picked":"Quick Slash","floor":10},{"not_picked":["Outmaneuver","Flying Knee"],"picked":"Dagger Throw","floor":12},{"not_picked":["Quick Slash","Acrobatics"],"picked":"Tactician","floor":13}],"player_experience":155530,"relics_obtained":[{"floor":7,"key":"PreservedInsect"},{"floor":9,"key":"The Courier"}],"event_choices":[{"damage_healed":0,"gold_gain":0,"player_choice":"Leave","damage_taken":0,"max_hp_gain":0,"max_hp_loss":0,"event_name":"The Cleric","floor":3,"gold_loss":0},{"damage_healed":0,"gold_gain":0,"player_choice":"Take Damage","damage_taken":17,"relics_obtained":["Golden Idol"],"max_hp_gain":0,"max_hp_loss":0,"event_name":"Golden Idol","floor":4,"gold_loss":0},{"damage_healed":0,"gold_gain":75,"player_choice":"Gather Gold","damage_taken":11,"max_hp_gain":0,"max_hp_loss":0,"event_name":"World of Goop","floor":5,"gold_loss":0},{"damage_healed":0,"gold_gain":0,"player_choice":"Entered Light","damage_taken":14,"max_hp_gain":0,"max_hp_loss":0,"event_name":"Shining Light","floor":14,"gold_loss":0,"cards_upgraded":["Defend_G","Dagger Throw"]}],"is_beta":false,"boss_relics":[],"items_purged_floors":[2],"is_endless":false,"potions_floor_spawned":[7,10,13],"killed_by":"Hexaghost","ascension_level":0}