{"gold_per_floor":[111,121,46,46,57,92,92,127,127,147,147,179,179,79,79,156,156,176,190,65,65,65,99,99,99,99,99,129,44,44,56,56,131,131,147,147,159,139,155,185,185,196,268,268,29,29,29,47,47,47],"floor_reached":51,"playtime":2179,"items_purged":["Strike_R","Strike_R","Strike_R","Strike_R"],"score":1195,"play_id":"20faff1b-cf86-4064-85e9-2b4d7bb4a8f7","local_time":"20181218002010","is_ascension_mode":true,"campfire_choices":[{"floor":7.0,"key":"REST"},{"floor":11.0,"key":"REST"},{"data":"Uppercut","floor":13.0,"key":"SMITH"},{"data":"Rampage","floor":15.0,"key":"SMITH"},{"data":"Flame Barrier","floor":24.0,"key":"SMITH"},{"data":"Inflame","floor":25.0,"key":"SMITH"},{"floor":27.0,"key":"REST"},{"floor":30.0,"key":"REST"},{"data":"Seeing Red","floor":32.0,"key":"SMITH"},{"floor":41.0,"key":"REST"},{"floor":44,"key":"REST"},{"data":"Bloodletting","floor":46,"key":"SMITH"},{"floor":49,"key":"REST"}],"neow_cost":"NONE","seed_source_timestamp":231415970761100,"circlet_count":0,"master_deck":["AscendersBane","Strike_R","Defend_R","Defend_R","Defend_R","Defend_R","Bash","Rampage+1","Spot Weakness","Inflame+1","Bloodletting+1","Anger","Clash","Uppercut+1","Feed","Flame Barrier+1","Headbutt","Pommel Strike+1","Seeing Red+1","Exhume","Armaments+1","Dropkick","Dropkick+1","Shrug It Off+1","Finesse"],"special_seed":0,"relics":["Burning Blood","Potion Belt","Bag of Preparation","WingedGreaves","Oddly Smooth Stone","Self Forming Clay","Mango","Velvet Choker","Gremlin Horn","Bottled Lightning","Anchor","Dodecahedron","Sozu","Letter Opener","Shuriken"],"potions_floor_usage":[50],"damage_taken":[{"damage":6.0,"enemies":"Cultist","floor":1.0,"turns":4.0},{"damage":5.0,"enemies":"Small Slimes","floor":2.0,"turns":4.0},{"damage":9.0,"enemies":"Jaw Worm","floor":5.0,"turns":3.0},{"damage":24.0,"enemies":"Gremlin Nob","floor":6.0,"turns":4.0},{"damage":38.0,"enemies":"Lagavulin","floor":8.0,"turns":6.0},{"damage":3.0,"enemies":"2 Fungi Beasts","floor":10.0,"turns":3.0},{"damage":4.0,"enemies":"Gremlin Nob","floor":12.0,"turns":3.0},{"damage":29.0,"enemies":"Slime Boss","floor":16.0,"turns":9.0},{"damage":23.0,"enemies":"Spheric Guardian","floor":18.0,"turns":4.0},{"damage":8.0,"enemies":"3 Byrds","floor":19.0,"turns":4.0},{"damage":21.0,"enemies":"Book of Stabbing","floor":23.0,"turns":6.0},{"damage":17.0,"enemies":"Gremlin Leader","floor":28.0,"turns":4.0},{"damage":6.0,"enemies":"Centurion and Healer","floor":31.0,"turns":5.0},{"damage":31.0,"enemies":"Champ","floor":33.0,"turns":9.0},{"damage":8.0,"enemies":"Orb Walker","floor":35.0,"turns":3.0},{"damage":10.0,"enemies":"3 Darklings","floor":37.0,"turns":7.0},{"damage":28.0,"enemies":"Spire Growth","floor":39.0,"turns":4.0},{"damage":59.0,"enemies":"Giant Head","floor":40.0,"turns":7.0},{"damage":9,"enemies":"4 Shapes","floor":42,"turns":4},{"damage":7,"enemies":"3 Darklings","floor":48,"turns":6},{"damage":91,"enemies":"Awakened One","floor":50,"turns":13}],"seed_played":"1613214755583337604","potions_obtained":[{"floor":1.0,"key":"Dexterity Potion"},{"floor":6.0,"key":"GamblersBrew"},{"floor":8.0,"key":"AttackPotion"},{"floor":12.0,"key":"Dexterity Potion"},{"floor":16.0,"key":"GamblersBrew"},{"floor":19.0,"key":"Swift Potion"},{"floor":31.0,"key":"SkillPotion"},{"floor":33.0,"key":"SneckoOil"}],"is_trial":false,"path_per_floor":["M","M","$","?","M","E","R","E","T","M","R","E","R","$","R","B",null,"M","M","$","?","?","E","R","R","T","R","E","?","R","M","R","B",null,"M","?","M","?","M","E","R","M","T","R","$","R","?","M","R","B",null],"character_chosen":"IRONCLAD","items_purchased":["Finesse"],"campfire_rested":7,"item_purchase_floors":[45],"current_hp_per_floor":[72,73,73,55,52,34,58,26,26,29,53,69,69,69,69,46,82,65,66,66,66,66,51,51,51,51,80,72,72,100,100,100,75,94,92,92,92,92,70,17,48,48,48,80,80,80,80,82,105,23],"gold":47,"neow_bonus":"RANDOM_COMMON_RELIC","is_prod":false,"is_daily":false,"chose_seed":false,"campfire_upgraded":6,"win_rate":0,"timestamp":1545121210,"path_taken":["M","M","$","?","M","E","R","E","T","M","R","E","R","$","R","BOSS","M","M","$","?","?","E","R","R","T","R","E","?","R","M","R","BOSS","M","?","?","?","?","E","R","M","T","R","$","R","?","M","R","BOSS"],"build_version":"2018-12-13","purchased_purges":4,"victory":true,"max_hp_per_floor":[80,80,80,80,80,80,80,80,80,80,80,94,94,94,94,94,94,94,97,97,97,97,97,97,97,97,97,100,100,100,100,100,100,100,100,100,104,104,104,104,104,107,107,107,107,107,102,105,105,108],"card_choices":[{"not_picked":["Wild Strike","Thunderclap"],"picked":"Rampage","floor":1.0},{"not_picked":["Cleave","Reckless Charge"],"picked":"Spot Weakness","floor":2.0},{"not_picked":["Pommel Strike","True Grit"],"picked":"Inflame","floor":5.0},{"not_picked":["Combust","Clothesline"],"picked":"Bloodletting","floor":6.0},{"not_picked":["Spot Weakness","Fire Breathing"],"picked":"Anger","floor":8.0},{"not_picked":["Immolate","Rage"],"picked":"Clash","floor":10.0},{"not_picked":["Power Through","Havoc"],"picked":"Uppercut","floor":12.0},{"not_picked":["Brutality","Exhume"],"picked":"Feed","floor":16.0},{"not_picked":["Disarm","Body Slam"],"picked":"Flame Barrier","floor":18.0},{"not_picked":["Heavy Blade","Havoc","Perfected Strike"],"picked":"SKIP","floor":19.0},{"not_picked":["Immolate","Inflame"],"picked":"Pommel Strike+1","floor":23.0},{"not_picked":["Fire Breathing","Metallicize"],"picked":"Seeing Red","floor":28.0},{"not_picked":["Headbutt","Body Slam","Heavy Blade+1"],"picked":"SKIP","floor":31.0},{"not_picked":["Bludgeon","Fiend Fire"],"picked":"Exhume","floor":33.0},{"not_picked":["Wild Strike","Pommel Strike"],"picked":"Armaments","floor":35.0},{"not_picked":["Headbutt","Pommel Strike"],"picked":"Dropkick","floor":37.0},{"not_picked":["Combust+1","Pommel Strike"],"picked":"Dropkick+1","floor":39.0},{"not_picked":["Flame Barrier","Bloodletting","Anger"],"picked":"SKIP","floor":40.0},{"not_picked":["Heavy Blade","Searing Blow"],"picked":"Shrug It Off+1","floor":42},{"not_picked":["Flame Barrier","Fire Breathing+1","Heavy Blade"],"picked":"SKIP","floor":48}],"player_experience":127665,"relics_obtained":[{"floor":6.0,"key":"WingedGreaves"},{"floor":8.0,"key":"Oddly Smooth Stone"},{"floor":9.0,"key":"Self Forming Clay"},{"floor":12.0,"key":"Mango"},{"floor":23.0,"key":"Gremlin Horn"},{"floor":26.0,"key":"Bottled Lightning"},{"floor":28.0,"key":"Anchor"},{"floor":40.0,"key":"Letter Opener"},{"floor":43,"key":"Shuriken"}],"event_choices":[{"damage_healed":0.0,"max_hp_gain":0.0,"max_hp_loss":0.0,"gold_gain":0.0,"event_name":"Scrap Ooze","player_choice":"Success","floor":4.0,"gold_loss":0.0,"damage_taken":18.0,"relics_obtained":["Bag of Preparation"]},{"damage_healed":0.0,"max_hp_gain":0.0,"max_hp_loss":0.0,"gold_gain":0.0,"event_name":"Beggar","player_choice":"Ignored","floor":21.0,"gold_loss":0.0,"damage_taken":0.0},{"damage_healed":0.0,"max_hp_gain":0.0,"max_hp_loss":0.0,"gold_gain":0.0,"event_name":"The Library","player_choice":"Read","floor":22.0,"gold_loss":0.0,"damage_taken":0.0,"cards_obtained":["Headbutt"]},{"damage_healed":0.0,"max_hp_gain":0.0,"max_hp_loss":0.0,"gold_gain":0.0,"event_name":"Addict","player_choice":"Obtained Relic","floor":29.0,"gold_loss":85.0,"damage_taken":0.0,"relics_obtained":["Dodecahedron"]},{"damage_healed":0.0,"max_hp_gain":0.0,"max_hp_loss":0.0,"gold_gain":0.0,"event_name":"Upgrade Shrine","player_choice":"Upgraded","floor":36.0,"gold_loss":0.0,"damage_taken":0.0,"cards_upgraded":["Armaments"]},{"damage_healed":0.0,"max_hp_gain":0.0,"max_hp_loss":0.0,"gold_gain":0.0,"event_name":"The Woman in Blue","player_choice":"Bought 1 Potion","floor":38.0,"gold_loss":0.0,"damage_taken":0.0},{"damage_healed":0,"gold_gain":0,"player_choice":"Max HP","damage_taken":0,"max_hp_gain":0,"max_hp_loss":5,"event_name":"Winding Halls","floor":47,"gold_loss":0}],"is_beta":false,"boss_relics":[{"not_picked":["Black Star","Ectoplasm"],"picked":"Velvet Choker"},{"not_picked":["Runic Cube","Astrolabe"],"picked":"Sozu"}],"items_purged_floors":[3,14,20,45],"is_endless":false,"potions_floor_spawned":[1,6,8,12,16,19,31,33,35,40,42],"ascension_level":13}