{"gold_per_floor":[117,131,56,56,81,81,102,102,102,177,195,195,214,235,235,235],"floor_reached":16,"playtime":746,"items_purged":["Strike_G"],"score":94,"play_id":"99a15ba8-5b2b-485d-9ad3-0b6529a46581","local_time":"20190904194109","is_ascension_mode":false,"campfire_choices":[{"data":"Infinite Blades","floor":6,"key":"SMITH"},{"data":"Cloak And Dagger","floor":8,"key":"SMITH"},{"data":"Blade Dance","floor":12,"key":"SMITH"},{"data":"Neutralize","floor":15,"key":"SMITH"}],"neow_cost":"NONE","seed_source_timestamp":1650969064586800,"circlet_count":0,"master_deck":["Strike_G","Strike_G","Strike_G","Strike_G","Defend_G","Defend_G","Defend_G","Defend_G","Defend_G","Survivor","Neutralize+1","Sucker Punch","Adrenaline","Infinite Blades+1","Cloak And Dagger+1","Blade Dance+1","Prepared","Backflip"],"relics":["Ring of the Snake","Golden Idol","FossilizedHelix"],"potions_floor_usage":[16,16],"damage_taken":[{"damage":1,"enemies":"Cultist","floor":1,"turns":4},{"damage":0,"enemies":"Jaw Worm","floor":2,"turns":6},{"damage":0,"enemies":"Small Slimes","floor":5,"turns":3},{"damage":4,"enemies":"Red Slaver","floor":7,"turns":4},{"damage":0,"enemies":"Large Slime","floor":11,"turns":8},{"damage":0,"enemies":"3 Louse","floor":13,"turns":3},{"damage":0,"enemies":"2 Fungi Beasts","floor":14,"turns":4},{"damage":46,"enemies":"Slime Boss","floor":16,"turns":11}],"seed_played":"-7824534124323663613","potions_obtained":[{"floor":11,"key":"GamblersBrew"},{"floor":14,"key":"LiquidBronze"}],"is_trial":false,"path_per_floor":["M","M","$","?","M","R","M","R","T","?","M","R","M","M","R","B"],"character_chosen":"THE_SILENT","items_purchased":[],"campfire_rested":0,"item_purchase_floors":[],"current_hp_per_floor":[76,76,76,57,57,57,53,53,53,46,46,46,46,46,46,0],"gold":235,"neow_bonus":"TEN_PERCENT_HP_BONUS","is_prod":false,"is_daily":false,"chose_seed":false,"campfire_upgraded":4,"win_rate":0,"timestamp":1567651269,"path_taken":["M","?","$","?","M","R","M","R","T","?","?","R","M","M","R","BOSS"],"build_version":"2019-07-17","purchased_purges":1,"victory":false,"max_hp_per_floor":[77,77,77,77,77,77,77,77,77,77,77,77,77,77,77,77],"card_choices":[{"not_picked":["Deflect","Underhanded Strike"],"picked":"Sucker Punch","floor":1},{"not_picked":["Catalyst","Deadly Poison"],"picked":"Adrenaline","floor":2},{"not_picked":["Outmaneuver","Deflect"],"picked":"Infinite Blades","floor":5},{"not_picked":["Backflip","Underhanded Strike"],"picked":"Cloak And Dagger","floor":7},{"not_picked":["Dagger Throw","Leg Sweep"],"picked":"Blade Dance","floor":11},{"not_picked":["Riddle With Holes","Backflip"],"picked":"Prepared","floor":13},{"not_picked":["Poisoned Stab","Bane"],"picked":"Backflip","floor":14}],"player_experience":116458,"relics_obtained":[{"floor":9,"key":"FossilizedHelix"}],"event_choices":[{"damage_healed":0,"gold_gain":0,"player_choice":"Take Damage","damage_taken":19,"relics_obtained":["Golden Idol"],"max_hp_gain":0,"max_hp_loss":0,"event_name":"Golden Idol","floor":4,"gold_loss":0},{"damage_healed":0,"gold_gain":75,"player_choice":"Touch","damage_taken":7,"max_hp_gain":0,"max_hp_loss":0,"event_name":"FaceTrader","floor":10,"gold_loss":0}],"is_beta":false,"boss_relics":[],"items_purged_floors":[3],"is_endless":false,"potions_floor_spawned":[11,14],"killed_by":"Slime Boss","ascension_level":0}