{"gold_per_floor":[113,126,139,139,64,64,77,77,77,91,106,116,447,447],"floor_reached":14,"playtime":1705,"items_purged":["Strike_G"],"score":94,"play_id":"e6f7309e-9283-4ff2-a02d-fc3dfbeee954","local_time":"20190831085018","is_ascension_mode":false,"campfire_choices":[{"data":"Noxious Fumes","floor":6,"key":"SMITH"},{"data":"Distraction","floor":8,"key":"SMITH"}],"neow_cost":"NONE","seed_source_timestamp":1265353621398800,"circlet_count":0,"master_deck":["Strike_G","Strike_G","Strike_G","Strike_G","Defend_G","Defend_G","Defend_G","Defend_G","Defend_G","Survivor","Neutralize","Heel Hook","Dagger Spray","Noxious Fumes+1","Distraction+1","Poisoned Stab","Escape Plan","Prepared","Backstab"],"relics":["Ring of the Snake","NeowsBlessing","Mummified Hand","Ninja Scroll","Old Coin"],"potions_floor_usage":[],"damage_taken":[{"damage":0,"enemies":"2 Louse","floor":1,"turns":2},{"damage":0,"enemies":"Cultist","floor":2,"turns":1},{"damage":0,"enemies":"Small Slimes","floor":3,"turns":1},{"damage":12,"enemies":"Exordium Thugs","floor":7,"turns":6},{"damage":0,"enemies":"3 Louse","floor":10,"turns":2},{"damage":7,"enemies":"Blue Slaver","floor":11,"turns":3},{"damage":0,"enemies":"Red Slaver","floor":12,"turns":2},{"damage":29,"enemies":"Gremlin Nob","floor":13,"turns":4},{"damage":0,"enemies":"Exordium Wildlife","floor":14,"turns":1}],"seed_played":"-1647818525115843537","potions_obtained":[{"floor":2,"key":"FearPotion"},{"floor":12,"key":"Fire Potion"}],"is_trial":false,"path_per_floor":["M","M","M","?","$","R","M","R","T","M","M","M","E","M"],"character_chosen":"THE_SILENT","items_purchased":[],"campfire_rested":0,"item_purchase_floors":[],"current_hp_per_floor":[70,70,70,63,63,63,51,51,51,51,44,44,15,15],"gold":447,"neow_bonus":"THREE_ENEMY_KILL","is_prod":false,"is_daily":false,"chose_seed":false,"campfire_upgraded":2,"win_rate":0.0,"timestamp":1567266618,"path_taken":["M","M","M","?","$","R","M","R","T","M","M","M","E","M"],"build_version":"2019-07-17","purchased_purges":1,"victory":false,"max_hp_per_floor":[70,70,70,70,70,70,70,70,70,70,70,70,70,70],"card_choices":[{"not_picked":["Backflip","Riddle With Holes"],"picked":"Heel Hook","floor":1},{"not_picked":["Underhanded Strike","Skewer"],"picked":"Dagger Spray","floor":2},{"not_picked":["Calculated Gamble","Flying Knee"],"picked":"Noxious Fumes","floor":3},{"not_picked":["Terror","Blade Dance"],"picked":"Distraction","floor":7},{"not_picked":["Eviscerate","Predator"],"picked":"Poisoned Stab","floor":10},{"not_picked":["Quick Slash","Acrobatics"],"picked":"Escape Plan","floor":11},{"not_picked":["Dash","Tactician"],"picked":"Prepared","floor":12},{"not_picked":["Bane","Dagger Spray"],"picked":"Backstab","floor":13}],"player_experience":30153,"relics_obtained":[{"floor":9,"key":"Ninja Scroll"},{"floor":13,"key":"Old Coin"}],"event_choices":[{"damage_healed":0,"gold_gain":0,"player_choice":"Success","damage_taken":7,"relics_obtained":["Mummified Hand"],"max_hp_gain":0,"max_hp_loss":0,"event_name":"Scrap Ooze","floor":4,"gold_loss":0}],"is_beta":false,"boss_relics":[],"items_purged_floors":[5],"is_endless":false,"potions_floor_spawned":[2,12],"killed_by":"Exordium Wildlife","ascension_level":0}