{"gold_per_floor":[14,34,34,54,75,118,133,133,160,178,253,253,253,55,55,55],"floor_reached":16,"playtime":688,"items_purged":[],"score":102,"play_id":"5b7a6def-f107-4a15-bfa9-c2d68bb6988e","local_time":"20190906090555","is_ascension_mode":false,"campfire_choices":[{"floor":8,"key":"REST"},{"floor":12,"key":"REST"},{"data":"Glacier","floor":15,"key":"SMITH"}],"neow_cost":"NO_GOLD","seed_source_timestamp":1785712588767900,"circlet_count":0,"master_deck":["Strike_B","Strike_B","Defend_B","Defend_B","Defend_B","Zap","Dualcast","Hologram","Coolheaded","Coolheaded","Glacier+1","FTL","Coolheaded"],"relics":["Cracked Core","Golden Idol","Ancient Tea Set","ClockworkSouvenir"],"potions_floor_usage":[6,6],"damage_taken":[{"damage":1,"enemies":"Jaw Worm","floor":1,"turns":4},{"damage":0,"enemies":"2 Louse","floor":2,"turns":4},{"damage":0,"enemies":"Small Slimes","floor":4,"turns":3},{"damage":0,"enemies":"Blue Slaver","floor":5,"turns":5},{"damage":43,"enemies":"Gremlin Nob","floor":6,"turns":7},{"damage":0,"enemies":"Red Slaver","floor":7,"turns":6},{"damage":0,"enemies":"2 Fungi Beasts","floor":10,"turns":5},{"damage":32,"enemies":"Slime Boss","floor":16,"turns":11}],"seed_played":"-1364839343520668075","potions_obtained":[{"floor":2,"key":"Poison Potion"},{"floor":5,"key":"Weak Potion"}],"is_trial":false,"path_per_floor":["M","M","?","M","M","E","M","R","T","M","?","R","?","$","R","B"],"character_chosen":"DEFECT","items_purchased":["ClockworkSouvenir"],"campfire_rested":2,"item_purchase_floors":[14],"current_hp_per_floor":[74,74,56,56,56,13,13,35,35,35,24,46,46,46,46,14],"gold":55,"neow_bonus":"REMOVE_TWO","is_prod":false,"is_daily":false,"chose_seed":false,"campfire_upgraded":1,"win_rate":0,"timestamp":1567785955,"path_taken":["M","M","?","M","M","E","M","R","T","M","?","R","?","?","R","BOSS"],"build_version":"2019-07-17","purchased_purges":0,"victory":false,"max_hp_per_floor":[75,75,75,75,75,75,75,75,75,75,75,75,75,75,75,75],"card_choices":[{"not_picked":["Conserve Battery","Redo"],"picked":"Hologram","floor":1},{"not_picked":["Turbo","White Noise"],"picked":"Coolheaded","floor":2},{"not_picked":["Hologram","Stack"],"picked":"Coolheaded","floor":4},{"not_picked":["Barrage","Melter"],"picked":"Glacier","floor":5},{"not_picked":["Gash","Echo Form"],"picked":"FTL","floor":6},{"not_picked":["Redo","Leap"],"picked":"Coolheaded","floor":7},{"not_picked":["Streamline","Coolheaded","Gash"],"picked":"SKIP","floor":10}],"player_experience":127016,"relics_obtained":[{"floor":6,"key":"Ancient Tea Set"}],"event_choices":[{"damage_healed":0,"gold_gain":0,"player_choice":"Take Damage","damage_taken":18,"relics_obtained":["Golden Idol"],"max_hp_gain":0,"max_hp_loss":0,"event_name":"Golden Idol","floor":3,"gold_loss":0},{"damage_healed":0,"gold_gain":75,"player_choice":"Gather Gold","damage_taken":11,"max_hp_gain":0,"max_hp_loss":0,"event_name":"World of Goop","floor":11,"gold_loss":0},{"cards_removed":["Defend_B"],"damage_healed":0,"gold_gain":0,"player_choice":"Forget","damage_taken":0,"max_hp_gain":0,"max_hp_loss":0,"event_name":"Living Wall","floor":13,"gold_loss":0}],"is_beta":false,"boss_relics":[],"items_purged_floors":[],"is_endless":false,"potions_floor_spawned":[2,5],"killed_by":"Slime Boss","ascension_level":0}