{"gold_per_floor":[110,110,121,36,111,138,138,150,150,208,92,111,131,157,157,254,254,272,291,308,13,13,13,13,13,39,39,138,153,163,78,78,173,173,173,183,200,14,414,414,414],"floor_reached":41,"playtime":1928,"items_purged":["Strike_B","Strike_B"],"score":441,"play_id":"551a820a-ff83-40dd-8765-f3e0474fdcac","local_time":"20181227001316","is_ascension_mode":false,"campfire_choices":[{"data":"Streamline","floor":7,"key":"SMITH"},{"data":"Zap","floor":15,"key":"SMITH"},{"data":"Buffer","floor":23,"key":"SMITH"},{"data":"Defragment","floor":25,"key":"SMITH"},{"data":"Hologram","floor":32,"key":"SMITH"},{"data":"Dualcast","floor":40,"key":"SMITH"}],"neow_cost":"NONE","seed_source_timestamp":2255049245396826,"circlet_count":0,"master_deck":["Strike_B","Defend_B","Defend_B","Defend_B","Defend_B","Zap+1","Dualcast+1","Streamline+1","Beam Cell","Defragment+1","Rebound","Cold Snap","Undo","Coolheaded","BootSequence","Steam","Buffer+1","Streamline","Hologram+1","Leap","All For One","Ball Lightning+1","Self Repair+1","Beam Cell","Conserve Battery","Tempest"],"relics":["Cracked Core","NeowsBlessing","Du-Vu Doll","Ginger","Lantern","Blood Vial","Coffee Dripper","Membership Card","Happy Flower","Smiling Mask","Bronze Scales","Cursed Key","Lee\u0027s Waffle","Old Coin"],"potions_floor_usage":[10,20,33,33],"damage_taken":[{"damage":0,"enemies":"Jaw Worm","floor":1,"turns":1},{"damage":0,"enemies":"Small Slimes","floor":3,"turns":1},{"damage":0,"enemies":"Lagavulin","floor":6,"turns":1},{"damage":7,"enemies":"2 Louse","floor":8,"turns":3},{"damage":16,"enemies":"Gremlin Nob","floor":10,"turns":4},{"damage":0,"enemies":"Looter","floor":12,"turns":2},{"damage":0,"enemies":"3 Louse","floor":13,"turns":2},{"damage":3,"enemies":"The Guardian","floor":16,"turns":13},{"damage":7,"enemies":"Chosen","floor":18,"turns":6},{"damage":10,"enemies":"Spheric Guardian","floor":19,"turns":4},{"damage":8,"enemies":"Cultist and Chosen","floor":20,"turns":5},{"damage":1,"enemies":"Colosseum Slavers","floor":27,"turns":5},{"damage":11,"enemies":"Snake Plant","floor":29,"turns":4},{"damage":0,"enemies":"Chosen and Byrds","floor":30,"turns":7},{"damage":24,"enemies":"Automaton","floor":33,"turns":11},{"damage":0,"enemies":"Orb Walker","floor":35,"turns":4},{"damage":26,"enemies":"3 Darklings","floor":36,"turns":5},{"damage":14,"enemies":"Writhing Mass","floor":37,"turns":6},{"damage":0,"enemies":"Mind Bloom Boss Battle","floor":39,"turns":6},{"damage":105,"enemies":"Reptomancer","floor":41,"turns":4}],"seed_played":"3676958294241813659","potions_obtained":[{"floor":8,"key":"Block Potion"},{"floor":16,"key":"PowerPotion"},{"floor":19,"key":"FocusPotion"},{"floor":30,"key":"Strength Potion"}],"is_trial":false,"path_per_floor":["M","?","M","$","?","E","R","M","T","?","$","M","M","T","R","B",null,"M","M","M","$","?","R","$","R","T","?","?","M","M","?","R","B",null,"M","M","M","$","?","R","E"],"character_chosen":"DEFECT","items_purchased":["Defragment","Rebound","BootSequence","Membership Card","Happy Flower","Hologram","Lee\u0027s Waffle","Beam Cell","Conserve Battery"],"campfire_rested":0,"item_purchase_floors":[4,4,11,21,21,21,38,38,38],"current_hp_per_floor":[75,80,80,80,69,69,69,62,62,46,46,46,46,46,46,45,80,73,65,59,59,59,59,59,59,59,60,60,51,53,53,53,31,80,80,54,52,87,87,87,0],"gold":414,"neow_bonus":"THREE_ENEMY_KILL","is_prod":false,"is_daily":false,"chose_seed":false,"campfire_upgraded":6,"win_rate":0.0,"timestamp":1545891196,"path_taken":["M","?","M","$","?","E","R","?","T","?","?","M","M","?","R","BOSS","M","M","M","$","?","R","$","R","T","?","?","M","M","?","R","BOSS","M","M","M","$","?","R","E"],"build_version":"2018-12-20","purchased_purges":2,"victory":false,"max_hp_per_floor":[75,80,80,80,80,80,80,80,80,80,80,80,80,80,80,80,80,80,80,80,80,80,80,80,80,80,80,80,80,80,80,80,80,80,80,80,80,87,87,87,87],"card_choices":[{"not_picked":["Beam Cell","Rebound"],"picked":"Streamline","floor":1},{"not_picked":["Ball Lightning","Melter"],"picked":"Beam Cell","floor":3},{"not_picked":["Sweeping Beam","Force Field"],"picked":"Cold Snap","floor":6},{"not_picked":["Stack","Streamline"],"picked":"Undo","floor":8},{"not_picked":["Doom and Gloom","Stack"],"picked":"Coolheaded","floor":10},{"not_picked":["Doom and Gloom","Streamline"],"picked":"Steam","floor":12},{"not_picked":["Barrage","Double Energy","Fusion"],"picked":"SKIP","floor":13},{"not_picked":["Reboot","Biased Cognition"],"picked":"Buffer","floor":16},{"not_picked":["Streamline","Cold Snap","Go for the Eyes"],"picked":"SKIP","floor":18},{"not_picked":["Storm","Double Energy"],"picked":"Streamline","floor":19},{"not_picked":["Compile Driver","Redo","Gash+1"],"picked":"SKIP","floor":20},{"not_picked":["Force Field+1","Double Energy+1"],"picked":"Leap","floor":29},{"not_picked":["Double Energy","Streamline","Ball Lightning"],"picked":"SKIP","floor":30},{"not_picked":["Biased Cognition","Thunder Strike"],"picked":"All For One","floor":33},{"not_picked":["Conserve Battery","Aggregate"],"picked":"Ball Lightning+1","floor":35},{"not_picked":["Streamline","Conserve Battery+1"],"picked":"Self Repair+1","floor":36},{"not_picked":["Stack+1","Leap","Ball Lightning+1"],"picked":"SKIP","floor":37},{"not_picked":["Redo","Cold Snap"],"picked":"Tempest","floor":39}],"player_experience":24781,"relics_obtained":[{"floor":6,"key":"Du-Vu Doll"},{"floor":9,"key":"Ginger"},{"floor":10,"key":"Lantern"},{"floor":14,"key":"Blood Vial"},{"floor":26,"key":"Smiling Mask"},{"floor":39,"key":"Old Coin"}],"event_choices":[{"damage_healed":0,"gold_gain":0,"player_choice":"Donut","damage_taken":0,"max_hp_gain":5,"max_hp_loss":0,"event_name":"Big Fish","floor":2,"gold_loss":0},{"damage_healed":0,"gold_gain":75,"player_choice":"Gather Gold","damage_taken":11,"max_hp_gain":0,"max_hp_loss":0,"event_name":"World of Goop","floor":5,"gold_loss":0},{"damage_healed":0,"gold_gain":30,"player_choice":"Searched \u00272\u0027 times","damage_taken":0,"max_hp_gain":0,"max_hp_loss":0,"event_name":"Dead Adventurer","floor":10,"gold_loss":0},{"cards_removed":["Strike_B"],"damage_healed":0,"gold_gain":0,"player_choice":"Elegance","damage_taken":0,"max_hp_gain":0,"max_hp_loss":0,"event_name":"Back to Basics","floor":22,"gold_loss":0},{"damage_healed":0,"gold_gain":0,"player_choice":"Fight","damage_taken":0,"max_hp_gain":0,"max_hp_loss":0,"event_name":"Colosseum","floor":27,"gold_loss":0},{"damage_healed":0,"gold_gain":0,"player_choice":"Fled From Nobs","damage_taken":0,"max_hp_gain":0,"max_hp_loss":0,"event_name":"Colosseum","floor":27,"gold_loss":0},{"damage_healed":0,"gold_gain":99,"player_choice":"Stole From Cult","damage_taken":0,"max_hp_gain":0,"max_hp_loss":0,"event_name":"Nest","floor":28,"gold_loss":0},{"damage_healed":0,"gold_gain":0,"player_choice":"Obtained Relic","damage_taken":0,"relics_obtained":["Bronze Scales"],"max_hp_gain":0,"max_hp_loss":0,"event_name":"Addict","floor":31,"gold_loss":85},{"damage_healed":0,"gold_gain":0,"player_choice":"Fight","damage_taken":0,"max_hp_gain":0,"max_hp_loss":0,"event_name":"MindBloom","floor":39,"gold_loss":0}],"is_beta":false,"boss_relics":[{"not_picked":["White Beast Statue","Fusion Hammer"],"picked":"Coffee Dripper"},{"not_picked":["Philosopher\u0027s Stone","Nuclear Battery"],"picked":"Cursed Key"}],"items_purged_floors":[11,38],"is_endless":false,"potions_floor_spawned":[8,16,19,27,30],"killed_by":"Reptomancer","ascension_level":0}