{"gold_per_floor":[19,32,47,147,166,166,15,48,71,71,86,114,114,134,134,208,208,224,46,46,59,59,59,8,43,43,118,118,118,31,49,49,49],"floor_reached":33,"playtime":1075,"items_purged":[],"score":571,"play_id":"7fd6cdbb-a1bf-4365-8235-1a9682b44276","local_time":"20190728015746","is_ascension_mode":true,"campfire_choices":[{"data":"Blood for Blood","floor":6,"key":"SMITH"},{"data":"True Grit","floor":10,"key":"SMITH"},{"data":"Inflame","floor":13,"key":"SMITH"},{"data":"Bash","floor":15,"key":"SMITH"},{"data":"Immolate","floor":23,"key":"SMITH"},{"floor":28,"key":"REST"},{"floor":32,"key":"REST"}],"neow_cost":"NO_GOLD","seed_source_timestamp":930772471725000,"circlet_count":0,"master_deck":["AscendersBane","Defend_R","Defend_R","Defend_R","Defend_R","Bash+1","Inflame+1","Feel No Pain","True Grit+1","Blood for Blood+1","Immolate+1","Anger","Headbutt","Metallicize","Demon Form","Dropkick+1","Perfected Strike+1","Battle Trance+1","Feel No Pain","Evolve","Shockwave","Shrug It Off","Feel No Pain","Warcry","Flame Barrier","Dropkick","Warcry"],"relics":["Burning Blood","Mango","Happy Flower","Blood Vial","Strawberry","Astrolabe","Tiny Chest","Enchiridion","Bronze Scales","Self Forming Clay","Frozen Egg 2"],"potions_floor_usage":[8,12,16,25,33],"damage_taken":[{"damage":6,"enemies":"Small Slimes","floor":1,"turns":5},{"damage":7,"enemies":"Cultist","floor":2,"turns":4},{"damage":9,"enemies":"Jaw Worm","floor":3,"turns":5},{"damage":10,"enemies":"2 Fungi Beasts","floor":5,"turns":4},{"damage":25,"enemies":"Lagavulin","floor":8,"turns":7},{"damage":12,"enemies":"Looter","floor":11,"turns":5},{"damage":8,"enemies":"Gremlin Nob","floor":12,"turns":3},{"damage":4,"enemies":"3 Louse","floor":14,"turns":3},{"damage":35,"enemies":"Hexaghost","floor":16,"turns":9},{"damage":26,"enemies":"Spheric Guardian","floor":18,"turns":5},{"damage":11,"enemies":"Shell Parasite","floor":21,"turns":5},{"damage":34,"enemies":"Gremlin Leader","floor":25,"turns":7},{"damage":25,"enemies":"Cultist and Chosen","floor":31,"turns":6},{"damage":71,"enemies":"Collector","floor":33,"turns":6}],"seed_played":"-561738241110214606","potions_obtained":[{"floor":3,"key":"Poison Potion"},{"floor":5,"key":"AttackPotion"},{"floor":8,"key":"Fire Potion"},{"floor":12,"key":"EssenceOfSteel"},{"floor":18,"key":"FearPotion"},{"floor":21,"key":"Fire Potion"},{"floor":25,"key":"Strength Potion"}],"is_trial":false,"path_per_floor":["M","M","M","?","M","R","$","E","T","R","M","E","R","M","R","B",null,"M","$","?","M","?","R","$","E","T","T","R","?","$","M","R","B"],"character_chosen":"IRONCLAD","items_purchased":["Immolate","Evolve","Tiny Chest","Shrug It Off","Dropkick"],"campfire_rested":2,"item_purchase_floors":[7,19,19,24,30],"current_hp_per_floor":[82,81,78,78,74,74,74,55,55,55,51,58,58,62,62,35,81,63,63,63,60,39,39,39,13,13,13,41,41,41,24,52,0],"gold":49,"neow_bonus":"ONE_RARE_RELIC","is_prod":false,"is_daily":false,"chose_seed":false,"campfire_upgraded":5,"win_rate":0,"timestamp":1564304266,"path_taken":["M","M","M","?","M","R","$","E","T","R","?","E","R","M","R","BOSS","M","$","?","M","?","R","$","E","T","?","R","?","?","M","R","BOSS"],"build_version":"2019-07-17","purchased_purges":0,"victory":false,"max_hp_per_floor":[89,89,89,89,89,89,89,89,89,89,89,96,96,96,96,96,96,96,96,96,96,96,96,96,96,96,96,96,96,96,96,96,96],"card_choices":[{"not_picked":["Twin Strike","Power Through"],"picked":"Inflame","floor":1},{"not_picked":["Cleave","Havoc"],"picked":"Feel No Pain","floor":2},{"not_picked":["Seeing Red","Iron Wave"],"picked":"True Grit","floor":3},{"not_picked":["Flex","Power Through"],"picked":"Blood for Blood","floor":5},{"not_picked":["Metallicize","Havoc","Pummel"],"picked":"SKIP","floor":8},{"not_picked":["Dropkick","Reckless Charge"],"picked":"Anger","floor":11},{"not_picked":["Cleave","Armaments"],"picked":"Headbutt","floor":12},{"not_picked":["Combust","Ghostly Armor"],"picked":"Metallicize","floor":14},{"not_picked":["Dark Embrace","Double Tap"],"picked":"Demon Form","floor":16},{"not_picked":["Flex","Anger"],"picked":"Feel No Pain","floor":18},{"not_picked":["Searing Blow","Rupture","Flex"],"picked":"SKIP","floor":21},{"not_picked":["Flex","Perfected Strike"],"picked":"Feel No Pain","floor":25},{"not_picked":["Flex+1","Cleave"],"picked":"Warcry","floor":31}],"player_experience":706626,"relics_obtained":[{"floor":8,"key":"Happy Flower"},{"floor":9,"key":"Blood Vial"},{"floor":12,"key":"Strawberry"},{"floor":22,"key":"Enchiridion"},{"floor":25,"key":"Bronze Scales"},{"floor":26,"key":"Self Forming Clay"},{"floor":27,"key":"Frozen Egg 2"}],"event_choices":[{"damage_healed":0,"gold_gain":100,"player_choice":"Gold","damage_taken":0,"max_hp_gain":0,"max_hp_loss":0,"event_name":"Wheel of Change","floor":4,"gold_loss":0},{"damage_healed":0,"gold_gain":0,"player_choice":"Read","damage_taken":0,"max_hp_gain":0,"max_hp_loss":0,"event_name":"The Library","floor":20,"gold_loss":0,"cards_obtained":["Shockwave"]},{"damage_healed":0,"gold_gain":0,"player_choice":"Obtained Book","damage_taken":21,"max_hp_gain":0,"max_hp_loss":0,"event_name":"Cursed Tome","floor":22,"gold_loss":0},{"damage_healed":0,"gold_gain":0,"cards_transformed":["Strike_R","Strike_R"],"player_choice":"Became Test Subject","damage_taken":0,"max_hp_gain":0,"max_hp_loss":0,"event_name":"Drug Dealer","floor":29,"gold_loss":0,"cards_obtained":["Warcry","Flame Barrier"]}],"is_beta":false,"boss_relics":[{"not_picked":["Orrery","White Beast Statue"],"picked":"Astrolabe"}],"items_purged_floors":[],"is_endless":false,"potions_floor_spawned":[3,5,8,12,18,21,25],"killed_by":"Collector","ascension_level":20}