{"gold_per_floor":[112,123,139,159,47,77,96,14,14,14,189,189,220,232,232,327,327,252,60,60,60,10,10,10,10,10,10,0,0,0,0,0,0,0,0,0,0,0,0,0,0,0,0,0,0,0,0,0,0,0],"floor_reached":51,"playtime":3084,"items_purged":["Strike_B","Strike_B"],"score":652,"play_id":"6d326a98-7120-4dd6-8bc1-76b02bea9392","local_time":"20181227201140","is_ascension_mode":false,"campfire_choices":[{"floor":12,"key":"REST"},{"data":"Buffer","floor":15,"key":"SMITH"},{"data":"Creative AI","floor":23,"key":"SMITH"},{"data":"Gash","floor":25,"key":"SMITH"},{"data":"Hologram","floor":27,"key":"SMITH"},{"floor":32,"key":"REST"},{"data":"Hologram","floor":40,"key":"SMITH"},{"data":"Zap","floor":44,"key":"SMITH"},{"data":"Glacier","floor":49,"key":"SMITH"}],"neow_cost":"NONE","seed_source_timestamp":11693336281515,"circlet_count":0,"master_deck":["Strike_B+1","Defend_B","Defend_B","Zap+1","Dualcast","Gash+1","Beam Cell","Buffer+1","Glacier+1","Hologram+1","Swift Strike+1","Doubt","Leap","BootSequence","Creative AI+1","Cold Snap","Go for the Eyes","Hologram+1","Beam Cell","Capacitor+1","Rebound","Core Surge","Gash+1","Leap","Go for the Eyes+1","Self Repair+1","Beam Cell+1","Hologram+1","Sweeping Beam+1"],"relics":["Cracked Core","NeowsBlessing","Sundial","Kunai","Bronze Scales","Ectoplasm","Bag of Marbles","Meat on the Bone","Frozen Egg 2","Empty Cage","Blood Vial"],"potions_floor_usage":[6,14,14,16,31,31,48,50,50],"damage_taken":[{"damage":0,"enemies":"Cultist","floor":1,"turns":1},{"damage":0,"enemies":"Small Slimes","floor":2,"turns":1},{"damage":0,"enemies":"2 Louse","floor":3,"turns":1},{"damage":23,"enemies":"Exordium Thugs","floor":4,"turns":6},{"damage":18,"enemies":"Gremlin Nob","floor":6,"turns":5},{"damage":9,"enemies":"3 Louse","floor":7,"turns":5},{"damage":13,"enemies":"3 Sentries","floor":13,"turns":8},{"damage":4,"enemies":"Lots of Slimes","floor":14,"turns":3},{"damage":2,"enemies":"Hexaghost","floor":16,"turns":11},{"damage":20,"enemies":"2 Thieves","floor":18,"turns":5},{"damage":0,"enemies":"Shell Parasite","floor":21,"turns":8},{"damage":4,"enemies":"Snecko","floor":24,"turns":9},{"damage":42,"enemies":"Slavers","floor":31,"turns":7},{"damage":37,"enemies":"Champ","floor":33,"turns":15},{"damage":6,"enemies":"Orb Walker","floor":35,"turns":4},{"damage":7,"enemies":"3 Shapes","floor":38,"turns":7},{"damage":11,"enemies":"Transient","floor":41,"turns":5},{"damage":4,"enemies":"3 Darklings","floor":45,"turns":8},{"damage":15,"enemies":"4 Shapes","floor":46,"turns":9},{"damage":0,"enemies":"Spire Growth","floor":47,"turns":7},{"damage":2,"enemies":"Transient","floor":48,"turns":5},{"damage":39,"enemies":"Donu and Deca","floor":50,"turns":12}],"seed_played":"-971235248744929474","potions_obtained":[{"floor":3,"key":"EssenceOfSteel"},{"floor":4,"key":"Ancient Potion"},{"floor":7,"key":"Ancient Potion"},{"floor":14,"key":"Block Potion"},{"floor":16,"key":"Explosive Potion"},{"floor":18,"key":"PowerPotion"},{"floor":33,"key":"Dexterity Potion"},{"floor":35,"key":"Strength Potion"},{"floor":41,"key":"Fire Potion"}],"is_trial":false,"path_per_floor":["M","M","M","M","$","E","M","$","T","?","?","R","E","M","R","B",null,"M","$","?","M","?","R","M","R","T","R","?","?","T","E","R","B",null,"M","?","$","M","?","R","M","?","T","R","M","M","M","M","R","B",null],"character_chosen":"DEFECT","items_purchased":["Glacier","Swift Strike","Go for the Eyes","Hologram"],"campfire_rested":2,"item_purchase_floors":[5,8,19,19],"current_hp_per_floor":[75,75,75,52,52,34,25,25,25,10,10,32,19,15,15,13,75,55,55,55,55,55,55,51,51,51,51,51,51,51,21,43,18,75,69,69,69,62,62,62,51,51,51,51,49,46,58,68,68,53],"gold":0,"neow_bonus":"THREE_ENEMY_KILL","is_prod":false,"is_daily":false,"chose_seed":false,"campfire_upgraded":7,"win_rate":0,"timestamp":1545963100,"path_taken":["M","M","M","?","$","E","M","$","T","?","?","R","E","M","R","BOSS","M","$","?","M","?","R","?","R","T","R","?","?","?","E","R","BOSS","M","?","$","M","?","R","M","?","T","R","M","?","M","M","R","BOSS"],"build_version":"2018-12-20","purchased_purges":2,"victory":true,"max_hp_per_floor":[75,75,75,75,75,75,75,75,75,75,75,75,75,75,75,75,75,75,75,75,75,75,75,75,75,75,75,75,75,75,75,75,75,75,75,71,71,71,71,71,71,71,71,71,71,71,71,71,71,71],"card_choices":[{"not_picked":["Beam Cell","Go for the Eyes"],"picked":"Gash","floor":1},{"not_picked":["Stack","Melter"],"picked":"Beam Cell","floor":2},{"not_picked":["Stack","Coolheaded"],"picked":"Buffer","floor":3},{"not_picked":["White Noise","Compile Driver","Aggregate"],"picked":"SKIP","floor":4},{"not_picked":["Sunder","Stack","Hello World"],"picked":"SKIP","floor":6},{"not_picked":["Loop","Capacitor"],"picked":"Hologram","floor":7},{"not_picked":["Core Surge","Double Energy"],"picked":"Leap","floor":13},{"not_picked":["Turbo","Conserve Battery"],"picked":"BootSequence","floor":14},{"not_picked":["Thunder Strike","Rainbow"],"picked":"Creative AI","floor":16},{"not_picked":["Consume","Skim"],"picked":"Cold Snap","floor":18},{"not_picked":["Chaos","Leap"],"picked":"Beam Cell","floor":21},{"not_picked":["Cold Snap","BootSequence"],"picked":"Capacitor+1","floor":24},{"not_picked":["Loop+1","Static Discharge+1"],"picked":"Rebound","floor":31},{"not_picked":["Machine Learning+1","Creative AI+1"],"picked":"Core Surge","floor":33},{"not_picked":["Cold Snap+1","Compile Driver+1"],"picked":"Gash+1","floor":35},{"not_picked":["Blizzard","Redo+1"],"picked":"Leap","floor":38},{"not_picked":["Gash","Streamline+1"],"picked":"Go for the Eyes+1","floor":41},{"not_picked":["Ball Lightning+1","Redo"],"picked":"Self Repair+1","floor":45},{"not_picked":["Rebound","Recycle"],"picked":"Beam Cell+1","floor":46},{"not_picked":["Compile Driver","Creative AI+1"],"picked":"Hologram+1","floor":47},{"not_picked":["Hologram","Beam Cell+1"],"picked":"Sweeping Beam+1","floor":48}],"player_experience":38763,"relics_obtained":[{"floor":6,"key":"Sundial"},{"floor":9,"key":"Kunai"},{"floor":13,"key":"Bronze Scales"},{"floor":26,"key":"Bag of Marbles"},{"floor":30,"key":"Meat on the Bone"},{"floor":31,"key":"Frozen Egg 2"},{"floor":43,"key":"Blood Vial"}],"event_choices":[{"damage_healed":0,"gold_gain":0,"player_choice":"Entered Light","damage_taken":15,"max_hp_gain":0,"max_hp_loss":0,"event_name":"Shining Light","floor":10,"gold_loss":0,"cards_upgraded":["Strike_B","Swift Strike"]},{"damage_healed":0,"gold_gain":175,"player_choice":"AGREE","damage_taken":0,"max_hp_gain":0,"max_hp_loss":0,"event_name":"Liars Game","floor":11,"gold_loss":0,"cards_obtained":["Doubt"]},{"damage_healed":0,"gold_gain":0,"player_choice":"Ignored","damage_taken":0,"max_hp_gain":0,"max_hp_loss":0,"event_name":"Ghosts","floor":20,"gold_loss":0},{"damage_healed":0,"gold_gain":0,"player_choice":"Bet on Murderer","damage_taken":0,"max_hp_gain":0,"max_hp_loss":0,"event_name":"The Joust","floor":22,"gold_loss":50},{"damage_healed":0,"gold_gain":0,"player_choice":"Paid Fearfully","damage_taken":0,"max_hp_gain":0,"max_hp_loss":0,"event_name":"Masked Bandits","floor":28,"gold_loss":10},{"damage_healed":0,"gold_gain":0,"player_choice":"Ignored","damage_taken":0,"max_hp_gain":0,"max_hp_loss":0,"event_name":"Beggar","floor":29,"gold_loss":0},{"damage_healed":0,"gold_gain":0,"player_choice":"Max HP","damage_taken":0,"max_hp_gain":0,"max_hp_loss":4,"event_name":"Winding Halls","floor":36,"gold_loss":0},{"cards_removed":["Strike_B"],"damage_healed":0,"gold_gain":0,"player_choice":"Removed Attack","damage_taken":0,"max_hp_gain":0,"max_hp_loss":0,"event_name":"Falling","floor":39,"gold_loss":0},{"damage_healed":0,"gold_gain":0,"player_choice":"Ignored","damage_taken":0,"max_hp_gain":0,"max_hp_loss":0,"event_name":"Mysterious Sphere","floor":42,"gold_loss":0}],"is_beta":false,"boss_relics":[{"not_picked":["Calling Bell","Runic Pyramid"],"picked":"Ectoplasm"},{"not_picked":["Runic Dome","Philosopher\u0027s Stone"],"picked":"Empty Cage"}],"items_purged_floors":[5,19],"is_endless":false,"potions_floor_spawned":[3,4,7,14,16,18,33,35,41,46],"ascension_level":0}