{"gold_per_floor":[360,380,380,393,37,63,63,63,63,63,63,74,86,120,120,120],"floor_reached":16,"playtime":401,"items_purged":[],"score":220,"play_id":"31b1b0b1-7cea-4d30-9977-65de9805fa79","local_time":"20190807193101","is_ascension_mode":true,"campfire_choices":[{"data":"Anger","floor":11,"key":"SMITH"},{"floor":15,"key":"REST"}],"neow_cost":"TEN_PERCENT_HP_LOSS","seed_source_timestamp":358663702237200,"circlet_count":0,"master_deck":["AscendersBane","Strike_R","Strike_R","Strike_R","Strike_R","Strike_R","Defend_R","Defend_R+1","Defend_R","Defend_R","Bash","Anger+1","Shrug It Off","Sever Soul+1","Feel No Pain+1","Pommel Strike","Intimidate","Uppercut","Whirlwind"],"relics":["Burning Blood","Strange Spoon","Pen Nib","Darkstone Periapt","Question Card"],"potions_floor_usage":[6,14],"damage_taken":[{"damage":4,"enemies":"2 Louse","floor":1,"turns":4},{"damage":3,"enemies":"Small Slimes","floor":2,"turns":3},{"damage":1,"enemies":"Cultist","floor":4,"turns":4},{"damage":26,"enemies":"Gremlin Nob","floor":6,"turns":4},{"damage":12,"enemies":"Red Slaver","floor":12,"turns":5},{"damage":13,"enemies":"Exordium Wildlife","floor":13,"turns":4},{"damage":10,"enemies":"3 Sentries","floor":14,"turns":8},{"damage":41,"enemies":"Slime Boss","floor":16,"turns":7}],"seed_played":"243674266220617391","potions_obtained":[{"floor":4,"key":"Poison Potion"},{"floor":6,"key":"Strength Potion"}],"is_trial":false,"path_per_floor":["M","M","?","M","$","E","?","?","T","?","R","M","M","E","R","B"],"character_chosen":"IRONCLAD","items_purchased":["Feel No Pain","Strange Spoon","Pommel Strike"],"campfire_rested":1,"item_purchase_floors":[5,5,5],"current_hp_per_floor":[68,68,68,68,68,48,53,31,31,31,31,25,18,14,35,0],"gold":120,"neow_bonus":"TWO_FIFTY_GOLD","is_prod":false,"is_daily":false,"chose_seed":false,"campfire_upgraded":1,"win_rate":0,"timestamp":1565231461,"path_taken":["M","M","?","M","$","E","?","?","T","?","R","?","M","E","R","BOSS"],"build_version":"2019-07-17","purchased_purges":0,"victory":false,"max_hp_per_floor":[68,68,68,68,68,68,73,73,73,73,73,73,73,73,73,73],"card_choices":[{"not_picked":["Armaments","Clash"],"picked":"Anger","floor":1},{"not_picked":["Warcry","Pommel Strike"],"picked":"Shrug It Off","floor":2},{"not_picked":["Infernal Blade","Rage","Sever Soul"],"picked":"SKIP","floor":4},{"not_picked":["Infernal Blade","Rage"],"picked":"Sever Soul","floor":4},{"not_picked":["Thunderclap","Anger"],"picked":"Intimidate","floor":6},{"not_picked":["Twin Strike","Flex"],"picked":"Uppercut","floor":12},{"not_picked":["Uppercut","Combust"],"picked":"Whirlwind","floor":13},{"not_picked":["Cleave","Clash","Brutality"],"picked":"SKIP","floor":14}],"player_experience":746637,"relics_obtained":[{"floor":6,"key":"Pen Nib"},{"floor":9,"key":"Darkstone Periapt"},{"floor":14,"key":"Question Card"}],"event_choices":[{"damage_healed":0,"gold_gain":0,"player_choice":"Leave","damage_taken":0,"max_hp_gain":0,"max_hp_loss":0,"event_name":"The Cleric","floor":3,"gold_loss":0},{"damage_healed":0,"gold_gain":0,"player_choice":"Donut","damage_taken":0,"max_hp_gain":5,"max_hp_loss":0,"event_name":"Big Fish","floor":7,"gold_loss":0},{"damage_healed":0,"gold_gain":0,"player_choice":"Entered Light","damage_taken":22,"max_hp_gain":0,"max_hp_loss":0,"event_name":"Shining Light","floor":8,"gold_loss":0,"cards_upgraded":["Sever Soul","Defend_R"]},{"damage_healed":0,"gold_gain":0,"player_choice":"Upgraded","damage_taken":0,"max_hp_gain":0,"max_hp_loss":0,"event_name":"Upgrade Shrine","floor":10,"gold_loss":0,"cards_upgraded":["Feel No Pain"]}],"is_beta":false,"boss_relics":[],"items_purged_floors":[],"is_endless":false,"potions_floor_spawned":[4,6],"killed_by":"Slime Boss","ascension_level":20}