{"gold_per_floor":[114,144,164,89,108,140,140,174,174,192,202,228,247,280,280,351,351,365,18,198,212,226,226,251,263,275,187,204,219,229,249,249,326,376,393,43,54,54,65,65,95,115,115,126,45,45,64,64,64,64],"floor_reached":51,"playtime":2349,"items_purged":["Writhe","Strike_R","Strike_R"],"score":1304,"play_id":"cd120e6e-07d6-456c-bc45-7d49d2fec81b","local_time":"20181224000021","is_ascension_mode":true,"campfire_choices":[{"data":"Uppercut","floor":7.0,"key":"SMITH"},{"data":"True Grit","floor":15.0,"key":"SMITH"},{"floor":23.0,"key":"REST"},{"data":"Limit Break","floor":25.0,"key":"SMITH"},{"floor":32.0,"key":"REST"},{"floor":40.0,"key":"REST"},{"data":"Pummel","floor":49.0,"key":"SMITH"}],"neow_cost":"CURSE","seed_source_timestamp":201729995639900,"circlet_count":0,"master_deck":["AscendersBane","Strike_R","Strike_R","Defend_R","Defend_R+1","Defend_R","Defend_R","Bash","Uppercut+1","True Grit+1","Power Through","Headbutt","Shrug It Off","Inflame","Offering","Limit Break+1","Whirlwind","Inflame","Thunderclap","Shrug It Off","Flex","Armaments+1","Warcry","True Grit","Pummel+1"],"special_seed":0,"relics":["Burning Blood","StoneCalendar","Tiny Chest","FossilizedHelix","Orichalcum","Bottled Flame","Paper Frog","Regal Pillow","Mark of Pain","Sling","MawBank","Pear","Tiny House","Red Skull","Turnip","Blood Vial"],"potions_floor_usage":[50],"damage_taken":[{"damage":0.0,"enemies":"Small Slimes","floor":1.0,"turns":3.0},{"damage":3.0,"enemies":"2 Louse","floor":3.0,"turns":3.0},{"damage":6.0,"enemies":"Cultist","floor":5.0,"turns":3.0},{"damage":20.0,"enemies":"Lagavulin","floor":6.0,"turns":7.0},{"damage":10.0,"enemies":"3 Sentries","floor":8.0,"turns":7.0},{"damage":10.0,"enemies":"Lots of Slimes","floor":10.0,"turns":6.0},{"damage":0.0,"enemies":"Looter","floor":11.0,"turns":2.0},{"damage":9.0,"enemies":"Lagavulin","floor":12.0,"turns":6.0},{"damage":0.0,"enemies":"Red Slaver","floor":13.0,"turns":4.0},{"damage":9.0,"enemies":"3 Sentries","floor":14.0,"turns":7.0},{"damage":27.0,"enemies":"Slime Boss","floor":16.0,"turns":10.0},{"damage":18.0,"enemies":"3 Byrds","floor":18.0,"turns":6.0},{"damage":9.0,"enemies":"2 Thieves","floor":21.0,"turns":3.0},{"damage":22.0,"enemies":"Sentry and Sphere","floor":22.0,"turns":6.0},{"damage":20.0,"enemies":"Gremlin Leader","floor":24.0,"turns":4.0},{"damage":14.0,"enemies":"Snecko","floor":28.0,"turns":5.0},{"damage":8.0,"enemies":"Shelled Parasite and Fungi","floor":29.0,"turns":5.0},{"damage":6.0,"enemies":"Snake Plant","floor":30.0,"turns":2.0},{"damage":17.0,"enemies":"Cultist and Chosen","floor":31.0,"turns":6.0},{"damage":24.0,"enemies":"Champ","floor":33.0,"turns":8.0},{"damage":25.0,"enemies":"3 Darklings","floor":35.0,"turns":7.0},{"damage":16.0,"enemies":"Orb Walker","floor":37.0,"turns":5.0},{"damage":30.0,"enemies":"Maw","floor":39.0,"turns":6.0},{"damage":29.0,"enemies":"Reptomancer","floor":41.0,"turns":5.0},{"damage":41.0,"enemies":"Sphere and 2 Shapes","floor":42.0,"turns":7.0},{"damage":11.0,"enemies":"Jaw Worm Horde","floor":44.0,"turns":3.0},{"damage":0.0,"enemies":"Transient","floor":47.0,"turns":5.0},{"damage":67,"enemies":"Time Eater","floor":50,"turns":7}],"seed_played":"-4702193190312602066","potions_obtained":[{"floor":1.0,"key":"FearPotion"},{"floor":8.0,"key":"Ancient Potion"},{"floor":21.0,"key":"PowerPotion"},{"floor":33.0,"key":"Block Potion"},{"floor":39.0,"key":"Block Potion"},{"floor":41.0,"key":"Dexterity Potion"},{"floor":44.0,"key":"Weak Potion"},{"floor":47.0,"key":"GamblersBrew"}],"is_trial":false,"path_per_floor":["M","?","M","$","M","E","R","E","T","M","M","E","M","E","R","B",null,"M","$","?","M","M","R","E","R","T","$","M","M","M","M","R","B",null,"M","$","M","?","M","R","E","M","T","M","$","?","M","?","R","B",null],"character_chosen":"IRONCLAD","items_purchased":["Whirlwind","Sling","Inflame","Red Skull","Warcry","Pummel"],"campfire_rested":3,"item_purchase_floors":[19,19,19,36,36,45],"current_hp_per_floor":[74,69,72,72,72,58,58,54,54,50,56,53,59,56,56,35,65,53,53,32,29,13,50,36,36,46,46,38,36,36,25,65,47,81,62,62,52,52,28,70,47,12,12,9,9,9,17,100,100,39],"gold":64,"neow_bonus":"ONE_RARE_RELIC","is_prod":false,"is_daily":false,"chose_seed":false,"campfire_upgraded":4,"win_rate":0,"timestamp":1545638421,"path_taken":["M","?","M","$","M","E","R","E","T","M","M","E","M","E","R","BOSS","M","$","?","?","M","R","E","R","T","?","M","M","M","M","R","BOSS","M","$","M","?","?","R","E","M","T","M","$","?","?","?","R","BOSS"],"build_version":"2018-12-20","purchased_purges":3,"victory":true,"max_hp_per_floor":[75,75,75,75,75,75,75,75,75,75,75,75,75,75,75,75,75,75,75,75,75,75,75,75,75,85,85,85,85,85,85,85,85,90,90,90,90,90,90,90,90,90,90,90,90,90,90,100,100,100],"card_choices":[{"not_picked":["Entrench","Reckless Charge"],"picked":"Uppercut","floor":1.0},{"not_picked":["Flex","Wild Strike"],"picked":"True Grit","floor":3.0},{"not_picked":["Body Slam","Sword Boomerang"],"picked":"Power Through","floor":5.0},{"not_picked":["Spot Weakness","Rage"],"picked":"Headbutt","floor":6.0},{"not_picked":["Bloodletting","Rage","Shockwave"],"picked":"SKIP","floor":8.0},{"not_picked":["Thunderclap","Iron Wave","Heavy Blade"],"picked":"SKIP","floor":10.0},{"not_picked":["Seeing Red","Warcry","Havoc"],"picked":"SKIP","floor":11.0},{"not_picked":["Spot Weakness","Perfected Strike"],"picked":"Shrug It Off","floor":12.0},{"not_picked":["Carnage","True Grit"],"picked":"Inflame","floor":13.0},{"not_picked":["Metallicize","Headbutt"],"picked":"Offering","floor":14.0},{"not_picked":["Demon Form","Offering"],"picked":"Limit Break","floor":16.0},{"not_picked":["Heavy Blade","Dual Wield","Clothesline"],"picked":"SKIP","floor":18.0},{"not_picked":["Anger+1","Armaments"],"picked":"Thunderclap","floor":21.0},{"not_picked":["Rage","Intimidate"],"picked":"Shrug It Off","floor":22.0},{"not_picked":["Twin Strike","Thunderclap"],"picked":"Flex","floor":24.0},{"not_picked":["Iron Wave","Twin Strike","Clothesline"],"picked":"SKIP","floor":28.0},{"not_picked":["Seeing Red","Heavy Blade"],"picked":"Armaments+1","floor":29.0},{"not_picked":["Wild Strike","Anger+1","Bludgeon"],"picked":"SKIP","floor":30.0},{"not_picked":["Infernal Blade","Wild Strike","Rampage"],"picked":"SKIP","floor":31.0},{"not_picked":["Flame Barrier","Thunderclap","Blood for Blood"],"picked":"SKIP","floor":35.0},{"not_picked":["Disarm","Metallicize+1","Perfected Strike"],"picked":"SKIP","floor":37.0},{"not_picked":["Flex","Feed","Feel No Pain"],"picked":"SKIP","floor":39.0},{"not_picked":["Sever Soul","Immolate"],"picked":"True Grit","floor":41.0},{"not_picked":["Clothesline","Body Slam","Havoc+1"],"picked":"SKIP","floor":42.0},{"not_picked":["Flex","Wild Strike","Iron Wave"],"picked":"SKIP","floor":44.0},{"not_picked":["Body Slam","Inflame","Warcry"],"picked":"SKIP","floor":47.0}],"player_experience":186038,"relics_obtained":[{"floor":6.0,"key":"FossilizedHelix"},{"floor":8.0,"key":"Orichalcum"},{"floor":9.0,"key":"Bottled Flame"},{"floor":12.0,"key":"Paper Frog"},{"floor":14.0,"key":"Regal Pillow"},{"floor":24.0,"key":"MawBank"},{"floor":26.0,"key":"Pear"},{"floor":41.0,"key":"Turnip"},{"floor":43.0,"key":"Blood Vial"}],"event_choices":[{"damage_healed":0.0,"max_hp_gain":0.0,"max_hp_loss":0.0,"gold_gain":0.0,"event_name":"Scrap Ooze","player_choice":"Success","floor":2.0,"gold_loss":0.0,"damage_taken":5.0,"relics_obtained":["Tiny Chest"]},{"damage_healed":0.0,"max_hp_gain":0.0,"max_hp_loss":0.0,"gold_gain":180.0,"event_name":"Knowing Skull","player_choice":"GOLD GOLD ","floor":20.0,"potions_obtained":[],"gold_loss":0.0,"damage_taken":21.0,"cards_obtained":[]},{"damage_healed":0.0,"max_hp_gain":0.0,"max_hp_loss":0.0,"gold_gain":0.0,"cards_transformed":["Strike_R"],"event_name":"Transmorgrifier","player_choice":"Transformed","floor":38.0,"gold_loss":0.0,"damage_taken":0.0,"cards_obtained":["Immolate"]},{"damage_healed":0.0,"max_hp_gain":0.0,"max_hp_loss":0.0,"gold_gain":0.0,"event_name":"Match and Keep!","player_choice":"0 cards matched","floor":46.0,"gold_loss":0.0,"damage_taken":0.0,"cards_obtained":[]},{"cards_removed":["Immolate"],"damage_healed":73.0,"max_hp_gain":10.0,"max_hp_loss":0.0,"gold_gain":0.0,"event_name":"Bonfire Elementals","player_choice":"Offered Rare","floor":48.0,"gold_loss":0.0,"damage_taken":0.0}],"is_beta":false,"boss_relics":[{"not_picked":["Ectoplasm","Fusion Hammer"],"picked":"Mark of Pain"},{"not_picked":["Astrolabe","Pandora\u0027s Box"],"picked":"Tiny House"}],"items_purged_floors":[4,27,36],"is_endless":false,"potions_floor_spawned":[1,8,10,11,21,28,29,31,33,39,41,44,47],"ascension_level":16}