{"gold_per_floor":[115,129,9,9,27,27,52,52,52,62,62,76,76,90,90,90],"floor_reached":16,"playtime":315,"items_purged":[],"score":184,"play_id":"c37535bc-c816-4a5a-ad58-b71b61231a8d","local_time":"20181223160414","is_ascension_mode":true,"campfire_choices":[{"data":"Armaments","floor":6,"key":"SMITH"},{"floor":13,"key":"REST"},{"floor":15,"key":"REST"}],"neow_cost":"NONE","seed_source_timestamp":175845886321700,"circlet_count":0,"master_deck":["AscendersBane","Strike_R","Strike_R","Strike_R","Strike_R","Strike_R","Defend_R","Defend_R","Defend_R","Defend_R","Bash","Clash","Armaments+1","Whirlwind","Feel No Pain","Immolate","Seeing Red","Bloodletting","Feel No Pain"],"relics":["Burning Blood","NeowsBlessing","Nunchaku","StoneCalendar"],"potions_floor_usage":[],"damage_taken":[{"damage":0,"enemies":"Cultist","floor":1,"turns":1},{"damage":0,"enemies":"Small Slimes","floor":2,"turns":1},{"damage":0,"enemies":"Jaw Worm","floor":5,"turns":1},{"damage":22,"enemies":"Gremlin Nob","floor":7,"turns":4},{"damage":26,"enemies":"Looter","floor":10,"turns":4},{"damage":9,"enemies":"2 Fungi Beasts","floor":12,"turns":3},{"damage":24,"enemies":"Lots of Slimes","floor":14,"turns":4},{"damage":63,"enemies":"The Guardian","floor":16,"turns":8}],"seed_played":"-4333998998577210013","potions_obtained":[{"floor":2,"key":"GamblersBrew"},{"floor":5,"key":"PowerPotion"}],"is_trial":false,"path_per_floor":["M","M","$","?","M","R","E","$","T","M","$","M","R","M","R","B"],"character_chosen":"IRONCLAD","items_purchased":["Whirlwind","Feel No Pain"],"campfire_rested":2,"item_purchase_floors":[3,3],"current_hp_per_floor":[74,75,75,75,75,75,59,59,59,39,39,36,58,40,62,0],"gold":90,"neow_bonus":"THREE_ENEMY_KILL","is_prod":false,"is_daily":false,"chose_seed":false,"campfire_upgraded":1,"win_rate":0,"timestamp":1545609854,"path_taken":["M","?","$","?","M","R","E","$","T","?","$","M","R","M","R","BOSS"],"build_version":"2018-12-20","purchased_purges":0,"victory":false,"max_hp_per_floor":[75,75,75,75,75,75,75,75,75,75,75,75,75,75,75,75],"card_choices":[{"not_picked":["Anger","Headbutt"],"picked":"Clash","floor":1},{"not_picked":["Evolve","Twin Strike"],"picked":"Armaments","floor":2},{"not_picked":["Dropkick","Perfected Strike"],"picked":"Seeing Red","floor":5},{"not_picked":["Iron Wave","Body Slam","Bloodletting"],"picked":"SKIP","floor":7},{"not_picked":["Iron Wave","Body Slam"],"picked":"Bloodletting","floor":7},{"not_picked":["Thunderclap","Clash","Headbutt"],"picked":"SKIP","floor":10},{"not_picked":["Anger","Shrug It Off"],"picked":"Feel No Pain","floor":12},{"not_picked":["Clash","Impervious","Entrench"],"picked":"SKIP","floor":14}],"player_experience":185723,"relics_obtained":[{"floor":7,"key":"Nunchaku"},{"floor":9,"key":"StoneCalendar"}],"event_choices":[{"damage_healed":0,"gold_gain":0,"player_choice":"1 cards matched","damage_taken":0,"max_hp_gain":0,"max_hp_loss":0,"event_name":"Match and Keep!","floor":4,"gold_loss":0,"cards_obtained":["Immolate"]}],"is_beta":false,"boss_relics":[],"items_purged_floors":[],"is_endless":false,"potions_floor_spawned":[2,5,14],"killed_by":"The Guardian","ascension_level":16}