{"gold_per_floor":[418,493,3,16,30,62,74,86,150,162,187,49,63,94,94,199,199,211,211,111,131,141,141],"floor_reached":23,"playtime":891,"items_purged":["Decay","Defend_R"],"score":312,"play_id":"2854b989-749f-4aa3-b8e9-0741ebc6fc16","local_time":"20181215101913","is_ascension_mode":true,"campfire_choices":[{"data":"Cleave","floor":7.0,"key":"SMITH"},{"data":"Limit Break","floor":10.0,"key":"SMITH"},{"floor":15.0,"key":"REST"}],"neow_cost":"CURSE","seed_source_timestamp":9672191813300,"circlet_count":0,"master_deck":["AscendersBane","Strike_R","Strike_R","Strike_R","Strike_R","Strike_R+1","Defend_R","Defend_R","Defend_R","Bash","Clash+1","Limit Break+1","Cleave+1","Flame Barrier","Dual Wield","Armaments+1","Reckless Charge"],"special_seed":0,"relics":["Burning Blood","Old Coin","Medical Kit","Red Skull","MawBank","Art of War","Strawberry","Whetstone","Mark of Pain"],"potions_floor_usage":[18,21,22,23],"damage_taken":[{"damage":7.0,"enemies":"2 Louse","floor":1.0,"turns":3.0},{"damage":8.0,"enemies":"Small Slimes","floor":4.0,"turns":5.0},{"damage":6.0,"enemies":"Cultist","floor":5.0,"turns":3.0},{"damage":25.0,"enemies":"3 Sentries","floor":6.0,"turns":7.0},{"damage":1.0,"enemies":"Looter","floor":11.0,"turns":3.0},{"damage":12.0,"enemies":"Lots of Slimes","floor":13.0,"turns":3.0},{"damage":13.0,"enemies":"Lagavulin","floor":14.0,"turns":8.0},{"damage":21,"enemies":"Slime Boss","floor":16,"turns":9},{"damage":15,"enemies":"Shell Parasite","floor":18,"turns":6},{"damage":22,"enemies":"3 Byrds","floor":21,"turns":4},{"damage":14,"enemies":"Shelled Parasite and Fungi","floor":22,"turns":6},{"damage":56,"enemies":"Slavers","floor":23,"turns":4}],"seed_played":"-813949649431834286","potions_obtained":[{"floor":5.0,"key":"Block Potion"},{"floor":11.0,"key":"Explosive Potion"},{"floor":14.0,"key":"EssenceOfSteel"},{"floor":18,"key":"Explosive Potion"},{"floor":22,"key":"Dexterity Potion"}],"is_trial":false,"path_per_floor":["M","?","$","M","M","E","R","?","T","R","M","$","M","E","R","B",null,"M","?","$","M","M","E"],"character_chosen":"IRONCLAD","items_purchased":["Limit Break","Medical Kit","Red Skull","Strawberry"],"campfire_rested":1,"item_purchase_floors":[3,3,3,12],"current_hp_per_floor":[71,60,60,58,58,39,39,39,39,39,44,51,45,38,64,49,78,69,69,69,53,45,0],"gold":141,"neow_bonus":"ONE_RARE_RELIC","is_prod":false,"is_daily":false,"chose_seed":false,"campfire_upgraded":2,"win_rate":0,"timestamp":1544897953,"path_taken":["M","?","$","M","M","E","R","?","T","R","M","$","?","E","R","BOSS","M","?","$","M","?","E"],"build_version":"2018-12-13","purchased_purges":2,"victory":false,"max_hp_per_floor":[80,80,80,80,80,80,80,80,80,80,80,87,87,87,87,87,87,87,87,87,87,87,87],"card_choices":[{"not_picked":["True Grit","Seeing Red"],"picked":"Clash","floor":1.0},{"not_picked":["Dropkick","Pummel","Intimidate"],"picked":"SKIP","floor":4.0},{"not_picked":["Thunderclap","Iron Wave"],"picked":"Cleave","floor":5.0},{"not_picked":["Sword Boomerang","Uppercut"],"picked":"Flame Barrier","floor":6.0},{"not_picked":["Thunderclap","Dual Wield","Combust"],"picked":"SKIP","floor":11.0},{"not_picked":["Thunderclap","Combust"],"picked":"Dual Wield","floor":11.0},{"not_picked":["Cleave","Rage","Searing Blow"],"picked":"SKIP","floor":13.0},{"not_picked":["Anger","Entrench","Dropkick"],"picked":"SKIP","floor":14.0},{"not_picked":["Shrug It Off","Body Slam"],"picked":"Armaments","floor":18},{"not_picked":["Sword Boomerang+1","Pommel Strike","Clothesline+1"],"picked":"SKIP","floor":21},{"not_picked":["Rampage+1","Sword Boomerang"],"picked":"Reckless Charge","floor":22}],"player_experience":106838,"relics_obtained":[{"floor":6.0,"key":"MawBank"},{"floor":9.0,"key":"Art of War"},{"floor":14.0,"key":"Whetstone"}],"event_choices":[{"damage_healed":0.0,"max_hp_gain":0.0,"max_hp_loss":0.0,"gold_gain":75.0,"event_name":"World of Goop","player_choice":"Gather Gold","floor":2.0,"gold_loss":0.0,"damage_taken":11.0},{"damage_healed":0.0,"max_hp_gain":0.0,"max_hp_loss":0.0,"gold_gain":0.0,"event_name":"Match and Keep!","player_choice":"0 cards matched","floor":8.0,"gold_loss":0.0,"damage_taken":0.0,"cards_obtained":[]},{"damage_healed":0,"gold_gain":0,"player_choice":"Forge","damage_taken":0,"max_hp_gain":0,"max_hp_loss":0,"event_name":"Accursed Blacksmith","floor":19,"gold_loss":0,"cards_upgraded":["Armaments"]}],"is_beta":false,"boss_relics":[{"not_picked":["Fusion Hammer","Orrery"],"picked":"Mark of Pain"}],"items_purged_floors":[3,20],"is_endless":false,"potions_floor_spawned":[5,11,13,14,18,22],"killed_by":"Slavers","ascension_level":11}