{"gold_per_floor":[115,40,315,335,346,346,357,388,438,451,480,65,79,102,102,179,179,190,190,202,222,222,222,222,235,260,260,4,4],"floor_reached":29,"playtime":829,"items_purged":["Decay","Regret","Normality"],"score":520,"play_id":"7137598d-4198-48a9-9d1e-bf15c99a9c6d","local_time":"20190815125456","is_ascension_mode":true,"campfire_choices":[{"data":"Bludgeon","floor":6,"key":"SMITH"},{"data":"Shockwave","floor":15,"key":"SMITH"},{"data":"Cleave","floor":23,"key":"SMITH"}],"neow_cost":"CURSE","seed_source_timestamp":1025669617828600,"circlet_count":0,"master_deck":["AscendersBane","Strike_R","Strike_R","Strike_R","Defend_R","Defend_R","Defend_R","Defend_R","Bash","Bludgeon+1","Warcry","Anger","Cleave+1","Feel No Pain","Thunderclap","Exhume","Second Wind","Shrug It Off","Shockwave+1","Offering","Cleave","Seeing Red","Intimidate+1","Flame Barrier"],"relics":["Burning Blood","Question Card","Lantern","Pen Nib","Bag of Marbles","Odd Mushroom","Cursed Key","Enchiridion"],"potions_floor_usage":[11,14,16,16],"damage_taken":[{"damage":12,"enemies":"Jaw Worm","floor":1,"turns":2},{"damage":6,"enemies":"Cultist","floor":4,"turns":3},{"damage":11,"enemies":"2 Louse","floor":5,"turns":3},{"damage":13,"enemies":"2 Fungi Beasts","floor":7,"turns":4},{"damage":24,"enemies":"Lagavulin","floor":8,"turns":4},{"damage":12,"enemies":"Red Slaver","floor":10,"turns":2},{"damage":35,"enemies":"Gremlin Nob","floor":11,"turns":4},{"damage":11,"enemies":"Looter","floor":13,"turns":3},{"damage":8,"enemies":"The Mushroom Lair","floor":14,"turns":4},{"damage":4,"enemies":"Hexaghost","floor":16,"turns":7},{"damage":29,"enemies":"Shell Parasite","floor":18,"turns":5},{"damage":0,"enemies":"Chosen","floor":20,"turns":4},{"damage":12,"enemies":"Sentry and Sphere","floor":21,"turns":5},{"damage":12,"enemies":"Chosen and Byrds","floor":25,"turns":4},{"damage":7,"enemies":"Snake Plant","floor":29,"turns":1}],"seed_played":"428016008461204422","potions_obtained":[{"floor":4,"key":"BloodPotion"},{"floor":5,"key":"Strength Potion"},{"floor":11,"key":"SkillPotion"},{"floor":14,"key":"Dexterity Potion"},{"floor":20,"key":"EssenceOfSteel"}],"is_trial":false,"path_per_floor":["M","$","?","M","M","R","M","E","T","M","E","$","M","?","R","B",null,"M","?","M","M","?","R","?","M","T","?","$","M"],"character_chosen":"IRONCLAD","items_purchased":["Shrug It Off","Bag of Marbles","Regen Potion","Flame Barrier","Strength Potion"],"campfire_rested":0,"item_purchase_floors":[12,12,12,28,28],"current_hp_per_floor":[62,62,62,62,57,57,50,32,32,26,15,15,10,20,20,22,62,39,28,34,28,28,28,28,22,22,1,1,0],"gold":4,"neow_bonus":"THREE_RARE_CARDS","is_prod":false,"is_daily":false,"chose_seed":false,"campfire_upgraded":3,"win_rate":0,"timestamp":1565898896,"path_taken":["M","$","?","M","?","R","M","E","T","M","E","$","?","?","R","BOSS","M","?","?","M","?","R","?","M","T","?","?","M"],"build_version":"2019-07-17","purchased_purges":3,"victory":false,"max_hp_per_floor":[75,75,75,75,75,75,75,75,75,75,75,75,75,75,75,75,75,75,75,75,75,75,75,75,75,75,75,75,75],"card_choices":[{"not_picked":["Barricade","Brutality"],"picked":"Bludgeon","floor":0},{"not_picked":["Iron Wave","Heavy Blade"],"picked":"Warcry","floor":1},{"not_picked":["Sever Soul","Inflame"],"picked":"Anger","floor":4},{"not_picked":["Clash","Sword Boomerang"],"picked":"Cleave","floor":5},{"not_picked":["Pummel","Inflame"],"picked":"Feel No Pain","floor":7},{"not_picked":["Thunderclap","Carnage","Clash"],"picked":"SKIP","floor":8},{"not_picked":["Carnage","Clash"],"picked":"Thunderclap","floor":8},{"not_picked":["Headbutt","Uppercut","Seeing Red"],"picked":"Exhume","floor":10},{"not_picked":["Infernal Blade","Cleave","Thunderclap"],"picked":"Second Wind","floor":11},{"not_picked":["Warcry","Flex","Reckless Charge","Perfected Strike"],"picked":"SKIP","floor":13},{"not_picked":["Sever Soul","Shrug It Off","Armaments"],"picked":"Shockwave","floor":14},{"not_picked":["Bludgeon","Demon Form","Impervious"],"picked":"Offering","floor":16},{"not_picked":["Armaments","Headbutt","Shockwave","Perfected Strike+1"],"picked":"SKIP","floor":18},{"not_picked":["Anger","Perfected Strike","Havoc","Iron Wave"],"picked":"SKIP","floor":20},{"not_picked":["Hemokinesis","Reckless Charge","Havoc","Carnage"],"picked":"SKIP","floor":21},{"not_picked":["Bloodletting","Pummel","Headbutt"],"picked":"Intimidate+1","floor":25}],"player_experience":790845,"relics_obtained":[{"floor":8,"key":"Question Card"},{"floor":9,"key":"Lantern"},{"floor":11,"key":"Pen Nib"},{"floor":14,"key":"Odd Mushroom"},{"floor":27,"key":"Enchiridion"}],"event_choices":[{"damage_healed":0,"gold_gain":275,"player_choice":"Desecrate","damage_taken":0,"max_hp_gain":0,"max_hp_loss":0,"event_name":"Golden Shrine","floor":3,"gold_loss":0,"cards_obtained":["Regret"]},{"damage_healed":0,"gold_gain":0,"player_choice":"Fought Mushrooms","damage_taken":0,"max_hp_gain":0,"max_hp_loss":0,"event_name":"Mushrooms","floor":14,"gold_loss":0},{"damage_healed":0,"gold_gain":0,"player_choice":"Damaged","damage_taken":11,"max_hp_gain":0,"max_hp_loss":0,"event_name":"Wheel of Change","floor":19,"gold_loss":0},{"damage_healed":0,"gold_gain":0,"player_choice":"Ignored","damage_taken":0,"max_hp_gain":0,"max_hp_loss":0,"event_name":"The Mausoleum","floor":22,"gold_loss":0},{"damage_healed":0,"gold_gain":0,"cards_transformed":["Strike_R","Strike_R"],"player_choice":"Became Test Subject","damage_taken":0,"max_hp_gain":0,"max_hp_loss":0,"event_name":"Drug Dealer","floor":24,"gold_loss":0,"cards_obtained":["Cleave","Seeing Red"]},{"damage_healed":0,"gold_gain":0,"player_choice":"Obtained Book","damage_taken":21,"max_hp_gain":0,"max_hp_loss":0,"event_name":"Cursed Tome","floor":27,"gold_loss":0}],"is_beta":false,"boss_relics":[{"not_picked":["Fusion Hammer","Lizard Tail"],"picked":"Cursed Key"}],"items_purged_floors":[2,12,28],"is_endless":false,"potions_floor_spawned":[4,5,8,11,14,20],"killed_by":"Snake Plant","ascension_level":20}