{"gold_per_floor":[118,37,55,1,21,56,56,56,56,56,74,84,109,126,126,201,201,175,175],"floor_reached":19,"playtime":486,"items_purged":[],"score":358,"play_id":"7745d4c9-8808-491a-97a3-ef1c69e49e65","local_time":"20190814173244","is_ascension_mode":true,"campfire_choices":[{"data":"Hemokinesis","floor":7.0,"key":"SMITH"},{"data":"Shockwave","floor":10.0,"key":"SMITH"},{"floor":15,"key":"REST"}],"neow_cost":"NONE","seed_source_timestamp":0,"circlet_count":0,"master_deck":["AscendersBane","Strike_R","Strike_R","Strike_R","Strike_R","Strike_R","Defend_R","Defend_R","Defend_R","Defend_R","Bash","Pommel Strike","Hemokinesis+1","Shockwave+1","Twin Strike","Pain","Inflame","Metallicize","Feel No Pain","Impervious","Shrug It Off"],"special_seed":0,"relics":["Burning Blood","NeowsBlessing","Pantograph","WarpedTongs","Question Card","Dream Catcher","Busted Crown"],"potions_floor_usage":[14,16,16],"damage_taken":[{"damage":0.0,"enemies":"Cultist","floor":1.0,"turns":1.0},{"damage":0.0,"enemies":"Jaw Worm","floor":3.0,"turns":1.0},{"damage":0.0,"enemies":"Small Slimes","floor":5.0,"turns":1.0},{"damage":28.0,"enemies":"Lagavulin","floor":6.0,"turns":4.0},{"damage":19.0,"enemies":"Blue Slaver","floor":11.0,"turns":4.0},{"damage":6.0,"enemies":"Looter","floor":12.0,"turns":2.0},{"damage":33.0,"enemies":"Gremlin Nob","floor":13.0,"turns":4.0},{"damage":11,"enemies":"3 Louse","floor":14,"turns":4},{"damage":37,"enemies":"Hexaghost","floor":16,"turns":9},{"damage":35,"enemies":"2 Thieves","floor":18,"turns":4},{"damage":38,"enemies":"Spheric Guardian","floor":19,"turns":7}],"seed_played":"-6865511176334992953","potions_obtained":[{"floor":1.0,"key":"EssenceOfSteel"},{"floor":6.0,"key":"SpeedPotion"},{"floor":14,"key":"LiquidBronze"}],"is_trial":false,"path_per_floor":["M","$","M","$","M","E","R","?","T","R","M","M","E","M","R","B",null,"M","M"],"character_chosen":"IRONCLAD","items_purchased":["Hemokinesis","AttackPotion"],"campfire_rested":1,"item_purchase_floors":[2,4],"current_hp_per_floor":[74,74,75,75,75,53,53,53,53,53,40,40,13,8,30,24,62,33,0],"gold":175,"neow_bonus":"THREE_ENEMY_KILL","is_prod":false,"is_daily":false,"chose_seed":false,"campfire_upgraded":2,"win_rate":0,"timestamp":1565829164,"path_taken":["M","$","M","?","M","E","R","?","T","R","M","?","E","M","R","BOSS","M","M"],"build_version":"2019-07-17","purchased_purges":0,"victory":false,"max_hp_per_floor":[75,75,75,75,75,75,75,75,75,75,75,75,75,75,75,75,75,75,75],"card_choices":[{"not_picked":["Dual Wield","Havoc"],"picked":"Pommel Strike","floor":1.0},{"not_picked":["Cleave","Sword Boomerang"],"picked":"Shockwave","floor":3.0},{"not_picked":["Body Slam","Pummel"],"picked":"Twin Strike","floor":5.0},{"not_picked":["Wild Strike","Body Slam","Havoc"],"picked":"SKIP","floor":6.0},{"not_picked":["Heavy Blade","Wild Strike","Pommel Strike","Thunderclap"],"picked":"SKIP","floor":11.0},{"not_picked":["Pommel Strike","Pummel","Armaments"],"picked":"Inflame","floor":12.0},{"not_picked":["Body Slam","Cleave","Dual Wield","Feed"],"picked":"SKIP","floor":13.0},{"not_picked":["Warcry","Pommel Strike","Thunderclap"],"picked":"Metallicize","floor":14},{"not_picked":["Evolve","Cleave","Heavy Blade"],"picked":"Feel No Pain","floor":15},{"not_picked":["Brutality","Berserk","Feed"],"picked":"Impervious","floor":16},{"not_picked":["Havoc"],"picked":"Shrug It Off","floor":18}],"player_experience":789787,"relics_obtained":[{"floor":6.0,"key":"Pantograph"},{"floor":9.0,"key":"Question Card"},{"floor":13.0,"key":"Dream Catcher"}],"event_choices":[{"damage_healed":0.0,"max_hp_gain":0.0,"max_hp_loss":0.0,"gold_gain":0.0,"event_name":"Accursed Blacksmith","player_choice":"Rummage","floor":8.0,"gold_loss":0.0,"damage_taken":0.0,"relics_obtained":["WarpedTongs"],"cards_obtained":["Pain"]}],"is_beta":false,"boss_relics":[{"not_picked":["Coffee Dripper","Black Star"],"picked":"Busted Crown"}],"items_purged_floors":[],"is_endless":false,"potions_floor_spawned":[1,5,6,14],"killed_by":"Spheric Guardian","ascension_level":20}