{"gold_per_floor":[215,90,90,110,126,160,160,181,181,214,214,37,37,56,56,179,179,199,217,9,9,28,28,62,161,161,182,182,182,207,225,225,348,348,366,381,394,414,478,478,511,511,511,195,215,230,230,230,230,230,230,230],"floor_reached":52,"playtime":3898,"items_purged":["Strike_R","Strike_R","Strike_R"],"score":714,"play_id":"35a0fde7-996d-429f-86ba-2d0631f0f221","local_time":"20181212004918","is_ascension_mode":false,"campfire_choices":[{"data":"Whirlwind","floor":7.0,"key":"SMITH"},{"data":"Searing Blow","floor":11.0,"key":"SMITH"},{"floor":13.0,"key":"REST"},{"data":"Searing Blow+1","floor":15.0,"key":"SMITH"},{"data":"Armaments","floor":23.0,"key":"SMITH"},{"floor":28.0,"key":"REST"},{"floor":32.0,"key":"REST"},{"floor":40.0,"key":"REST"},{"floor":42.0,"key":"REST"},{"floor":47.0,"key":"REST"},{"floor":49.0,"key":"RECALL"},{"floor":52,"key":"REST"}],"neow_cost":"NONE","seed_source_timestamp":480518248052800,"circlet_count":0,"master_deck":["Strike_R+1","Strike_R+1","Defend_R+1","Defend_R+1","Defend_R+1","Defend_R+1","Bash+1","Iron Wave+1","Armaments+1","True Grit+1","Shrug It Off+1","Whirlwind+1","Sentinel+1","Searing Blow+3","Dual Wield+1","Offering+1","Power Through+1","Entrench+1","Armaments+1","Shockwave+1","Feel No Pain+1","Body Slam+1","Armaments+1","Parasite","Iron Wave+1"],"special_seed":0,"relics":["Burning Blood","Golden Idol","Blood Vial","Pen Nib","Paper Frog","Velvet Choker","Membership Card","Potion Belt","Gremlin Horn","Sozu","Unceasing Top","Red Skull","Singing Bowl","Medical Kit","Letter Opener","Mark of the Bloom"],"potions_floor_usage":[],"damage_taken":[{"damage":1.0,"enemies":"Jaw Worm","floor":1.0,"turns":6.0},{"damage":0.0,"enemies":"Small Slimes","floor":4.0,"turns":3.0},{"damage":5.0,"enemies":"Cultist","floor":5.0,"turns":4.0},{"damage":41.0,"enemies":"3 Sentries","floor":6.0,"turns":14.0},{"damage":0.0,"enemies":"Looter","floor":8.0,"turns":4.0},{"damage":33.0,"enemies":"Gremlin Nob","floor":10.0,"turns":5.0},{"damage":7.0,"enemies":"Blue Slaver","floor":14.0,"turns":3.0},{"damage":49.0,"enemies":"The Guardian","floor":16.0,"turns":15.0},{"damage":10.0,"enemies":"2 Thieves","floor":18.0,"turns":3.0},{"damage":0.0,"enemies":"3 Byrds","floor":19.0,"turns":5.0},{"damage":23.0,"enemies":"3 Cultists","floor":22.0,"turns":5.0},{"damage":27.0,"enemies":"Book of Stabbing","floor":24.0,"turns":7.0},{"damage":23.0,"enemies":"Centurion and Healer","floor":27.0,"turns":7.0},{"damage":19.0,"enemies":"Snake Plant","floor":30.0,"turns":4.0},{"damage":6.0,"enemies":"Shelled Parasite and Fungi","floor":31.0,"turns":4.0},{"damage":22.0,"enemies":"Automaton","floor":33.0,"turns":19.0},{"damage":10.0,"enemies":"3 Shapes","floor":35.0,"turns":2.0},{"damage":3.0,"enemies":"Orb Walker","floor":36.0,"turns":4.0},{"damage":11.0,"enemies":"Writhing Mass","floor":37.0,"turns":6.0},{"damage":13.0,"enemies":"Spire Growth","floor":38.0,"turns":4.0},{"damage":42.0,"enemies":"2 Orb Walkers","floor":39.0,"turns":5.0},{"damage":36.0,"enemies":"Nemesis","floor":41.0,"turns":5.0},{"damage":8.0,"enemies":"Sphere and 2 Shapes","floor":45.0,"turns":7.0},{"damage":37.0,"enemies":"4 Shapes","floor":46.0,"turns":5.0},{"damage":39,"enemies":"Awakened One","floor":50,"turns":15}],"seed_played":"1570191288311701542","potions_obtained":[{"floor":4.0,"key":"Fruit Juice"},{"floor":5.0,"key":"BloodPotion"},{"floor":6.0,"key":"Block Potion"},{"floor":8.0,"key":"EssenceOfSteel"},{"floor":21.0,"key":"SkillPotion"},{"floor":21.0,"key":"PowerPotion"},{"floor":24.0,"key":"PowerPotion"},{"floor":33.0,"key":"Weak Potion"}],"is_trial":false,"path_per_floor":["M","$","?","M","M","E","R","M","T","E","R","$","R","M","R","B",null,"M","M","$","?","M","R","E","?","T","M","R","?","M","M","R","B",null,"M","M","M","M","?","R","E","R","T","$","M","M","R","?","R","B",null,"R"],"character_chosen":"IRONCLAD","items_purchased":["Armaments","Dual Wield","Membership Card","Medical Kit","Letter Opener","Iron Wave"],"campfire_rested":7,"item_purchase_floors":[2,12,20,44,44,44],"current_hp_per_floor":[80,80,74,74,74,44,44,52,52,27,27,27,50,51,51,10,79,75,79,79,79,62,62,43,43,43,28,51,51,40,42,65,51,79,75,79,74,69,35,58,30,53,53,53,55,28,52,52,52,13,13,13],"gold":230,"neow_bonus":"HUNDRED_GOLD","is_prod":false,"is_daily":false,"chose_seed":false,"campfire_upgraded":4,"win_rate":0,"timestamp":1544604558,"path_taken":["M","$","?","M","M","E","R","M","T","E","R","$","R","M","R","BOSS","M","M","$","?","?","R","E","?","T","M","R","?","M","M","R","BOSS","M","M","M","M","?","R","E","R","T","$","M","M","R","?","R","BOSS","R"],"build_version":"2018-12-06","purchased_purges":3,"victory":false,"max_hp_per_floor":[80,80,74,74,74,79,79,79,79,79,79,79,79,79,79,79,79,79,79,79,79,79,79,79,79,79,79,79,79,79,79,79,79,79,79,79,79,79,79,79,79,79,79,79,81,83,83,83,83,83,83,83],"card_choices":[{"not_picked":["Evolve","Havoc"],"picked":"Iron Wave","floor":1.0},{"not_picked":["Warcry","Headbutt"],"picked":"True Grit","floor":4.0},{"not_picked":["Headbutt","Sword Boomerang"],"picked":"Shrug It Off","floor":5.0},{"not_picked":["Body Slam","Demon Form"],"picked":"Whirlwind","floor":6.0},{"not_picked":["Thunderclap","Pommel Strike"],"picked":"Sentinel","floor":8.0},{"not_picked":["True Grit","Iron Wave"],"picked":"Searing Blow","floor":10.0},{"not_picked":["Pommel Strike","Warcry","Flame Barrier"],"picked":"SKIP","floor":14.0},{"not_picked":["Bludgeon","Exhume"],"picked":"Offering","floor":16.0},{"not_picked":["Sword Boomerang","Clash"],"picked":"Power Through","floor":18.0},{"not_picked":["True Grit","Warcry+1"],"picked":"Entrench","floor":19.0},{"not_picked":["Warcry","Flame Barrier+1"],"picked":"Armaments+1","floor":22.0},{"not_picked":["Bloodletting","Searing Blow+1"],"picked":"Shockwave","floor":24.0},{"not_picked":["Body Slam","Heavy Blade"],"picked":"Feel No Pain+1","floor":27.0},{"not_picked":["True Grit","Warcry"],"picked":"Body Slam","floor":30.0},{"not_picked":["Metallicize","Bludgeon","Intimidate"],"picked":"SKIP","floor":31.0},{"not_picked":["Thunderclap","Disarm+1","Pummel"],"picked":"SKIP","floor":35.0},{"not_picked":["Power Through","Shrug It Off+1"],"picked":"Armaments+1","floor":36.0},{"not_picked":["Body Slam","Wild Strike+1","Armaments+1"],"picked":"SKIP","floor":37.0},{"not_picked":["Spot Weakness","Battle Trance+1","Reckless Charge+1"],"picked":"SKIP","floor":38.0},{"not_picked":["Headbutt+1","True Grit","Heavy Blade"],"picked":"SKIP","floor":41.0},{"not_picked":["Warcry","Headbutt+1","Armaments"],"picked":"Singing Bowl","floor":45.0},{"not_picked":["Whirlwind","Perfected Strike+1","Sentinel+1"],"picked":"Singing Bowl","floor":46.0}],"player_experience":45620,"relics_obtained":[{"floor":6.0,"key":"Blood Vial"},{"floor":9.0,"key":"Pen Nib"},{"floor":10.0,"key":"Paper Frog"},{"floor":24.0,"key":"Potion Belt"},{"floor":39.0,"key":"Unceasing Top"},{"floor":41.0,"key":"Red Skull"},{"floor":43.0,"key":"Singing Bowl"}],"event_choices":[{"damage_healed":0.0,"max_hp_gain":0.0,"max_hp_loss":6.0,"gold_gain":0.0,"event_name":"Golden Idol","player_choice":"Lose Max HP","floor":3.0,"gold_loss":0.0,"damage_taken":0.0,"relics_obtained":["Golden Idol"]},{"damage_healed":0.0,"max_hp_gain":0.0,"max_hp_loss":0.0,"gold_gain":0.0,"event_name":"Lab","player_choice":"Got Potions","floor":21.0,"gold_loss":0.0,"damage_taken":0.0},{"damage_healed":0.0,"max_hp_gain":0.0,"max_hp_loss":0.0,"gold_gain":99.0,"event_name":"Nest","player_choice":"Stole From Cult","floor":25.0,"gold_loss":0.0,"damage_taken":0.0},{"damage_healed":0.0,"max_hp_gain":0.0,"max_hp_loss":0.0,"gold_gain":0.0,"event_name":"The Mausoleum","player_choice":"Opened","floor":29.0,"gold_loss":0.0,"damage_taken":0.0,"relics_obtained":["Gremlin Horn"]},{"damage_healed":0.0,"max_hp_gain":0.0,"max_hp_loss":0.0,"gold_gain":0.0,"event_name":"Mysterious Sphere","player_choice":"Fight","floor":39.0,"gold_loss":0.0,"damage_taken":0.0},{"damage_healed":0.0,"max_hp_gain":0.0,"max_hp_loss":0.0,"gold_gain":0.0,"event_name":"MindBloom","player_choice":"Upgrade","floor":48.0,"gold_loss":0.0,"damage_taken":0.0,"cards_upgraded":["Strike_R","Strike_R","Defend_R","Defend_R","Defend_R","Defend_R","Bash","Iron Wave","True Grit","Shrug It Off","Sentinel","Searing Blow","Dual Wield","Offering","Power Through","Entrench","Shockwave","Body Slam","Iron Wave"],"relics_obtained":["Mark of the Bloom"]}],"is_beta":false,"boss_relics":[{"not_picked":["Fusion Hammer","White Beast Statue"],"picked":"Velvet Choker"},{"not_picked":["Lizard Tail","Runic Cube"],"picked":"Sozu"}],"items_purged_floors":[2,12,44],"is_endless":false,"potions_floor_spawned":[4,5,6,8,16,22,24,33,37,41,46],"ascension_level":0}