{"gold_per_floor":[359,372,105,105,122,122,22,57,57,57,87,100,128,128,128,199,199,211,161,175,225,150,150,150],"floor_reached":24,"playtime":697,"items_purged":["Parasite","Strike_R"],"score":424,"play_id":"2b0568d3-1a7d-40fc-bbe4-42b787750f20","local_time":"20190819024401","is_ascension_mode":true,"campfire_choices":[{"data":"Iron Wave","floor":6.0,"key":"SMITH"},{"data":"Demon Form","floor":15,"key":"SMITH"},{"floor":23,"key":"DIG"}],"neow_cost":"CURSE","seed_source_timestamp":1334645381840400,"circlet_count":0,"master_deck":["AscendersBane","Strike_R","Strike_R","Defend_R","Defend_R","Defend_R+1","Defend_R","Bash","Pummel+1","Corruption","Iron Wave+1","True Grit","Anger","Demon Form+1","Clothesline","Combust","Offering","Headbutt"],"special_seed":0,"relics":["Burning Blood","Red Skull","Magic Flower","Ornamental Fan","Shovel","Sozu","Blood Vial"],"potions_floor_usage":[13,16],"damage_taken":[{"damage":5.0,"enemies":"Small Slimes","floor":1.0,"turns":4.0},{"damage":1.0,"enemies":"Cultist","floor":2.0,"turns":3.0},{"damage":0.0,"enemies":"2 Louse","floor":5.0,"turns":3.0},{"damage":39.0,"enemies":"3 Sentries","floor":8.0,"turns":16.0},{"damage":35.0,"enemies":"Gremlin Nob","floor":11.0,"turns":5.0},{"damage":1,"enemies":"Large Slime","floor":12,"turns":7},{"damage":27,"enemies":"3 Sentries","floor":13,"turns":8},{"damage":17,"enemies":"Slime Boss","floor":16,"turns":5},{"damage":31,"enemies":"Shell Parasite","floor":18,"turns":3},{"damage":9,"enemies":"Chosen","floor":20,"turns":4},{"damage":45,"enemies":"Slavers","floor":24,"turns":2}],"seed_played":"-8877752166938207328","potions_obtained":[{"floor":1.0,"key":"Poison Potion"},{"floor":5.0,"key":"GamblersBrew"},{"floor":12,"key":"Regen Potion"},{"floor":13,"key":"AttackPotion"}],"is_trial":false,"path_per_floor":["M","M","$","?","M","R","$","E","T","?","E","M","E","?","R","B",null,"M","?","M","?","?","R","E"],"character_chosen":"IRONCLAD","items_purchased":["Red Skull","Iron Wave"],"campfire_rested":0,"item_purchase_floors":[3,3],"current_hp_per_floor":[69,74,72,72,72,72,72,39,39,39,13,21,27,27,27,19,59,37,37,37,37,37,37,0],"gold":150,"neow_bonus":"TWO_FIFTY_GOLD","is_prod":false,"is_daily":false,"chose_seed":false,"campfire_upgraded":2,"win_rate":0,"timestamp":1566207841,"path_taken":["M","M","$","?","M","R","$","E","T","?","E","?","E","?","R","BOSS","M","?","?","?","?","R","E"],"build_version":"2019-07-17","purchased_purges":2,"victory":false,"max_hp_per_floor":[75,75,72,72,72,72,72,72,72,72,72,72,72,72,72,72,72,72,72,72,72,72,72,72],"card_choices":[{"not_picked":["Heavy Blade","Flex"],"picked":"Pummel","floor":1.0},{"not_picked":["Entrench","Cleave"],"picked":"Corruption","floor":2.0},{"not_picked":["Infernal Blade","Searing Blow"],"picked":"True Grit","floor":5.0},{"not_picked":["Havoc","Dark Embrace"],"picked":"Anger","floor":8.0},{"not_picked":["Corruption","Wild Strike"],"picked":"Demon Form","floor":11.0},{"not_picked":["Rage","Perfected Strike"],"picked":"Clothesline","floor":12},{"not_picked":["Dark Embrace","Wild Strike"],"picked":"Combust","floor":13},{"not_picked":["Juggernaut","Bludgeon"],"picked":"Offering","floor":16},{"not_picked":["Iron Wave","Dual Wield"],"picked":"Headbutt","floor":18},{"not_picked":["Rampage","Clash","Warcry"],"picked":"SKIP","floor":20}],"player_experience":807291,"relics_obtained":[{"floor":8.0,"key":"Magic Flower"},{"floor":9.0,"key":"Ornamental Fan"},{"floor":11.0,"key":"Shovel"},{"floor":23,"key":"Blood Vial"}],"event_choices":[{"damage_healed":0.0,"max_hp_gain":0.0,"max_hp_loss":0.0,"gold_gain":0.0,"event_name":"The Cleric","player_choice":"Leave","floor":4.0,"gold_loss":0.0,"damage_taken":0.0},{"cards_removed":["Strike_R"],"damage_healed":0.0,"max_hp_gain":0.0,"max_hp_loss":0.0,"gold_gain":0.0,"event_name":"Purifier","player_choice":"Purged","floor":10.0,"gold_loss":0.0,"damage_taken":0.0},{"damage_healed":0,"gold_gain":0,"player_choice":"Ignored","damage_taken":0,"max_hp_gain":0,"max_hp_loss":0,"event_name":"Liars Game","floor":14,"gold_loss":0},{"damage_healed":0,"gold_gain":0,"player_choice":"Upgraded Two","damage_taken":0,"max_hp_gain":0,"max_hp_loss":0,"event_name":"Designer","floor":19,"gold_loss":50,"cards_upgraded":["Defend_R","Pummel"]},{"damage_healed":0,"gold_gain":50,"player_choice":"Stole From Cult","damage_taken":0,"max_hp_gain":0,"max_hp_loss":0,"event_name":"Nest","floor":21,"gold_loss":0},{"cards_removed":["Strike_R"],"damage_healed":0,"gold_gain":0,"player_choice":"Gave Gold","damage_taken":0,"max_hp_gain":0,"max_hp_loss":0,"event_name":"Beggar","floor":22,"gold_loss":75}],"is_beta":false,"boss_relics":[{"not_picked":["Mark of Pain","Tiny House"],"picked":"Sozu"}],"items_purged_floors":[3,7],"is_endless":false,"potions_floor_spawned":[1,5,12,13,18,20],"killed_by":"Slavers","ascension_level":20}