{"gold_per_floor":[113,131,131,56,56,56,91,91,91,103,103,103,120,155,155,251,251,267,279,369,380,390,390,418,418,487,501,501,517,517,552,552,648,648,668,680,680,427,446,475,489,7,7,7,21,21,21,35,35,35],"floor_reached":51,"playtime":4532,"items_purged":["Strike_R"],"score":727,"play_id":"17c22644-697c-423e-b999-4f7535acaa87","local_time":"20190831004049","is_ascension_mode":false,"campfire_choices":[{"data":"Uppercut","floor":6,"key":"SMITH"},{"data":"Defend_R","floor":8,"key":"SMITH"},{"data":"Ghostly Armor","floor":12,"key":"SMITH"},{"data":"Defend_R","floor":15,"key":"SMITH"},{"data":"Spot Weakness","floor":23,"key":"SMITH"},{"floor":25,"key":"REST"},{"floor":28,"key":"REST"},{"data":"Shrug It Off","floor":32,"key":"SMITH"},{"floor":46,"key":"REST"},{"data":"Demon Form","floor":49,"key":"SMITH"}],"neow_cost":"NONE","seed_source_timestamp":1233142727328000,"circlet_count":0,"master_deck":["Defend_R+1","Defend_R+1","Defend_R+1","Defend_R+1","Bash","Twin Strike","Cleave","Uppercut+1","Spot Weakness+1","Ghostly Armor+1","Metallicize","Ghostly Armor","Impervious","Iron Wave","Inflame+1","Swift Strike","Seeing Red+1","Pummel","Inflame","Ghostly Armor","Pommel Strike","Shrug It Off+1","Impervious","Rage","Entrench+1","Finesse","Jack Of All Trades","Dark Shackles","Inflame+1","Armaments","Iron Wave+1","Demon Form+1","Body Slam+1","Chrysalis","Parasite","Infernal Blade","Pommel Strike+1"],"relics":["Burning Blood","Anchor","Mummified Hand","War Paint","Paper Frog","Orichalcum","Empty Cage","Potion Belt","Mercury Hourglass","Blood Vial","Velvet Choker","DollysMirror","Happy Flower","Strawberry","Question Card"],"potions_floor_usage":[16,33,33,33,33,33,33,33,41,50,50,50,50,50,50,50,50,50,50],"damage_taken":[{"damage":0,"enemies":"2 Louse","floor":1,"turns":3},{"damage":0,"enemies":"Small Slimes","floor":2,"turns":2},{"damage":19,"enemies":"Gremlin Nob","floor":7,"turns":5},{"damage":0,"enemies":"Jaw Worm","floor":10,"turns":2},{"damage":0,"enemies":"Lots of Slimes","floor":13,"turns":3},{"damage":1,"enemies":"3 Sentries","floor":14,"turns":8},{"damage":38,"enemies":"Slime Boss","floor":16,"turns":20},{"damage":8,"enemies":"Chosen","floor":18,"turns":5},{"damage":16,"enemies":"Spheric Guardian","floor":19,"turns":11},{"damage":8,"enemies":"Centurion and Healer","floor":21,"turns":9},{"damage":0,"enemies":"Chosen and Byrds","floor":22,"turns":6},{"damage":44,"enemies":"Book of Stabbing","floor":24,"turns":8},{"damage":16,"enemies":"Sentry and Sphere","floor":27,"turns":8},{"damage":0,"enemies":"Centurion and Healer","floor":29,"turns":7},{"damage":8,"enemies":"Gremlin Leader","floor":31,"turns":8},{"damage":12,"enemies":"Automaton","floor":33,"turns":12},{"damage":0,"enemies":"Orb Walker","floor":35,"turns":3},{"damage":24,"enemies":"3 Darklings","floor":36,"turns":8},{"damage":8,"enemies":"Maw","floor":39,"turns":9},{"damage":5,"enemies":"Giant Head","floor":40,"turns":9},{"damage":28,"enemies":"Transient","floor":41,"turns":5},{"damage":12,"enemies":"Writhing Mass","floor":45,"turns":7},{"damage":14,"enemies":"Sphere and 2 Shapes","floor":48,"turns":6},{"damage":65,"enemies":"Awakened One","floor":50,"turns":11}],"seed_played":"1277511006525923593","potions_obtained":[{"floor":1,"key":"BloodPotion"},{"floor":16,"key":"LiquidBronze"},{"floor":27,"key":"LiquidBronze"},{"floor":29,"key":"GamblersBrew"},{"floor":31,"key":"EntropicBrew"},{"floor":33,"key":"Swift Potion"},{"floor":36,"key":"PowerPotion"},{"floor":41,"key":"Regen Potion"},{"floor":45,"key":"BloodPotion"}],"is_trial":false,"path_per_floor":["M","M","?","$","?","R","E","R","T","M","?","R","M","E","R","B",null,"M","M","?","M","M","R","E","R","T","M","R","M","?","E","R","B",null,"M","M","?","$","M","E","M","$","T","$","M","R","$","M","R","B",null],"character_chosen":"IRONCLAD","items_purchased":["DollysMirror","Armaments","Chrysalis","Regen Potion","EntropicBrew","Strawberry"],"campfire_rested":3,"item_purchase_floors":[38,38,42,42,42,42],"current_hp_per_floor":[80,80,68,68,68,68,55,55,55,61,54,54,60,65,65,53,80,78,68,44,42,48,48,10,34,34,24,48,54,54,52,52,48,80,80,62,52,52,52,55,35,42,42,42,38,64,64,58,58,51],"gold":35,"neow_bonus":"RANDOM_COMMON_RELIC","is_prod":false,"is_daily":false,"chose_seed":false,"campfire_upgraded":7,"win_rate":0,"timestamp":1567237249,"path_taken":["M","M","?","$","?","R","E","R","T","M","?","R","M","E","R","BOSS","M","M","?","?","M","R","E","R","T","M","R","?","?","E","R","BOSS","M","M","?","$","M","E","M","$","T","?","M","R","$","M","R","BOSS"],"build_version":"2019-07-17","purchased_purges":1,"victory":true,"max_hp_per_floor":[80,80,80,80,80,80,80,80,80,80,80,80,80,80,80,80,80,80,80,80,80,80,80,80,80,80,80,80,80,80,80,80,80,80,80,80,80,80,80,80,80,87,87,87,87,87,87,87,87,87],"card_choices":[{"not_picked":["Infernal Blade","Rampage"],"picked":"Twin Strike","floor":1},{"not_picked":["Perfected Strike","Thunderclap"],"picked":"Cleave","floor":2},{"not_picked":["Heavy Blade","Burning Pact"],"picked":"Spot Weakness","floor":7},{"not_picked":["Thunderclap","Body Slam"],"picked":"Ghostly Armor","floor":10},{"not_picked":["Sword Boomerang","Armaments"],"picked":"Metallicize","floor":13},{"not_picked":["Demon Form","Seeing Red"],"picked":"Ghostly Armor","floor":14},{"not_picked":["Limit Break","Demon Form"],"picked":"Impervious","floor":16},{"not_picked":["Rage","Clothesline"],"picked":"Iron Wave","floor":18},{"not_picked":["Warcry+1","Intimidate"],"picked":"Inflame+1","floor":19},{"not_picked":["Warcry","Corruption"],"picked":"Seeing Red+1","floor":21},{"not_picked":["Rupture","Sever Soul"],"picked":"Pummel","floor":22},{"not_picked":["Bloodletting+1","Body Slam+1"],"picked":"Inflame","floor":24},{"not_picked":["Whirlwind+1","Perfected Strike+1"],"picked":"Ghostly Armor","floor":27},{"not_picked":["Burning Pact","Blood for Blood"],"picked":"Pommel Strike","floor":29},{"not_picked":["Anger","True Grit"],"picked":"Shrug It Off","floor":31},{"not_picked":["Brutality","Dark Embrace"],"picked":"Impervious","floor":33},{"not_picked":["Dropkick+1","True Grit+1"],"picked":"Rage","floor":35},{"not_picked":["Pommel Strike+1","Feel No Pain"],"picked":"Entrench+1","floor":36},{"not_picked":["Panacea","Blind"],"picked":"Finesse","floor":37},{"not_picked":["Bandage Up","Sadistic Nature"],"picked":"Jack Of All Trades","floor":37},{"not_picked":["Dramatic Entrance","Trip"],"picked":"Dark Shackles","floor":37},{"not_picked":["Feel No Pain","Dropkick"],"picked":"Iron Wave+1","floor":39},{"not_picked":["Burning Pact+1","Perfected Strike"],"picked":"Demon Form","floor":40},{"not_picked":["Perfected Strike+1","Clothesline"],"picked":"Body Slam+1","floor":41},{"not_picked":["Warcry","Flex","Sword Boomerang+1"],"picked":"Infernal Blade","floor":45},{"not_picked":["Uppercut","Headbutt+1","Twin Strike+1"],"picked":"Pommel Strike+1","floor":48}],"player_experience":21415,"relics_obtained":[{"floor":7,"key":"War Paint"},{"floor":9,"key":"Paper Frog"},{"floor":14,"key":"Orichalcum"},{"floor":24,"key":"Potion Belt"},{"floor":26,"key":"Mercury Hourglass"},{"floor":31,"key":"Blood Vial"},{"floor":40,"key":"Happy Flower"},{"floor":43,"key":"Question Card"}],"event_choices":[{"damage_healed":0,"gold_gain":0,"player_choice":"Success","damage_taken":12,"relics_obtained":["Mummified Hand"],"max_hp_gain":0,"max_hp_loss":0,"event_name":"Scrap Ooze","floor":3,"gold_loss":0},{"damage_healed":0,"gold_gain":0,"cards_transformed":["Strike_R"],"player_choice":"Change","damage_taken":0,"max_hp_gain":0,"max_hp_loss":0,"event_name":"Living Wall","floor":5,"gold_loss":0,"cards_obtained":["Uppercut"]},{"cards_removed":["Strike_R"],"damage_healed":0,"gold_gain":0,"player_choice":"Card Removal","damage_taken":7,"max_hp_gain":0,"max_hp_loss":0,"event_name":"Golden Wing","floor":11,"gold_loss":0},{"damage_healed":0,"gold_gain":90,"player_choice":"GOLD CARD ","damage_taken":24,"max_hp_gain":0,"max_hp_loss":0,"event_name":"Knowing Skull","floor":20,"potions_obtained":[],"gold_loss":0,"cards_obtained":["Swift Strike"]},{"damage_healed":0,"gold_gain":0,"player_choice":"Ignored","damage_taken":0,"max_hp_gain":0,"max_hp_loss":0,"event_name":"The Mausoleum","floor":30,"gold_loss":0},{"damage_healed":0,"gold_gain":0,"player_choice":"Memory 3","damage_taken":10,"max_hp_gain":0,"max_hp_loss":0,"event_name":"SensoryStone","floor":37,"gold_loss":0}],"is_beta":false,"boss_relics":[{"not_picked":["Eternal Feather","Runic Pyramid"],"picked":"Empty Cage"},{"not_picked":["Calling Bell","Lizard Tail"],"picked":"Velvet Choker"}],"items_purged_floors":[4],"is_endless":false,"potions_floor_spawned":[1,16,27,29,31,33,36,41,45,48],"ascension_level":0}