{"gold_per_floor":[109,109,184,20,40,67,83,83,83,101,129,139,155,155,155,229,229,246,246,10,10,10,40,40,40,90,105,134,48,48,48,48,125,125,142,142,156,174,184,211,211,245,291,291,291,302,316,5,5,5,5,5,5,5,34,34],"floor_reached":56,"playtime":2405,"items_purged":["Strike_R","Strike_R"],"score":1956,"play_id":"8750c3c7-3ca8-4017-aaa6-1bfabee1034c","local_time":"20190829154731","is_ascension_mode":true,"campfire_choices":[{"data":"Inflame","floor":8,"key":"SMITH"},{"data":"Bash","floor":15,"key":"SMITH"},{"floor":24,"key":"REST"},{"data":"Whirlwind","floor":25,"key":"SMITH"},{"floor":30,"key":"DIG"},{"floor":32,"key":"DIG"},{"floor":41,"key":"REST"},{"floor":44,"key":"RECALL"},{"floor":49,"key":"REST"},{"floor":53,"key":"DIG"}],"neow_cost":"TEN_PERCENT_HP_LOSS","seed_source_timestamp":298458691480800,"circlet_count":0,"master_deck":["AscendersBane","Strike_R","Defend_R","Defend_R","Defend_R","Defend_R","Bash+1","Twin Strike","Inflame+1","Sword Boomerang+1","Shrug It Off","Battle Trance+1","Metallicize","Limit Break+1","Clothesline+1","Impervious+1","Shockwave+1","Whirlwind+1","Burning Pact+1","Corruption","Immolate","Armaments+1","Headbutt","True Grit+1","Dark Embrace","Warcry+1","Shrug It Off+1","Limit Break+1"],"relics":["Burning Blood","Nunchaku","Toxic Egg 2","Shuriken","Oddly Smooth Stone","Snecko Eye","WingedGreaves","Sundial","Potion Belt","Shovel","Boot","Bag of Preparation","Mark of Pain","Letter Opener","Centennial Puzzle","Pear","Orichalcum"],"potions_floor_usage":[12,16,23,42,56,56,56],"damage_taken":[{"damage":7,"enemies":"Small Slimes","floor":1,"turns":5},{"damage":0,"enemies":"Cultist","floor":5,"turns":3},{"damage":42,"enemies":"3 Sentries","floor":6,"turns":8},{"damage":0,"enemies":"Jaw Worm","floor":7,"turns":3},{"damage":15,"enemies":"Large Slime","floor":10,"turns":6},{"damage":11,"enemies":"Gremlin Nob","floor":11,"turns":3},{"damage":20,"enemies":"Exordium Thugs","floor":12,"turns":3},{"damage":4,"enemies":"Blue Slaver","floor":13,"turns":4},{"damage":15,"enemies":"Hexaghost","floor":16,"turns":9},{"damage":22,"enemies":"Chosen","floor":18,"turns":4},{"damage":32,"enemies":"Book of Stabbing","floor":23,"turns":5},{"damage":5,"enemies":"2 Thieves","floor":27,"turns":4},{"damage":8,"enemies":"Gremlin Leader","floor":28,"turns":5},{"damage":8,"enemies":"Automaton","floor":33,"turns":6},{"damage":6,"enemies":"3 Shapes","floor":35,"turns":8},{"damage":7,"enemies":"3 Darklings","floor":37,"turns":3},{"damage":34,"enemies":"Spire Growth","floor":38,"turns":4},{"damage":8,"enemies":"Transient","floor":39,"turns":6},{"damage":11,"enemies":"Giant Head","floor":40,"turns":6},{"damage":15,"enemies":"Reptomancer","floor":42,"turns":5},{"damage":12,"enemies":"4 Shapes","floor":46,"turns":2},{"damage":0,"enemies":"Sphere and 2 Shapes","floor":47,"turns":3},{"damage":0,"enemies":"Donu and Deca","floor":50,"turns":4},{"damage":24,"enemies":"Time Eater","floor":51,"turns":7},{"damage":42,"enemies":"Shield and Spear","floor":55,"turns":5},{"damage":40,"enemies":"The Heart","floor":56,"turns":2}],"seed_played":"6590631378520472310","potions_obtained":[{"floor":10,"key":"BloodPotion"},{"floor":13,"key":"GamblersBrew"},{"floor":16,"key":"SneckoOil"},{"floor":18,"key":"Block Potion"},{"floor":40,"key":"Poison Potion"},{"floor":46,"key":"EssenceOfSteel"},{"floor":47,"key":"Strength Potion"}],"is_trial":false,"path_per_floor":["M","$","?","$","M","E","M","R","T","M","E","M","M","?","R","B",null,"M","?","$","?","?","E","R","R","T","M","E","$","R","$","R","B",null,"M","?","M","M","M","E","R","E","T","R","?","M","M","$","R","B","B",null,"R","$","E","B"],"character_chosen":"IRONCLAD","items_purchased":["Inflame","Sword Boomerang","Shrug It Off","Impervious+1","Corruption","Limit Break+1","SpeedPotion"],"campfire_rested":3,"item_purchase_floors":[4,4,4,20,29,48,48],"current_hp_per_floor":[67,67,56,56,62,26,32,32,32,23,18,21,23,23,23,14,55,39,39,39,39,39,13,33,33,33,34,32,32,32,32,32,30,59,59,59,58,30,28,23,42,33,33,33,33,27,33,33,52,58,40,59,69,69,33,0],"gold":34,"neow_bonus":"ONE_RARE_RELIC","is_prod":false,"is_daily":false,"chose_seed":false,"campfire_upgraded":3,"win_rate":0,"timestamp":1567118851,"path_taken":["M","$","?","$","M","E","M","R","T","M","E","M","M","?","R","BOSS","M","?","?","?","?","E","R","R","T","?","E","$","R","$","R","BOSS","M","?","M","M","M","E","R","E","T","R","?","?","M","$","R","BOSS","BOSS","R","$","E","BOSS"],"build_version":"2019-07-17","purchased_purges":2,"victory":false,"max_hp_per_floor":[68,68,68,68,68,68,68,68,68,68,68,68,68,68,68,68,68,68,68,68,68,68,68,68,68,68,68,68,68,68,68,68,68,68,68,65,65,65,65,65,65,65,65,65,65,65,65,65,65,65,65,65,75,75,75,75],"card_choices":[{"not_picked":["Shrug It Off","Heavy Blade"],"picked":"Twin Strike","floor":1},{"not_picked":["Wild Strike","Perfected Strike"],"picked":"Battle Trance","floor":6},{"not_picked":["Clothesline","Entrench+1","Seeing Red+1"],"picked":"SKIP","floor":7},{"not_picked":["Searing Blow","Heavy Blade","Wild Strike"],"picked":"SKIP","floor":10},{"not_picked":["Burning Pact+1","Clothesline"],"picked":"Metallicize","floor":11},{"not_picked":["Power Through+1","Pommel Strike","Thunderclap"],"picked":"SKIP","floor":12},{"not_picked":["Headbutt","Anger","Body Slam"],"picked":"SKIP","floor":13},{"not_picked":["Feed","Exhume+1"],"picked":"Limit Break+1","floor":16},{"not_picked":["Warcry+1","Burning Pact+1"],"picked":"Clothesline+1","floor":18},{"not_picked":["Flex+1","Intimidate+1"],"picked":"Whirlwind","floor":23},{"not_picked":["Wild Strike+1","Iron Wave+1","Thunderclap"],"picked":"SKIP","floor":27},{"not_picked":["Heavy Blade","Flex+1"],"picked":"Burning Pact+1","floor":28},{"not_picked":["Berserk","Double Tap+1"],"picked":"Immolate","floor":33},{"not_picked":["Iron Wave","Perfected Strike"],"picked":"Armaments+1","floor":35},{"not_picked":["Havoc+1","Shockwave+1","Headbutt"],"picked":"SKIP","floor":37},{"not_picked":["Havoc+1","Shockwave+1"],"picked":"Headbutt","floor":37},{"not_picked":["Warcry+1","Hemokinesis"],"picked":"True Grit+1","floor":38},{"not_picked":["Havoc+1","Thunderclap","Dark Embrace"],"picked":"SKIP","floor":39},{"not_picked":["Havoc+1","Thunderclap"],"picked":"Dark Embrace","floor":39},{"not_picked":["Twin Strike","Thunderclap","Body Slam"],"picked":"SKIP","floor":40},{"not_picked":["Cleave","Flex+1","Searing Blow"],"picked":"SKIP","floor":42},{"not_picked":["Thunderclap","Burning Pact+1"],"picked":"Shrug It Off+1","floor":46},{"not_picked":["Clothesline+1","Seeing Red+1","Heavy Blade"],"picked":"SKIP","floor":47},{"not_picked":["Reckless Charge","Combust+1","Thunderclap+1"],"picked":"SKIP","floor":55}],"player_experience":824719,"relics_obtained":[{"floor":6,"key":"Toxic Egg 2"},{"floor":9,"key":"Shuriken"},{"floor":11,"key":"Oddly Smooth Stone"},{"floor":23,"key":"Sundial"},{"floor":26,"key":"Potion Belt"},{"floor":28,"key":"Shovel"},{"floor":30,"key":"Boot"},{"floor":32,"key":"Bag of Preparation"},{"floor":40,"key":"Letter Opener"},{"floor":42,"key":"Centennial Puzzle"},{"floor":53,"key":"Pear"},{"floor":55,"key":"Orichalcum"}],"event_choices":[{"damage_healed":0,"gold_gain":75,"player_choice":"Gather Gold","damage_taken":11,"max_hp_gain":0,"max_hp_loss":0,"event_name":"World of Goop","floor":3,"gold_loss":0},{"cards_removed":["Strike_R"],"damage_healed":0,"gold_gain":0,"player_choice":"Offered Basic","damage_taken":0,"max_hp_gain":0,"max_hp_loss":0,"event_name":"Bonfire Elementals","floor":14,"gold_loss":0},{"damage_healed":0,"gold_gain":0,"player_choice":"Upgraded","damage_taken":0,"max_hp_gain":0,"max_hp_loss":0,"event_name":"Upgrade Shrine","floor":19,"gold_loss":0,"cards_upgraded":["Sword Boomerang"]},{"damage_healed":0,"gold_gain":0,"player_choice":"Read","damage_taken":0,"max_hp_gain":0,"max_hp_loss":0,"event_name":"The Library","floor":21,"gold_loss":0,"cards_obtained":["Shockwave"]},{"damage_healed":0,"gold_gain":0,"player_choice":"Gave Potion","damage_taken":0,"relics_obtained":["WingedGreaves"],"max_hp_gain":0,"max_hp_loss":0,"event_name":"WeMeetAgain","floor":22,"gold_loss":0},{"damage_healed":0,"gold_gain":0,"player_choice":"Max HP","damage_taken":0,"max_hp_gain":0,"max_hp_loss":3,"event_name":"Winding Halls","floor":36,"gold_loss":0},{"damage_healed":0,"gold_gain":0,"cards_transformed":["Strike_R"],"player_choice":"Transformed","damage_taken":0,"max_hp_gain":0,"max_hp_loss":0,"event_name":"Transmorgrifier","floor":45,"gold_loss":0,"cards_obtained":["Warcry"]}],"is_beta":false,"boss_relics":[{"not_picked":["Coffee Dripper","Black Star"],"picked":"Snecko Eye"},{"not_picked":["Lizard Tail","Calling Bell"],"picked":"Mark of Pain"}],"items_purged_floors":[20,48],"is_endless":false,"potions_floor_spawned":[10,13,16,18,40,46,47],"killed_by":"The Heart","ascension_level":20}