{"gold_per_floor":[117,267,267,56,56,56,127,152,178,207,207,226,226,226,226,304,304,314,314,327,40,59,93,93,123,148,178,198,233,245,271,283,369,381,405,433,115,115,30,63,78,353,380,400,420,420,453,468,468,468,468,468,468,3,38,38],"floor_reached":56,"playtime":2542,"items_purged":["Strike_R","Strike_R"],"score":2232,"play_id":"138ecc83-bb21-4eb2-afe0-f1e27e61b836","local_time":"20190903145616","is_ascension_mode":true,"campfire_choices":[{"data":"Bash","floor":6.0,"key":"SMITH"},{"data":"Iron Wave","floor":11.0,"key":"SMITH"},{"data":"Disarm","floor":15.0,"key":"SMITH"},{"floor":24.0,"key":"REST"},{"floor":32,"key":"RECALL"},{"floor":46,"key":"REST"},{"floor":49,"key":"REST"},{"floor":53,"key":"REST"}],"neow_cost":"NONE","seed_source_timestamp":204415391176800,"circlet_count":0,"master_deck":["AscendersBane","Strike_R+1","Defend_R+1","Defend_R","Defend_R+1","Defend_R","Bash+1","Disarm","Iron Wave+1","Headbutt","Bludgeon","RitualDagger","Shockwave+1","Corruption","Shockwave","Disarm","Feel No Pain","Exhume","Disarm+1","Spot Weakness+1","Feel No Pain","Battle Trance","Shrug It Off"],"special_seed":0,"relics":["Burning Blood","NeowsBlessing","OrangePellets","Ancient Tea Set","Omamori","FossilizedHelix","Red Skull","Fusion Hammer","Bag of Preparation","Pantograph","Lantern","Pen Nib","War Paint","MawBank","WarpedTongs","Empty Cage","PrismaticShard","Regal Pillow","PreservedInsect","Pear","Sundial"],"potions_floor_usage":[54,55,56],"damage_taken":[{"damage":0.0,"enemies":"Jaw Worm","floor":1.0,"turns":1.0},{"damage":0.0,"enemies":"3 Sentries","floor":8.0,"turns":1.0},{"damage":0.0,"enemies":"Gremlin Nob","floor":10.0,"turns":1.0},{"damage":0.0,"enemies":"Small Slimes","floor":12.0,"turns":3.0},{"damage":14.0,"enemies":"The Guardian","floor":16.0,"turns":12.0},{"damage":16.0,"enemies":"3 Byrds","floor":18.0,"turns":8.0},{"damage":0.0,"enemies":"Chosen","floor":20.0,"turns":3.0},{"damage":0.0,"enemies":"Centurion and Healer","floor":22.0,"turns":5.0},{"damage":21.0,"enemies":"Book of Stabbing","floor":23.0,"turns":5.0},{"damage":12.0,"enemies":"Gremlin Leader","floor":25.0,"turns":6.0},{"damage":25.0,"enemies":"Slavers","floor":27.0,"turns":6.0},{"damage":5.0,"enemies":"Cultist and Chosen","floor":28.0,"turns":6.0},{"damage":0,"enemies":"Book of Stabbing","floor":29,"turns":6},{"damage":0,"enemies":"Snecko","floor":31,"turns":5},{"damage":54,"enemies":"Champ","floor":33,"turns":13},{"damage":0,"enemies":"Orb Walker","floor":35,"turns":3},{"damage":6,"enemies":"3 Darklings","floor":36,"turns":9},{"damage":7,"enemies":"Giant Head","floor":40,"turns":8},{"damage":6,"enemies":"Writhing Mass","floor":41,"turns":7},{"damage":0,"enemies":"4 Shapes","floor":44,"turns":7},{"damage":6,"enemies":"Transient","floor":45,"turns":6},{"damage":9,"enemies":"Nemesis","floor":47,"turns":7},{"damage":0,"enemies":"Writhing Mass","floor":48,"turns":2},{"damage":40,"enemies":"Donu and Deca","floor":50,"turns":11},{"damage":52,"enemies":"Awakened One","floor":51,"turns":17},{"damage":0,"enemies":"Shield and Spear","floor":55,"turns":3},{"damage":114,"enemies":"The Heart","floor":56,"turns":9}],"seed_played":"3582564165093896326","potions_obtained":[{"floor":8.0,"key":"Explosive Potion"},{"floor":18.0,"key":"Fire Potion"},{"floor":27.0,"key":"Block Potion"},{"floor":29,"key":"Regen Potion"},{"floor":55,"key":"FearPotion"}],"is_trial":false,"path_per_floor":["M","?","?","$","?","R","?","E","T","E","R","M","?","?","R","B",null,"M","?","M","$","M","E","R","E","T","E","M","E","?","M","R","B",null,"M","M","$","?","$","E","M","?","T","M","M","R","E","M","R","B","B",null,"R","$","E","B"],"character_chosen":"IRONCLAD","items_purchased":["OrangePellets","Corruption","Bag of Preparation","PrismaticShard","Feel No Pain","Pear","Fruit Juice","GamblersBrew"],"campfire_rested":4,"item_purchase_floors":[4,21,21,37,39,54,54,54],"current_hp_per_floor":[74,74,79,79,79,79,79,80,80,80,80,80,56,51,51,43,71,61,55,61,61,67,52,76,70,70,51,52,58,58,64,64,32,68,74,74,74,74,74,73,73,73,73,79,79,80,77,80,80,46,25,66,80,95,95,0],"gold":38,"neow_bonus":"THREE_ENEMY_KILL","is_prod":false,"is_daily":false,"chose_seed":false,"campfire_upgraded":3,"win_rate":0,"timestamp":1567547776,"path_taken":["M","?","?","$","?","R","?","E","T","E","R","M","?","?","R","BOSS","M","?","M","$","M","E","R","E","T","E","M","E","?","?","R","BOSS","M","M","$","?","$","E","M","?","T","?","M","R","E","M","R","BOSS","BOSS","R","$","E","BOSS"],"build_version":"2019-07-17","purchased_purges":2,"victory":false,"max_hp_per_floor":[75,75,80,80,80,80,80,80,80,80,80,80,80,80,80,80,80,80,80,80,80,80,80,80,80,80,80,80,80,80,80,80,80,80,80,80,80,80,80,80,80,80,80,80,80,80,80,80,80,80,80,80,80,95,95,95],"card_choices":[{"not_picked":["Havoc","Spot Weakness"],"picked":"Disarm","floor":1.0},{"not_picked":["True Grit","Carnage"],"picked":"Disarm","floor":8.0},{"not_picked":["Shrug It Off","Second Wind"],"picked":"Iron Wave","floor":10.0},{"not_picked":["Iron Wave","Cleave"],"picked":"Headbutt","floor":12.0},{"not_picked":["Impervious","Reaper"],"picked":"Bludgeon","floor":16.0},{"not_picked":["Sever Soul","Heavy Blade+1","Dropkick"],"picked":"SKIP","floor":18.0},{"not_picked":["Shrug It Off+1","Disarm"],"picked":"Shockwave","floor":20.0},{"not_picked":["Blood for Blood","Havoc","Heavy Blade"],"picked":"SKIP","floor":22.0},{"not_picked":["True Grit","Thunderclap"],"picked":"Shockwave","floor":23.0},{"not_picked":["Sentinel","Bludgeon","Rage"],"picked":"SKIP","floor":25.0},{"not_picked":["Wild Strike","Corruption"],"picked":"Disarm","floor":27.0},{"not_picked":["Corruption","Infernal Blade+1","Iron Wave"],"picked":"SKIP","floor":28.0},{"not_picked":["Flame Barrier","Inflame+1"],"picked":"Feel No Pain","floor":29},{"not_picked":["Pommel Strike","Inflame","Thunderclap"],"picked":"SKIP","floor":31},{"not_picked":["Fiend Fire","Dark Embrace"],"picked":"Exhume","floor":33},{"not_picked":["Thunderclap","Clothesline"],"picked":"Disarm+1","floor":35},{"not_picked":["Feel No Pain","Rampage"],"picked":"Spot Weakness+1","floor":36},{"not_picked":["Conserve Battery","Force Field","Sever Soul"],"picked":"SKIP","floor":40},{"not_picked":["Dodge and Roll","Heavy Blade","Deep Breath+1"],"picked":"SKIP","floor":41},{"not_picked":["Prepared","Havoc","Cleave+1"],"picked":"SKIP","floor":44},{"not_picked":["Sunder","Inflame"],"picked":"Battle Trance","floor":45},{"not_picked":["PanicButton+1","Deflect","Ball Lightning+1"],"picked":"SKIP","floor":47},{"not_picked":["Leap","Iron Wave"],"picked":"Shrug It Off","floor":48},{"not_picked":["Heel Hook","Poisoned Stab","Metamorphosis"],"picked":"SKIP","floor":55}],"player_experience":845883,"relics_obtained":[{"floor":8.0,"key":"Ancient Tea Set"},{"floor":9.0,"key":"Omamori"},{"floor":10.0,"key":"FossilizedHelix"},{"floor":23.0,"key":"Pantograph"},{"floor":25.0,"key":"Lantern"},{"floor":26.0,"key":"Pen Nib"},{"floor":27.0,"key":"War Paint"},{"floor":29,"key":"MawBank"},{"floor":40,"key":"Regal Pillow"},{"floor":47,"key":"PreservedInsect"},{"floor":55,"key":"Sundial"}],"event_choices":[{"damage_healed":0.0,"max_hp_gain":0.0,"max_hp_loss":0.0,"gold_gain":150.0,"event_name":"Liars Game","player_choice":"AGREE","floor":2.0,"gold_loss":0.0,"damage_taken":0.0,"cards_obtained":["Doubt"]},{"damage_healed":0.0,"max_hp_gain":5.0,"max_hp_loss":0.0,"gold_gain":0.0,"event_name":"Big Fish","player_choice":"Donut","floor":3.0,"gold_loss":0.0,"damage_taken":0.0},{"cards_removed":["Doubt"],"damage_healed":0.0,"max_hp_gain":0.0,"max_hp_loss":0.0,"gold_gain":0.0,"event_name":"Living Wall","player_choice":"Forget","floor":5.0,"gold_loss":0.0,"damage_taken":0.0},{"damage_healed":0.0,"max_hp_gain":0.0,"max_hp_loss":0.0,"gold_gain":71.0,"event_name":"Golden Wing","player_choice":"Gained Gold","floor":7.0,"gold_loss":0.0,"damage_taken":0.0},{"damage_healed":0.0,"max_hp_gain":0.0,"max_hp_loss":0.0,"gold_gain":0.0,"event_name":"Shining Light","player_choice":"Entered Light","floor":13.0,"gold_loss":0.0,"damage_taken":24.0,"cards_upgraded":["Strike_R","Defend_R"]},{"damage_healed":0.0,"max_hp_gain":0.0,"max_hp_loss":0.0,"gold_gain":0.0,"event_name":"Scrap Ooze","player_choice":"Success","floor":14.0,"gold_loss":0.0,"damage_taken":5.0,"relics_obtained":["Red Skull"]},{"damage_healed":0.0,"max_hp_gain":0.0,"max_hp_loss":0.0,"gold_gain":0.0,"event_name":"Nest","player_choice":"Joined the Cult","floor":19.0,"gold_loss":0.0,"damage_taken":6.0,"cards_obtained":["RitualDagger"]},{"damage_healed":0,"gold_gain":0,"player_choice":"Rummage","damage_taken":0,"relics_obtained":["WarpedTongs"],"max_hp_gain":0,"max_hp_loss":0,"event_name":"Accursed Blacksmith","floor":30,"gold_loss":0,"cards_obtained":["Pain"]},{"cards_removed":["Disarm"],"damage_healed":0,"gold_gain":0,"player_choice":"Removed Skill","damage_taken":0,"max_hp_gain":0,"max_hp_loss":0,"event_name":"Falling","floor":38,"gold_loss":0},{"damage_healed":0,"gold_gain":275,"player_choice":"Desecrate","damage_taken":0,"max_hp_gain":0,"max_hp_loss":0,"event_name":"Golden Shrine","floor":42,"gold_loss":0,"cards_obtained":["Regret"]}],"is_beta":false,"boss_relics":[{"not_picked":["Black Blood","Mark of Pain"],"picked":"Fusion Hammer"},{"not_picked":["Runic Cube","Black Star"],"picked":"Empty Cage"}],"items_purged_floors":[21,37],"is_endless":false,"potions_floor_spawned":[8,18,27,28,29,41,44,47,55],"killed_by":"The Heart","ascension_level":20}