{"gold_per_floor":[116,116,139,139,163,163,203,218,243,264,264,264],"floor_reached":12,"playtime":244,"items_purged":[],"score":160,"play_id":"7b846457-3de9-4c6d-8040-7af3c11c1eae","local_time":"20190813202113","is_ascension_mode":true,"campfire_choices":[{"data":"Searing Blow","floor":6,"key":"SMITH"},{"data":"Searing Blow+1","floor":11,"key":"SMITH"}],"neow_cost":"NONE","seed_source_timestamp":880222332047400,"circlet_count":0,"master_deck":["AscendersBane","Strike_R","Strike_R","Strike_R","Strike_R","Defend_R","Defend_R","Defend_R","Defend_R","Bash","Perfected Strike","Shrug It Off","Searing Blow+2","Headbutt","Disarm"],"special_seed":0,"relics":["Burning Blood","NeowsBlessing","Golden Idol","Potion Belt","Dream Catcher"],"potions_floor_usage":[7,12,12],"damage_taken":[{"damage":0.0,"enemies":"Small Slimes","floor":1.0,"turns":1.0},{"damage":0,"enemies":"Jaw Worm","floor":3,"turns":1},{"damage":0,"enemies":"Cultist","floor":5,"turns":1},{"damage":51,"enemies":"Gremlin Nob","floor":7,"turns":6},{"damage":9,"enemies":"Looter","floor":8,"turns":4},{"damage":2,"enemies":"2 Fungi Beasts","floor":10,"turns":3},{"damage":19,"enemies":"3 Sentries","floor":12,"turns":8}],"seed_played":"-6586249235189798215","potions_obtained":[{"floor":3,"key":"Block Potion"},{"floor":7,"key":"SpeedPotion"},{"floor":8,"key":"SkillPotion"}],"is_trial":false,"path_per_floor":["M","?","M","?","M","R","E","M","T","M","R","E"],"character_chosen":"IRONCLAD","items_purchased":[],"campfire_rested":0,"item_purchase_floors":[],"current_hp_per_floor":[74,48,54,54,60,60,15,12,12,16,16,0],"gold":264,"neow_bonus":"THREE_ENEMY_KILL","is_prod":false,"is_daily":false,"chose_seed":false,"campfire_upgraded":2,"win_rate":0,"timestamp":1565752873,"path_taken":["M","?","M","?","?","R","E","M","T","M","R","E"],"build_version":"2019-07-17","purchased_purges":0,"victory":false,"max_hp_per_floor":[75,75,75,75,75,75,75,75,75,75,75,75],"card_choices":[{"not_picked":["Second Wind","Twin Strike"],"picked":"Perfected Strike","floor":1.0},{"not_picked":["Cleave","Entrench"],"picked":"Shrug It Off","floor":3},{"not_picked":["Rupture","Shrug It Off"],"picked":"Searing Blow","floor":5},{"not_picked":["Feel No Pain","Warcry"],"picked":"Headbutt","floor":7},{"not_picked":["Pummel","Seeing Red"],"picked":"Disarm","floor":8},{"not_picked":["Shrug It Off","Body Slam","Fire Breathing"],"picked":"SKIP","floor":10}],"player_experience":789543,"relics_obtained":[{"floor":7,"key":"Potion Belt"},{"floor":9,"key":"Dream Catcher"}],"event_choices":[{"damage_healed":0,"gold_gain":0,"player_choice":"Take Damage","damage_taken":26,"relics_obtained":["Golden Idol"],"max_hp_gain":0,"max_hp_loss":0,"event_name":"Golden Idol","floor":2,"gold_loss":0},{"cards_removed":["Strike_R"],"damage_healed":0,"gold_gain":0,"player_choice":"Purged","damage_taken":0,"max_hp_gain":0,"max_hp_loss":0,"event_name":"Purifier","floor":4,"gold_loss":0}],"is_beta":false,"boss_relics":[],"items_purged_floors":[],"is_endless":false,"potions_floor_spawned":[3,7,8],"killed_by":"3 Sentries","ascension_level":20}