{"gold_per_floor":[112,14,14,27,46,46,66,66,91,118,18,35,35,53,53,151,151,163,183,39,39,58,58,58,72,72,171,171,171],"floor_reached":29,"playtime":2394,"items_purged":["Strike_G","Strike_G"],"score":225,"play_id":"1951cc5c-74e6-4fc3-b766-7467364547e2","local_time":"20190904075400","is_ascension_mode":false,"campfire_choices":[{"data":"Forethought","floor":6,"key":"SMITH"},{"floor":8,"key":"REST"},{"data":"Catalyst","floor":13,"key":"SMITH"},{"floor":15,"key":"REST"},{"floor":23,"key":"REST"},{"floor":28,"key":"REST"}],"neow_cost":"NONE","seed_source_timestamp":474673067300,"circlet_count":0,"master_deck":["Strike_G","Strike_G","Strike_G","Defend_G","Defend_G","Defend_G","Defend_G","Defend_G","Survivor","Neutralize","Forethought+1","Sucker Punch","Poisoned Stab","Flying Knee","Backflip","Noxious Fumes","Well Laid Plans","Catalyst+1","Expertise","Envenom","Underhanded Strike+1","Tactician","Backflip","Prepared+1","Calculated Gamble"],"relics":["Ring of the Snake","Strawberry","Bag of Preparation","HoveringKite","Boot","Incense Burner"],"potions_floor_usage":[10,16,16,22,22],"damage_taken":[{"damage":2,"enemies":"Cultist","floor":1,"turns":5},{"damage":0,"enemies":"2 Louse","floor":4,"turns":2},{"damage":1,"enemies":"Jaw Worm","floor":5,"turns":3},{"damage":33,"enemies":"Gremlin Gang","floor":7,"turns":7},{"damage":17,"enemies":"3 Sentries","floor":10,"turns":9},{"damage":3,"enemies":"3 Louse","floor":12,"turns":4},{"damage":2,"enemies":"Looter","floor":14,"turns":4},{"damage":21,"enemies":"Hexaghost","floor":16,"turns":9},{"damage":47,"enemies":"3 Byrds","floor":18,"turns":6},{"damage":2,"enemies":"Chosen","floor":19,"turns":5},{"damage":14,"enemies":"Centurion and Healer","floor":22,"turns":6},{"damage":34,"enemies":"3 Cultists","floor":25,"turns":7},{"damage":30,"enemies":"Book of Stabbing","floor":29,"turns":5}],"seed_played":"-8452605815206913241","potions_obtained":[{"floor":4,"key":"Dexterity Potion"},{"floor":7,"key":"EssenceOfSteel"},{"floor":12,"key":"AttackPotion"},{"floor":14,"key":"Ancient Potion"},{"floor":19,"key":"SteroidPotion"}],"is_trial":false,"path_per_floor":["M","$","?","M","M","R","M","R","T","E","$","M","R","M","R","B",null,"M","M","$","?","M","R","?","M","T","?","R","E"],"character_chosen":"THE_SILENT","items_purchased":["Poisoned Stab","Boot"],"campfire_rested":4,"item_purchase_floors":[2,20],"current_hp_per_floor":[68,68,68,68,67,67,34,55,62,45,45,42,42,40,63,42,77,30,28,28,28,14,37,37,3,3,3,26,0],"gold":171,"neow_bonus":"RANDOM_COLORLESS","is_prod":false,"is_daily":false,"chose_seed":false,"campfire_upgraded":2,"win_rate":0,"timestamp":1567554840,"path_taken":["M","?","?","M","?","R","M","R","T","E","$","M","R","M","R","BOSS","M","M","$","?","?","R","?","M","T","?","R","E"],"build_version":"2019-07-17","purchased_purges":2,"victory":false,"max_hp_per_floor":[70,70,70,70,70,70,70,70,77,77,77,77,77,77,77,77,77,77,77,77,77,77,77,77,77,77,77,77,77],"card_choices":[{"not_picked":["Blade Dance","Blur"],"picked":"Sucker Punch","floor":1},{"not_picked":["Dagger Throw","Quick Slash"],"picked":"Flying Knee","floor":4},{"not_picked":["Finisher","Eviscerate"],"picked":"Backflip","floor":5},{"not_picked":["Well Laid Plans","Prepared"],"picked":"Noxious Fumes","floor":7},{"not_picked":["PiercingWail","Flechettes"],"picked":"Well Laid Plans","floor":10},{"not_picked":["Endless Agony","Acrobatics"],"picked":"Catalyst","floor":12},{"not_picked":["Concentrate","Flying Knee"],"picked":"Expertise","floor":14},{"not_picked":["Adrenaline","Burst"],"picked":"Envenom","floor":16},{"not_picked":["PiercingWail","Dagger Throw"],"picked":"Underhanded Strike+1","floor":18},{"not_picked":["Crippling Poison+1","Predator+1"],"picked":"Tactician","floor":19},{"not_picked":["Poisoned Stab","Flying Knee"],"picked":"Prepared+1","floor":22},{"not_picked":["Bane","Cloak And Dagger"],"picked":"Calculated Gamble","floor":25}],"player_experience":284010,"relics_obtained":[{"floor":9,"key":"Strawberry"},{"floor":10,"key":"Bag of Preparation"},{"floor":26,"key":"Incense Burner"}],"event_choices":[{"damage_healed":0,"gold_gain":0,"player_choice":"Ignored","damage_taken":0,"max_hp_gain":0,"max_hp_loss":0,"event_name":"NoteForYourself","floor":3,"gold_loss":0},{"damage_healed":0,"gold_gain":0,"player_choice":"1 cards matched","damage_taken":0,"max_hp_gain":0,"max_hp_loss":0,"event_name":"Match and Keep!","floor":21,"gold_loss":0,"cards_obtained":["Backflip"]},{"damage_healed":0,"gold_gain":0,"player_choice":"Ignored","damage_taken":0,"max_hp_gain":0,"max_hp_loss":0,"event_name":"Cursed Tome","floor":24,"gold_loss":0},{"damage_healed":0,"gold_gain":99,"player_choice":"Stole From Cult","damage_taken":0,"max_hp_gain":0,"max_hp_loss":0,"event_name":"Nest","floor":27,"gold_loss":0}],"is_beta":false,"boss_relics":[{"not_picked":["Busted Crown","Cursed Key"],"picked":"HoveringKite"}],"items_purged_floors":[2,11],"is_endless":false,"potions_floor_spawned":[4,7,12,14,19],"killed_by":"Book of Stabbing","ascension_level":0}