{"gold_per_floor":[109,109,134,21,36,79,179,193,193,213,25,25,45,68,68,198,198,216,216,232,232,248,248,265,53,80,108,121,121,121,138,138,138],"floor_reached":33,"playtime":2383,"items_purged":["Writhe","Injury","Strike_B"],"score":251,"play_id":"ec2e6f85-fe21-4d97-ac5a-5728260c64a2","local_time":"20190901082022","is_ascension_mode":false,"campfire_choices":[{"floor":12,"key":"REST"},{"floor":15,"key":"REST"},{"data":"1","floor":23,"key":"LIFT"},{"data":"2","floor":29,"key":"LIFT"},{"data":"3","floor":32,"key":"LIFT"}],"neow_cost":"CURSE","seed_source_timestamp":1919487326400,"circlet_count":0,"master_deck":["Strike_B","Strike_B","Strike_B","Defend_B","Defend_B","Defend_B","Defend_B","Zap","Dualcast","Leap","Scrape","Glacier","Go for the Eyes","Auto Shields","Beam Cell","Cold Snap","Trip","Static Discharge","Electrodynamics","Gash","Melter+1","Turbo","Swift Strike","BootSequence","Steam+1"],"relics":["Cracked Core","Bloody Idol","Girya","Thread and Needle","Eternal Feather","Dream Catcher","Red Mask"],"potions_floor_usage":[10,16,16,16,31],"damage_taken":[{"damage":0,"enemies":"2 Louse","floor":1,"turns":2},{"damage":10,"enemies":"Small Slimes","floor":3,"turns":3},{"damage":1,"enemies":"Cultist","floor":5,"turns":3},{"damage":56,"enemies":"3 Sentries","floor":6,"turns":11},{"damage":9,"enemies":"Large Slime","floor":8,"turns":7},{"damage":7,"enemies":"Exordium Wildlife","floor":10,"turns":6},{"damage":0,"enemies":"3 Louse","floor":13,"turns":4},{"damage":0,"enemies":"Large Slime","floor":14,"turns":6},{"damage":7,"enemies":"The Guardian","floor":16,"turns":13},{"damage":7,"enemies":"Chosen","floor":18,"turns":5},{"damage":18,"enemies":"Spheric Guardian","floor":20,"turns":4},{"damage":24,"enemies":"Cultist and Chosen","floor":22,"turns":9},{"damage":9,"enemies":"Snake Plant","floor":24,"turns":4},{"damage":5,"enemies":"Masked Bandits","floor":27,"turns":4},{"damage":9,"enemies":"3 Cultists","floor":28,"turns":5},{"damage":18,"enemies":"Shelled Parasite and Fungi","floor":31,"turns":5},{"damage":100,"enemies":"Automaton","floor":33,"turns":12}],"seed_played":"-8106411319105260475","potions_obtained":[{"floor":1,"key":"Dexterity Potion"},{"floor":8,"key":"Regen Potion"},{"floor":13,"key":"LiquidBronze"},{"floor":14,"key":"PowerPotion"},{"floor":22,"key":"FairyPotion"},{"floor":27,"key":"Swift Potion"},{"floor":31,"key":"FearPotion"}],"is_trial":false,"path_per_floor":["M","?","M","$","M","E","?","M","T","M","$","R","M","M","R","B",null,"M","?","M","?","M","R","M","$","T","?","M","R","?","M","R","B"],"character_chosen":"DEFECT","items_purchased":["Glacier","Trip","Swift Strike"],"campfire_rested":2,"item_purchase_floors":[4,11,25],"current_hp_per_floor":[89,89,79,79,78,22,22,13,13,21,21,47,47,47,73,66,89,82,82,64,64,45,57,53,53,58,58,54,69,69,56,71,0],"gold":138,"neow_bonus":"TWENTY_PERCENT_HP_BONUS","is_prod":false,"is_daily":false,"chose_seed":false,"campfire_upgraded":0,"win_rate":0,"timestamp":1567297222,"path_taken":["M","?","M","$","M","E","?","M","T","M","$","R","?","M","R","BOSS","M","?","M","?","M","R","M","$","T","?","M","R","?","M","R","BOSS"],"build_version":"2019-07-17","purchased_purges":3,"victory":false,"max_hp_per_floor":[89,89,89,89,89,89,89,89,89,89,89,89,89,89,89,89,89,89,89,89,89,89,89,89,89,89,89,89,89,89,89,89,89],"card_choices":[{"not_picked":["Steam Power","Steam"],"picked":"Leap","floor":1},{"not_picked":["Capacitor","Melter"],"picked":"Scrape","floor":3},{"not_picked":["Beam Cell","Coolheaded"],"picked":"Go for the Eyes","floor":5},{"not_picked":["Streamline","Redo"],"picked":"Auto Shields","floor":6},{"not_picked":["Compile Driver","Melter"],"picked":"Beam Cell","floor":8},{"not_picked":["Barrage","Steam"],"picked":"Cold Snap","floor":10},{"not_picked":["Redo","Beam Cell"],"picked":"Static Discharge","floor":13},{"not_picked":["Doom and Gloom","Double Energy","Storm"],"picked":"SKIP","floor":14},{"not_picked":["Multi-Cast","All For One"],"picked":"Electrodynamics","floor":16},{"not_picked":["Leap+1","Skim","Glacier+1"],"picked":"SKIP","floor":18},{"not_picked":["Melter","Genetic Algorithm"],"picked":"Gash","floor":20},{"not_picked":["Aggregate","Beam Cell"],"picked":"Melter+1","floor":22},{"not_picked":["Chaos","Compile Driver"],"picked":"Turbo","floor":24},{"not_picked":["Coolheaded","Beam Cell+1"],"picked":"BootSequence","floor":27},{"not_picked":["Glacier","Recycle"],"picked":"Steam+1","floor":28},{"not_picked":["Ball Lightning","Biased Cognition","BootSequence+1"],"picked":"SKIP","floor":31}],"player_experience":262268,"relics_obtained":[{"floor":6,"key":"Girya"},{"floor":9,"key":"Thread and Needle"},{"floor":26,"key":"Dream Catcher"},{"floor":27,"key":"Red Mask"}],"event_choices":[{"damage_healed":0,"gold_gain":0,"player_choice":"Take Wound","damage_taken":0,"relics_obtained":["Golden Idol"],"max_hp_gain":0,"max_hp_loss":0,"event_name":"Golden Idol","floor":2,"gold_loss":0,"cards_obtained":["Injury"]},{"damage_healed":0,"gold_gain":100,"player_choice":"Pray","damage_taken":0,"max_hp_gain":0,"max_hp_loss":0,"event_name":"Golden Shrine","floor":7,"gold_loss":0},{"damage_healed":0,"gold_gain":0,"player_choice":"Ignored","damage_taken":0,"max_hp_gain":0,"max_hp_loss":0,"event_name":"Ghosts","floor":19,"gold_loss":0},{"damage_healed":0,"gold_gain":0,"player_choice":"Gave Idol","damage_taken":0,"relics_obtained":["Bloody Idol"],"max_hp_gain":0,"max_hp_loss":0,"event_name":"Forgotten Altar","floor":21,"relics_lost":["Golden Idol"],"gold_loss":0},{"damage_healed":0,"gold_gain":0,"player_choice":"Fought Bandits","damage_taken":0,"max_hp_gain":0,"max_hp_loss":0,"event_name":"Masked Bandits","floor":27,"gold_loss":0},{"damage_healed":0,"gold_gain":0,"player_choice":"Ignored","damage_taken":0,"max_hp_gain":0,"max_hp_loss":0,"event_name":"Vampires","floor":30,"gold_loss":0}],"is_beta":false,"boss_relics":[{"not_picked":["Fusion Hammer","Sozu"],"picked":"Eternal Feather"}],"items_purged_floors":[4,11,25],"is_endless":false,"potions_floor_spawned":[1,8,13,14,22,27,31],"killed_by":"Automaton","ascension_level":0}