{"gold_per_floor":[19,29,29,46,121,149,149,149,149,149,149,177,177,205,205,205],"floor_reached":16,"playtime":324,"items_purged":[],"score":232,"play_id":"4182c40e-1ffd-42d1-b463-1379cbd5c96b","local_time":"20190903002942","is_ascension_mode":true,"campfire_choices":[{"data":"Immolate","floor":8.0,"key":"SMITH"},{"data":"Bash","floor":11.0,"key":"SMITH"},{"data":"True Grit","floor":13.0,"key":"SMITH"},{"data":"Combust","floor":15.0,"key":"SMITH"}],"neow_cost":"NO_GOLD","seed_source_timestamp":154666829993800,"circlet_count":0,"master_deck":["AscendersBane","Strike_R","Strike_R","Strike_R","Strike_R","Defend_R","Defend_R","Defend_R","Defend_R","Bash+1","Immolate+1","Feel No Pain","True Grit+1","Pommel Strike","Combust+1","Thunderclap"],"special_seed":0,"relics":["Burning Blood","Matryoshka","Bag of Marbles","Ornamental Fan","Blue Candle","Juzu Bracelet"],"potions_floor_usage":[16],"damage_taken":[{"damage":0.0,"enemies":"2 Louse","floor":1.0,"turns":1.0},{"damage":0.0,"enemies":"Small Slimes","floor":2.0,"turns":2.0},{"damage":9.0,"enemies":"Jaw Worm","floor":4.0,"turns":4.0},{"damage":23.0,"enemies":"3 Sentries","floor":6.0,"turns":9.0},{"damage":8.0,"enemies":"Gremlin Nob","floor":12.0,"turns":3.0},{"damage":18.0,"enemies":"Lagavulin","floor":14.0,"turns":7.0},{"damage":0,"enemies":"Slime Boss","floor":16,"turns":1}],"seed_played":"4818854610861027787","potions_obtained":[{"floor":4.0,"key":"PowerPotion"},{"floor":6.0,"key":"SkillPotion"},{"floor":14.0,"key":"Dexterity Potion"}],"is_trial":false,"path_per_floor":["M","M","$","M","?","E","?","R","T","$","R","E","R","E","R","B"],"character_chosen":"IRONCLAD","items_purchased":[],"campfire_rested":0,"item_purchase_floors":[],"current_hp_per_floor":[74,75,75,72,61,44,44,44,44,44,44,42,42,30,30,30],"gold":205,"neow_bonus":"THREE_RARE_CARDS","is_prod":false,"is_daily":false,"chose_seed":false,"campfire_upgraded":4,"win_rate":0,"timestamp":1567495782,"path_taken":["M","M","$","M","?","E","?","R","T","?","R","E","R","E","R","BOSS"],"build_version":"2019-07-17","purchased_purges":0,"victory":false,"max_hp_per_floor":[75,75,75,75,75,75,75,75,75,75,75,75,75,75,75,75],"card_choices":[{"not_picked":["Brutality","Limit Break"],"picked":"Immolate","floor":0.0},{"not_picked":["Sword Boomerang","Armaments"],"picked":"Feel No Pain","floor":1.0},{"not_picked":["Sword Boomerang","Shrug It Off"],"picked":"True Grit","floor":2.0},{"not_picked":["Rampage","Dual Wield"],"picked":"Pommel Strike","floor":4.0},{"not_picked":["Dark Embrace","Warcry","Perfected Strike"],"picked":"SKIP","floor":6.0},{"not_picked":["Clash","Carnage"],"picked":"Combust","floor":12.0},{"not_picked":["Perfected Strike","Shrug It Off"],"picked":"Thunderclap","floor":14.0}],"player_experience":837203,"relics_obtained":[{"floor":6.0,"key":"Matryoshka"},{"floor":9.0,"key":"Bag of Marbles"},{"floor":9.0,"key":"Ornamental Fan"},{"floor":12.0,"key":"Blue Candle"},{"floor":14.0,"key":"Juzu Bracelet"}],"event_choices":[{"damage_healed":0.0,"max_hp_gain":0.0,"max_hp_loss":0.0,"gold_gain":75.0,"event_name":"World of Goop","player_choice":"Gather Gold","floor":5.0,"gold_loss":0.0,"damage_taken":11.0},{"cards_removed":["Strike_R"],"damage_healed":0.0,"max_hp_gain":0.0,"max_hp_loss":0.0,"gold_gain":0.0,"event_name":"Living Wall","player_choice":"Forget","floor":7.0,"gold_loss":0.0,"damage_taken":0.0}],"is_beta":false,"boss_relics":[],"items_purged_floors":[],"is_endless":false,"potions_floor_spawned":[4,6,12,14],"killed_by":"Slime Boss","ascension_level":20}