{"gold_per_floor":[217,228,193,21,33,66,29,63,111,131,51,78,78],"floor_reached":13,"playtime":554,"items_purged":[],"score":206,"play_id":"89ddd56e-a0cc-4f8d-9e3e-5f0e7e230823","local_time":"20190903141210","is_ascension_mode":true,"campfire_choices":[],"neow_cost":"NONE","seed_source_timestamp":203652031050600,"circlet_count":0,"master_deck":["AscendersBane","Strike_R","Strike_R","Strike_R","Strike_R","Strike_R","Defend_R","Defend_R","Defend_R","Defend_R","Bash","Flame Barrier","Spot Weakness","Uppercut","Anger","Sword Boomerang","Headbutt","Evolve","Shrug It Off","Offering","Shrug It Off","True Grit","Whirlwind"],"special_seed":0,"relics":["Burning Blood","Letter Opener","Lantern","Bronze Scales","The Courier"],"potions_floor_usage":[],"damage_taken":[{"damage":7.0,"enemies":"Cultist","floor":1.0,"turns":4.0},{"damage":16.0,"enemies":"Small Slimes","floor":2.0,"turns":5.0},{"damage":7.0,"enemies":"Jaw Worm","floor":5.0,"turns":3.0},{"damage":35.0,"enemies":"Lagavulin","floor":6.0,"turns":8.0},{"damage":25.0,"enemies":"3 Sentries","floor":8.0,"turns":8.0},{"damage":2.0,"enemies":"Exordium Wildlife","floor":10.0,"turns":3.0},{"damage":26.0,"enemies":"Gremlin Nob","floor":12.0,"turns":4.0},{"damage":11,"enemies":"3 Louse","floor":13,"turns":2}],"seed_played":"-7781558614996900642","potions_obtained":[{"floor":1.0,"key":"FearPotion"},{"floor":6.0,"key":"Swift Potion"}],"is_trial":false,"path_per_floor":["M","M","?","$","M","E","$","E","T","M","$","E","M"],"character_chosen":"IRONCLAD","items_purchased":["Spot Weakness","Uppercut","Anger","Evolve","Shrug It Off","True Grit"],"campfire_rested":0,"item_purchase_floors":[4,4,4,7,11,11],"current_hp_per_floor":[67,57,75,75,74,45,45,26,26,30,30,10,0],"gold":78,"neow_bonus":"HUNDRED_GOLD","is_prod":false,"is_daily":false,"chose_seed":false,"campfire_upgraded":0,"win_rate":0,"timestamp":1567545130,"path_taken":["M","?","?","$","M","E","?","E","T","M","?","E","M"],"build_version":"2019-07-17","purchased_purges":0,"victory":false,"max_hp_per_floor":[75,75,75,75,75,75,75,75,75,75,75,75,75],"card_choices":[{"not_picked":["Rupture","Shrug It Off"],"picked":"Flame Barrier","floor":1.0},{"not_picked":["Fire Breathing","Warcry","Havoc"],"picked":"SKIP","floor":2.0},{"not_picked":["Warcry","True Grit"],"picked":"Sword Boomerang","floor":5.0},{"not_picked":["Metallicize","Body Slam"],"picked":"Headbutt","floor":6.0},{"not_picked":["Body Slam","Pummel"],"picked":"Shrug It Off","floor":8.0},{"not_picked":["Headbutt","Combust"],"picked":"Offering","floor":10.0},{"not_picked":["Dark Embrace","Warcry"],"picked":"Whirlwind","floor":12.0}],"player_experience":845329,"relics_obtained":[{"floor":6.0,"key":"Letter Opener"},{"floor":8.0,"key":"Lantern"},{"floor":9.0,"key":"Bronze Scales"},{"floor":12.0,"key":"The Courier"}],"event_choices":[{"damage_healed":18.0,"max_hp_gain":0.0,"max_hp_loss":0.0,"gold_gain":0.0,"event_name":"The Cleric","player_choice":"Healed","floor":3.0,"gold_loss":35.0,"damage_taken":0.0}],"is_beta":false,"boss_relics":[],"items_purged_floors":[],"is_endless":false,"potions_floor_spawned":[1,6,10],"killed_by":"3 Louse","ascension_level":20}