{"gold_per_floor":[110,130,147,72,83,114,148,175,243,243,258,275,285,304,304,402,402,413,185,195],"floor_reached":20,"playtime":1065,"items_purged":["Wraith Form v2"],"score":200,"play_id":"432a7ef6-77ad-421c-b930-54b7fc04aa92","local_time":"20190907152917","daily_mods":["Draft","Vintage","Heirloom","Flight"],"is_ascension_mode":false,"campfire_choices":[{"data":"Double Energy","floor":10,"key":"SMITH"},{"data":"Echo Form","floor":15,"key":"SMITH"}],"neow_cost":"","seed_source_timestamp":0,"circlet_count":0,"master_deck":["Demon Form","Echo Form+1","Coolheaded","Hologram","Turbo","Ball Lightning+1","Gash","FTL","FTL","Melter","Cold Snap","Leap","Beam Cell","Double Energy+1","Loop","Sweeping Beam+1","Cold Snap","Capacitor","Core Surge+1","Enlightenment"],"relics":["Cracked Core","Thread and Needle","Cables","Anchor","Bird Faced Urn","Oddly Smooth Stone","Meat on the Bone","Darkstone Periapt","Dream Catcher","Bottled Lightning","Strawberry","Letter Opener","Molten Egg 2","Whetstone","Velvet Choker","Pen Nib","Lantern","Omamori"],"potions_floor_usage":[14],"damage_taken":[{"damage":6,"enemies":"2 Louse","floor":1,"turns":2},{"damage":0,"enemies":"Cultist","floor":2,"turns":3},{"damage":0,"enemies":"Small Slimes","floor":3,"turns":4},{"damage":0,"enemies":"2 Fungi Beasts","floor":5,"turns":3},{"damage":13,"enemies":"Gremlin Nob","floor":6,"turns":4},{"damage":1,"enemies":"3 Sentries","floor":7,"turns":5},{"damage":12,"enemies":"Lagavulin","floor":8,"turns":5},{"damage":0,"enemies":"3 Louse","floor":11,"turns":2},{"damage":0,"enemies":"Red Slaver","floor":12,"turns":3},{"damage":0,"enemies":"Blue Slaver","floor":13,"turns":2},{"damage":0,"enemies":"Gremlin Gang","floor":14,"turns":4},{"damage":20,"enemies":"Hexaghost","floor":16,"turns":7},{"damage":0,"enemies":"2 Thieves","floor":18,"turns":3},{"damage":4,"enemies":"Spheric Guardian","floor":20,"turns":3}],"seed_played":"-8393431350853467467","potions_obtained":[{"floor":3,"key":"Weak Potion"},{"floor":5,"key":"Swift Potion"},{"floor":7,"key":"Poison Potion"},{"floor":11,"key":"FearPotion"},{"floor":14,"key":"SteroidPotion"},{"floor":16,"key":"EssenceOfSteel"}],"is_trial":true,"path_per_floor":["M","M","M","$","M","E","E","E","T","R","M","M","M","M","R","B",null,"M","$","M"],"character_chosen":"DEFECT","items_purchased":["Lantern","Enlightenment"],"campfire_rested":0,"item_purchase_floors":[19,19],"current_hp_per_floor":[69,69,69,69,71,64,69,69,69,69,76,80,82,82,82,66,82,82,82,78],"gold":195,"neow_bonus":"","is_prod":false,"is_daily":false,"chose_seed":false,"campfire_upgraded":2,"win_rate":0,"timestamp":1567895357,"path_taken":["M","M","M","$","M","E","E","E","T","R","M","M","M","M","R","BOSS","M","$","M"],"build_version":"2019-07-17","purchased_purges":1,"victory":false,"max_hp_per_floor":[75,75,75,75,75,75,75,75,75,75,82,82,82,82,82,82,82,82,82,82],"card_choices":[{"not_picked":["Turbo","Leap"],"picked":"Coolheaded","floor":0},{"not_picked":["Skim","Beam Cell"],"picked":"Hologram","floor":0},{"not_picked":["Beam Cell","Scrape"],"picked":"Turbo","floor":0},{"not_picked":["Go for the Eyes","Compile Driver"],"picked":"Ball Lightning","floor":0},{"not_picked":["Beam Cell","Turbo"],"picked":"Gash","floor":0},{"not_picked":["Conserve Battery","Sunder"],"picked":"FTL","floor":0},{"not_picked":["Leap","Auto Shields"],"picked":"FTL","floor":0},{"not_picked":["Turbo","Streamline"],"picked":"Melter","floor":0},{"not_picked":["Streamline","Storm"],"picked":"Cold Snap","floor":0},{"not_picked":["Turbo","Barrage"],"picked":"Leap","floor":0},{"not_picked":["Leap","Ball Lightning"],"picked":"Beam Cell","floor":0},{"not_picked":["Hologram","Streamline"],"picked":"Double Energy","floor":0},{"not_picked":["Turbo","Ball Lightning"],"picked":"Loop","floor":0},{"not_picked":["Static Discharge","Chill"],"picked":"Sweeping Beam","floor":0},{"not_picked":["Hologram","Beam Cell"],"picked":"Cold Snap","floor":0},{"not_picked":["Heatsinks","Skim","Ball Lightning"],"picked":"SKIP","floor":6},{"not_picked":["Steam","Barrage"],"picked":"Capacitor","floor":7},{"not_picked":["Barrage","Reprogram","Skim"],"picked":"SKIP","floor":8},{"not_picked":["Biased Cognition","All For One+1"],"picked":"Core Surge+1","floor":16}],"player_experience":151283,"relics_obtained":[{"floor":1,"key":"Cables"},{"floor":2,"key":"Anchor"},{"floor":3,"key":"Bird Faced Urn"},{"floor":5,"key":"Oddly Smooth Stone"},{"floor":6,"key":"Meat on the Bone"},{"floor":7,"key":"Darkstone Periapt"},{"floor":8,"key":"Dream Catcher"},{"floor":9,"key":"Bottled Lightning"},{"floor":11,"key":"Strawberry"},{"floor":12,"key":"Letter Opener"},{"floor":13,"key":"Molten Egg 2"},{"floor":14,"key":"Whetstone"},{"floor":18,"key":"Pen Nib"},{"floor":20,"key":"Omamori"}],"event_choices":[],"is_beta":false,"boss_relics":[{"not_picked":["Runic Pyramid","Eternal Feather"],"picked":"Velvet Choker"}],"items_purged_floors":[4],"is_endless":false,"potions_floor_spawned":[3,5,7,11,14,16,18],"killed_by":"Spheric Guardian","ascension_level":0}