{"gold_per_floor":[365,16,34,34,34,62,62,12,89,103,115,134,134,147,147,248,248,266,247,101,26,125,125,125,125,125,139,139,152,152],"floor_reached":30,"playtime":1276,"items_purged":["Strike_R","True Grit"],"score":322,"play_id":"2b9a1dd3-3f6f-4c0f-b8e5-9063fd05a01b","local_time":"20181213193655","is_ascension_mode":true,"campfire_choices":[{"floor":7,"key":"REST"},{"data":"Entrench","floor":13,"key":"SMITH"},{"floor":15,"key":"REST"},{"floor":23,"key":"REST"},{"data":"Body Slam","floor":25,"key":"SMITH"},{"floor":28,"key":"REST"}],"neow_cost":"PERCENT_DAMAGE","seed_source_timestamp":19214971646700,"circlet_count":0,"master_deck":["Defend_R","Defend_R","Defend_R","Bash","Feel No Pain","Flame Barrier","Body Slam+1","Entrench+1","Juggernaut","Reckless Charge","True Grit+1","Wild Strike","Metallicize+1"],"relics":["Burning Blood","ClockworkSouvenir","Art of War","Sundial","Empty Cage","Gremlin Horn","The Courier"],"potions_floor_usage":[12,16,16,16],"damage_taken":[{"damage":4,"enemies":"Jaw Worm","floor":1,"turns":4},{"damage":5,"enemies":"Cultist","floor":3,"turns":4},{"damage":25,"enemies":"3 Sentries","floor":6,"turns":14},{"damage":0,"enemies":"2 Louse","floor":10,"turns":4},{"damage":6,"enemies":"Looter","floor":11,"turns":3},{"damage":18,"enemies":"Large Slime","floor":12,"turns":9},{"damage":24,"enemies":"Exordium Thugs","floor":14,"turns":10},{"damage":50,"enemies":"The Guardian","floor":16,"turns":28},{"damage":14,"enemies":"3 Byrds","floor":18,"turns":3},{"damage":20,"enemies":"2 Thieves","floor":19,"turns":5},{"damage":35,"enemies":"Snake Plant","floor":27,"turns":7},{"damage":18,"enemies":"Shelled Parasite and Fungi","floor":29,"turns":6},{"damage":46,"enemies":"3 Cultists","floor":30,"turns":6}],"seed_played":"-2096265767712590432","potions_obtained":[{"floor":1,"key":"Energy Potion"},{"floor":10,"key":"PowerPotion"},{"floor":11,"key":"Energy Potion"},{"floor":14,"key":"Energy Potion"},{"floor":19,"key":"Regen Potion"},{"floor":29,"key":"SpeedPotion"}],"is_trial":false,"path_per_floor":["M","$","M","?","$","E","R","?","T","M","M","M","R","M","R","B",null,"M","M","$","?","?","R","?","R","T","M","R","M","M"],"character_chosen":"IRONCLAD","items_purchased":["Flame Barrier","ClockworkSouvenir","Wild Strike"],"campfire_rested":4,"item_purchase_floors":[2,2,20],"current_hp_per_floor":[53,53,54,54,54,35,59,59,59,65,65,53,53,35,59,15,64,56,42,42,42,42,66,66,66,66,37,61,49,3],"gold":152,"neow_bonus":"TWO_FIFTY_GOLD","is_prod":false,"is_daily":false,"chose_seed":false,"campfire_upgraded":2,"win_rate":0,"timestamp":1544758615,"path_taken":["M","$","M","?","?","E","R","?","T","M","M","M","R","M","R","BOSS","M","M","$","?","?","R","?","R","T","M","R","M","M"],"build_version":"2018-12-13","purchased_purges":2,"victory":false,"max_hp_per_floor":[80,80,80,80,80,80,80,80,80,80,80,80,80,80,80,80,80,80,80,80,80,80,80,80,80,80,80,80,80,80],"card_choices":[{"not_picked":["Searing Blow","Second Wind"],"picked":"Feel No Pain","floor":1},{"not_picked":["Armaments","Cleave"],"picked":"Body Slam","floor":3},{"not_picked":["Feel No Pain","Headbutt"],"picked":"True Grit","floor":6},{"not_picked":["Sentinel","Sword Boomerang","Pommel Strike"],"picked":"SKIP","floor":10},{"not_picked":["Havoc","Corruption"],"picked":"Entrench","floor":11},{"not_picked":["Headbutt","Flex","Hemokinesis"],"picked":"SKIP","floor":12},{"not_picked":["Infernal Blade","Sever Soul","Ghostly Armor"],"picked":"SKIP","floor":14},{"not_picked":["Exhume","Brutality"],"picked":"Juggernaut","floor":16},{"not_picked":["Warcry","Ghostly Armor"],"picked":"Reckless Charge","floor":18},{"not_picked":["Armaments","Wild Strike+1"],"picked":"True Grit+1","floor":19},{"not_picked":["Rage","Clash+1"],"picked":"Metallicize+1","floor":27},{"not_picked":["Perfected Strike","Inflame","Evolve"],"picked":"SKIP","floor":29}],"player_experience":94361,"relics_obtained":[{"floor":6,"key":"Art of War"},{"floor":9,"key":"Sundial"},{"floor":26,"key":"The Courier"}],"event_choices":[{"cards_removed":["Strike_R"],"damage_healed":0,"gold_gain":0,"player_choice":"Purged","damage_taken":0,"max_hp_gain":0,"max_hp_loss":0,"event_name":"Purifier","floor":4,"gold_loss":0},{"cards_removed":["Strike_R"],"damage_healed":0,"gold_gain":0,"player_choice":"Card Removal","damage_taken":0,"max_hp_gain":0,"max_hp_loss":0,"event_name":"The Cleric","floor":8,"gold_loss":50},{"cards_removed":["Defend_R"],"damage_healed":0,"gold_gain":0,"player_choice":"Gave Gold","damage_taken":0,"max_hp_gain":0,"max_hp_loss":0,"event_name":"Beggar","floor":21,"gold_loss":75},{"damage_healed":0,"gold_gain":99,"player_choice":"Stole From Cult","damage_taken":0,"max_hp_gain":0,"max_hp_loss":0,"event_name":"Nest","floor":22,"gold_loss":0},{"damage_healed":0,"gold_gain":0,"player_choice":"Gave Potion","damage_taken":0,"relics_obtained":["Gremlin Horn"],"max_hp_gain":0,"max_hp_loss":0,"event_name":"WeMeetAgain","floor":24,"gold_loss":0}],"is_beta":false,"boss_relics":[{"not_picked":["Runic Pyramid","Lizard Tail"],"picked":"Empty Cage"}],"items_purged_floors":[2,20],"is_endless":false,"potions_floor_spawned":[1,10,11,14,19,29],"killed_by":"3 Cultists","ascension_level":8}