{"gold_per_floor":[10,10,30,5,19,19,49,68,94,126,141,141,154,183,183,183],"floor_reached":16,"playtime":544,"items_purged":[],"score":244,"play_id":"82f6fc9d-cfca-4f9c-8a9b-ac06b8f63d7f","local_time":"20190908023715","is_ascension_mode":true,"campfire_choices":[{"data":"Perfected Strike","floor":6,"key":"SMITH"},{"data":"Bash","floor":12,"key":"SMITH"},{"data":"Juggernaut","floor":15,"key":"SMITH"}],"neow_cost":"NO_GOLD","seed_source_timestamp":594165956778100,"circlet_count":0,"master_deck":["AscendersBane","Strike_R","Strike_R","Strike_R","Strike_R","Strike_R","Defend_R","Defend_R","Defend_R","Defend_R","Bash+1","Juggernaut+1","Perfected Strike+1","Shrug It Off","Perfected Strike+1","Pommel Strike","Shrug It Off","Pommel Strike","True Grit","Battle Trance"],"relics":["Burning Blood","Lantern","Centennial Puzzle","Question Card"],"potions_floor_usage":[7,10,14],"damage_taken":[{"damage":1,"enemies":"2 Louse","floor":1,"turns":3},{"damage":1,"enemies":"Cultist","floor":3,"turns":3},{"damage":8,"enemies":"Small Slimes","floor":5,"turns":3},{"damage":42,"enemies":"Lagavulin","floor":7,"turns":9},{"damage":3,"enemies":"Blue Slaver","floor":8,"turns":3},{"damage":26,"enemies":"3 Sentries","floor":10,"turns":5},{"damage":1,"enemies":"2 Fungi Beasts","floor":11,"turns":3},{"damage":4,"enemies":"3 Louse","floor":13,"turns":4},{"damage":12,"enemies":"Lagavulin","floor":14,"turns":7},{"damage":22,"enemies":"The Guardian","floor":16,"turns":10}],"seed_played":"-3966784145058420469","potions_obtained":[{"floor":1,"key":"SkillPotion"},{"floor":7,"key":"SteroidPotion"},{"floor":8,"key":"Swift Potion"}],"is_trial":false,"path_per_floor":["M","?","M","$","M","R","E","M","T","E","M","R","M","E","R","B"],"character_chosen":"IRONCLAD","items_purchased":["Shrug It Off"],"campfire_rested":0,"item_purchase_floors":[4],"current_hp_per_floor":[73,73,75,75,73,73,37,40,40,20,25,25,27,21,21,0],"gold":183,"neow_bonus":"THREE_RARE_CARDS","is_prod":false,"is_daily":false,"chose_seed":false,"campfire_upgraded":3,"win_rate":0,"timestamp":1567935435,"path_taken":["M","?","M","$","M","R","E","?","T","E","M","R","M","E","R","BOSS"],"build_version":"2019-07-17","purchased_purges":0,"victory":false,"max_hp_per_floor":[75,75,75,75,75,75,75,75,75,75,75,75,75,75,75,75],"card_choices":[{"not_picked":["Impervious","Berserk"],"picked":"Juggernaut","floor":0},{"not_picked":["Rupture","Wild Strike"],"picked":"Perfected Strike","floor":1},{"not_picked":["Dual Wield","Clash","Sword Boomerang"],"picked":"SKIP","floor":3},{"not_picked":["Twin Strike","Body Slam"],"picked":"Perfected Strike","floor":5},{"not_picked":["Warcry","Reaper"],"picked":"Pommel Strike","floor":7},{"not_picked":["Pommel Strike","Warcry"],"picked":"Shrug It Off","floor":8},{"not_picked":["Twin Strike","Headbutt"],"picked":"Pommel Strike","floor":10},{"not_picked":["Havoc","Hemokinesis"],"picked":"True Grit","floor":11},{"not_picked":["Heavy Blade","Dual Wield","Sword Boomerang"],"picked":"SKIP","floor":13},{"not_picked":["Searing Blow","Carnage"],"picked":"Battle Trance","floor":14}],"player_experience":890786,"relics_obtained":[{"floor":7,"key":"Lantern"},{"floor":10,"key":"Centennial Puzzle"},{"floor":14,"key":"Question Card"}],"event_choices":[{"damage_healed":0,"gold_gain":0,"player_choice":"Upgraded","damage_taken":0,"max_hp_gain":0,"max_hp_loss":0,"event_name":"Upgrade Shrine","floor":2,"gold_loss":0,"cards_upgraded":["Perfected Strike"]}],"is_beta":false,"boss_relics":[],"items_purged_floors":[],"is_endless":false,"potions_floor_spawned":[1,7,8],"killed_by":"The Guardian","ascension_level":20}