{"gold_per_floor":[117,117,137,55,68,68,68,98,98,128,128,171,171,184,184,283,283,306,347,347,365,383,383,402,433,459,472,120,120,170,188,188,188],"floor_reached":33,"playtime":1457,"items_purged":["Strike_R"],"score":670,"play_id":"3792b8f1-551e-4a7c-ae0c-01039070d254","local_time":"20190616125800","is_ascension_mode":true,"campfire_choices":[{"data":"Immolate","floor":6,"key":"SMITH"},{"data":"Evolve","floor":13,"key":"SMITH"},{"data":"Bash","floor":15,"key":"SMITH"},{"floor":23,"key":"REST"},{"data":"Armaments","floor":32,"key":"SMITH"}],"neow_cost":"TEN_PERCENT_HP_LOSS","seed_source_timestamp":1080842125373699,"circlet_count":0,"master_deck":["AscendersBane","Strike_R","Defend_R","Defend_R","Defend_R","Defend_R","Bash+1","Immolate+1","Pommel Strike","Inflame","True Grit","Anger","Evolve+1","Armaments+1","Fiend Fire+1","True Grit","Feed+1","Rupture+1","Havoc+1","Cleave+1","Feel No Pain","Battle Trance","Disarm","Clothesline+1","Feed+1"],"relics":["Burning Blood","Kunai","Molten Egg 2","Bag of Marbles","Self Forming Clay","Bloody Idol","Turnip","Astrolabe","Red Mask","Ancient Tea Set","Vajra","Meat on the Bone"],"potions_floor_usage":[10,16,19,25,33],"damage_taken":[{"damage":16,"enemies":"Jaw Worm","floor":1,"turns":6},{"damage":0,"enemies":"2 Louse","floor":3,"turns":1},{"damage":16,"enemies":"Small Slimes","floor":5,"turns":4},{"damage":13,"enemies":"3 Sentries","floor":8,"turns":4},{"damage":20,"enemies":"Lagavulin","floor":10,"turns":5},{"damage":8,"enemies":"Gremlin Nob","floor":12,"turns":3},{"damage":13,"enemies":"Blue Slaver","floor":14,"turns":3},{"damage":0,"enemies":"Slime Boss","floor":16,"turns":5},{"damage":18,"enemies":"3 Byrds","floor":18,"turns":5},{"damage":30,"enemies":"Masked Bandits","floor":19,"turns":4},{"damage":14,"enemies":"Shell Parasite","floor":21,"turns":5},{"damage":18,"enemies":"Snecko","floor":22,"turns":4},{"damage":17,"enemies":"Sentry and Sphere","floor":24,"turns":7},{"damage":26,"enemies":"Book of Stabbing","floor":25,"turns":7},{"damage":9,"enemies":"Centurion and Healer","floor":27,"turns":3},{"damage":28,"enemies":"3 Cultists","floor":31,"turns":5},{"damage":52,"enemies":"Champ","floor":33,"turns":17}],"seed_played":"8157468198769453194","potions_obtained":[{"floor":1,"key":"FearPotion"},{"floor":5,"key":"Fire Potion"},{"floor":10,"key":"Dexterity Potion"},{"floor":16,"key":"SkillPotion"},{"floor":19,"key":"Strength Potion"},{"floor":25,"key":"Energy Potion"}],"is_trial":false,"path_per_floor":["M","?","M","$","M","R","?","E","T","E","?","E","R","M","R","B",null,"M","?","?","M","M","R","M","E","T","M","$","?","?","M","R","B"],"character_chosen":"IRONCLAD","items_purchased":["True Grit","Anger","Meat on the Bone"],"campfire_rested":1,"item_purchase_floors":[4,4,28],"current_hp_per_floor":[58,53,59,59,49,49,49,42,42,28,28,26,26,19,19,25,53,45,25,25,26,23,46,44,29,34,36,36,36,41,44,44,0],"gold":188,"neow_bonus":"THREE_RARE_CARDS","is_prod":false,"is_daily":false,"chose_seed":false,"campfire_upgraded":4,"win_rate":0,"timestamp":1560715080,"path_taken":["M","?","M","$","M","R","?","E","T","E","?","E","R","M","R","BOSS","M","?","?","M","M","R","M","E","T","M","$","?","?","M","R","BOSS"],"build_version":"2019-01-23","purchased_purges":1,"victory":false,"max_hp_per_floor":[68,68,68,68,68,68,68,68,68,68,62,62,62,62,62,62,62,66,70,70,74,78,78,82,82,82,82,82,82,82,90,90,90],"card_choices":[{"not_picked":["Exhume","Offering"],"picked":"Immolate","floor":0},{"not_picked":["Sentinel","Wild Strike"],"picked":"Pommel Strike","floor":1},{"not_picked":["Infernal Blade","True Grit"],"picked":"Inflame","floor":3},{"not_picked":["Brutality","Armaments"],"picked":"Evolve","floor":5},{"not_picked":["Shrug It Off","Burning Pact"],"picked":"Armaments","floor":8},{"not_picked":["True Grit","Shockwave"],"picked":"Fiend Fire+1","floor":10},{"not_picked":["Berserk","Perfected Strike+1","Fire Breathing"],"picked":"SKIP","floor":12},{"not_picked":["Sword Boomerang+1","Metallicize"],"picked":"True Grit","floor":14},{"not_picked":["Impervious","Exhume"],"picked":"Feed+1","floor":16},{"not_picked":["Ghostly Armor","Pommel Strike+1"],"picked":"Feel No Pain","floor":18},{"not_picked":["Heavy Blade+1","Entrench"],"picked":"Battle Trance","floor":19},{"not_picked":["Heavy Blade+1","Whirlwind+1"],"picked":"Disarm","floor":21},{"not_picked":["Fire Breathing","Iron Wave+1","Warcry"],"picked":"SKIP","floor":22},{"not_picked":["Warcry","Metallicize","Flex"],"picked":"SKIP","floor":24},{"not_picked":["Body Slam+1","Thunderclap+1"],"picked":"Clothesline+1","floor":25},{"not_picked":["Burning Pact","Heavy Blade+1"],"picked":"Feed+1","floor":27},{"not_picked":["Carnage+1","Clothesline+1","Flame Barrier"],"picked":"SKIP","floor":31}],"player_experience":634038,"relics_obtained":[{"floor":8,"key":"Molten Egg 2"},{"floor":9,"key":"Bag of Marbles"},{"floor":10,"key":"Self Forming Clay"},{"floor":12,"key":"Turnip"},{"floor":19,"key":"Red Mask"},{"floor":25,"key":"Ancient Tea Set"},{"floor":26,"key":"Vajra"}],"event_choices":[{"damage_healed":0,"gold_gain":0,"player_choice":"Success","damage_taken":5,"relics_obtained":["Kunai"],"max_hp_gain":0,"max_hp_loss":0,"event_name":"Scrap Ooze","floor":2,"gold_loss":0},{"damage_healed":0,"gold_gain":0,"player_choice":"Ignored","damage_taken":0,"max_hp_gain":0,"max_hp_loss":0,"event_name":"Liars Game","floor":7,"gold_loss":0},{"damage_healed":0,"gold_gain":0,"player_choice":"Lose Max HP","damage_taken":0,"relics_obtained":["Golden Idol"],"max_hp_gain":0,"max_hp_loss":6,"event_name":"Golden Idol","floor":11,"gold_loss":0},{"damage_healed":0,"gold_gain":0,"player_choice":"Fought Bandits","damage_taken":0,"max_hp_gain":0,"max_hp_loss":0,"event_name":"Masked Bandits","floor":19,"gold_loss":0},{"damage_healed":0,"gold_gain":0,"player_choice":"Gave Idol","damage_taken":0,"relics_obtained":["Bloody Idol"],"max_hp_gain":0,"max_hp_loss":0,"event_name":"Forgotten Altar","floor":20,"relics_lost":["Golden Idol"],"gold_loss":0},{"damage_healed":0,"gold_gain":0,"player_choice":"Ignored","damage_taken":0,"max_hp_gain":0,"max_hp_loss":0,"event_name":"The Mausoleum","floor":29,"gold_loss":0},{"damage_healed":0,"gold_gain":50,"player_choice":"Stole From Cult","damage_taken":0,"max_hp_gain":0,"max_hp_loss":0,"event_name":"Nest","floor":30,"gold_loss":0}],"is_beta":false,"boss_relics":[{"not_picked":["Coffee Dripper","Lizard Tail"],"picked":"Astrolabe"}],"items_purged_floors":[28],"is_endless":false,"potions_floor_spawned":[1,5,10,16,19,21,25,31],"killed_by":"Champ","ascension_level":20}