{"gold_per_floor":[115,31,31,48,61,88,53,53,53,64,89,109,184,212,212,212],"floor_reached":16,"playtime":516,"items_purged":[],"score":240,"play_id":"244f4a85-b17a-4338-97c8-00e14a22e75c","local_time":"20190810024905","is_ascension_mode":true,"campfire_choices":[{"data":"Bash","floor":8,"key":"SMITH"},{"data":"Flame Barrier","floor":15,"key":"SMITH"}],"neow_cost":"NONE","seed_source_timestamp":557632017729999,"circlet_count":0,"master_deck":["AscendersBane","Strike_R","Strike_R","Strike_R","Strike_R","Strike_R","Defend_R","Defend_R","Defend_R","Defend_R","Bash+1","Flame Barrier+1","Anger+1","Corruption","Pommel Strike","Feed","Offering","Clothesline","Shrug It Off"],"relics":["Burning Blood","Happy Flower","Darkstone Periapt","Anchor","Blue Candle"],"potions_floor_usage":[6,16],"damage_taken":[{"damage":4,"enemies":"Small Slimes","floor":1,"turns":4},{"damage":12,"enemies":"2 Louse","floor":4,"turns":3},{"damage":0,"enemies":"Jaw Worm","floor":5,"turns":5},{"damage":35,"enemies":"3 Sentries","floor":6,"turns":12},{"damage":11,"enemies":"Blue Slaver","floor":10,"turns":4},{"damage":38,"enemies":"Lagavulin","floor":11,"turns":8},{"damage":0,"enemies":"Exordium Wildlife","floor":12,"turns":2},{"damage":14,"enemies":"Gremlin Nob","floor":14,"turns":3},{"damage":27,"enemies":"Hexaghost","floor":16,"turns":8}],"seed_played":"7263773760831016504","potions_obtained":[{"floor":1,"key":"Ancient Potion"},{"floor":6,"key":"Explosive Potion"},{"floor":12,"key":"Explosive Potion"},{"floor":14,"key":"FearPotion"}],"is_trial":false,"path_per_floor":["M","$","?","M","M","E","?","R","T","M","E","M","?","E","R","B"],"character_chosen":"IRONCLAD","items_purchased":["Anger","Strength Potion"],"campfire_rested":0,"item_purchase_floors":[2,2],"current_hp_per_floor":[77,77,77,71,77,48,68,68,68,63,31,40,29,24,24,0],"gold":212,"neow_bonus":"TEN_PERCENT_HP_BONUS","is_prod":false,"is_daily":false,"chose_seed":false,"campfire_upgraded":2,"win_rate":0,"timestamp":1565430545,"path_taken":["M","$","?","M","M","E","?","R","T","M","E","M","?","E","R","BOSS"],"build_version":"2019-07-17","purchased_purges":0,"victory":false,"max_hp_per_floor":[82,82,82,82,82,82,82,82,82,82,82,85,85,88,88,88],"card_choices":[{"not_picked":["Twin Strike","Cleave"],"picked":"Flame Barrier","floor":1},{"not_picked":["Iron Wave","Perfected Strike","Infernal Blade"],"picked":"SKIP","floor":4},{"not_picked":["Headbutt","Spot Weakness"],"picked":"Corruption","floor":5},{"not_picked":["Infernal Blade","Cleave"],"picked":"Pommel Strike","floor":6},{"not_picked":["Entrench","Cleave"],"picked":"Feed","floor":10},{"not_picked":["Sword Boomerang","Shrug It Off"],"picked":"Offering","floor":11},{"not_picked":["Dual Wield","Body Slam"],"picked":"Clothesline","floor":12},{"not_picked":["Wild Strike","Uppercut"],"picked":"Shrug It Off","floor":14}],"player_experience":761320,"relics_obtained":[{"floor":6,"key":"Happy Flower"},{"floor":9,"key":"Darkstone Periapt"},{"floor":11,"key":"Anchor"},{"floor":14,"key":"Blue Candle"}],"event_choices":[{"damage_healed":0,"gold_gain":0,"player_choice":"Grow","damage_taken":0,"max_hp_gain":0,"max_hp_loss":0,"event_name":"Living Wall","floor":3,"gold_loss":0,"cards_upgraded":["Anger"]},{"damage_healed":20,"gold_gain":0,"player_choice":"Healed","damage_taken":0,"max_hp_gain":0,"max_hp_loss":0,"event_name":"The Cleric","floor":7,"gold_loss":35},{"damage_healed":0,"gold_gain":75,"player_choice":"Gather Gold","damage_taken":11,"max_hp_gain":0,"max_hp_loss":0,"event_name":"World of Goop","floor":13,"gold_loss":0}],"is_beta":false,"boss_relics":[],"items_purged_floors":[],"is_endless":false,"potions_floor_spawned":[1,4,6,12,14],"killed_by":"Hexaghost","ascension_level":20}