{"gold_per_floor":[13,13,31,44,58,87,87,87,110,147,159,196,208,236,248,337,349,381,412,442,8,8,37,65,97,97,97],"floor_reached":27,"playtime":858,"items_purged":["Strike_R"],"score":542,"play_id":"51c440fb-ae2a-43a3-8aa7-753e644233d0","local_time":"20190728232534","is_ascension_mode":true,"campfire_choices":[{"data":"Immolate","floor":7,"key":"SMITH"},{"data":"True Grit","floor":11,"key":"SMITH"},{"data":"Feel No Pain","floor":13,"key":"SMITH"},{"data":"Pommel Strike","floor":15,"key":"SMITH"}],"neow_cost":"NO_GOLD","seed_source_timestamp":1008259762222400,"circlet_count":0,"master_deck":["AscendersBane","Strike_R","Strike_R","Strike_R","Strike_R","Defend_R","Defend_R","Defend_R","Defend_R","Bash","Immolate+1","True Grit+1","Fiend Fire","Armaments+1","Anger","Pommel Strike+1","Feel No Pain+1","Shrug It Off","Shrug It Off","Offering","Dual Wield","Barricade+1","RitualDagger","Shrug It Off","Decay"],"relics":["Burning Blood","Pen Nib","MawBank","Oddly Smooth Stone","Frozen Egg 2","Cursed Key","Lee\u0027s Waffle","Mercury Hourglass","Red Mask","Self Forming Clay","Paper Frog"],"potions_floor_usage":[6,23,25,27],"damage_taken":[{"damage":1,"enemies":"Cultist","floor":1,"turns":3},{"damage":2,"enemies":"2 Louse","floor":3,"turns":3},{"damage":7,"enemies":"Small Slimes","floor":4,"turns":3},{"damage":4,"enemies":"2 Fungi Beasts","floor":5,"turns":3},{"damage":32,"enemies":"Lagavulin","floor":6,"turns":8},{"damage":8,"enemies":"Gremlin Nob","floor":10,"turns":3},{"damage":28,"enemies":"Lagavulin","floor":12,"turns":7},{"damage":0,"enemies":"Gremlin Gang","floor":14,"turns":1},{"damage":29,"enemies":"The Guardian","floor":16,"turns":10},{"damage":6,"enemies":"2 Thieves","floor":18,"turns":3},{"damage":15,"enemies":"Shell Parasite","floor":19,"turns":2},{"damage":45,"enemies":"Snecko","floor":20,"turns":6},{"damage":55,"enemies":"Book of Stabbing","floor":23,"turns":8},{"damage":0,"enemies":"Masked Bandits","floor":24,"turns":2},{"damage":21,"enemies":"Slavers","floor":25,"turns":3},{"damage":31,"enemies":"Gremlin Leader","floor":27,"turns":4}],"seed_played":"-8488646570705387055","potions_obtained":[{"floor":4,"key":"SpeedPotion"},{"floor":5,"key":"Poison Potion"},{"floor":6,"key":"Energy Potion"},{"floor":12,"key":"PowerPotion"},{"floor":25,"key":"Dexterity Potion"}],"is_trial":false,"path_per_floor":["M","$","M","M","M","E","R","?","T","E","R","E","R","M","R","B",null,"M","M","M","$","?","E","?","E","T","E"],"character_chosen":"IRONCLAD","items_purchased":["Lee\u0027s Waffle","Barricade+1"],"campfire_rested":0,"item_purchase_floors":[21,21],"current_hp_per_floor":[73,73,75,74,75,49,49,49,49,47,47,25,25,31,31,8,58,58,49,10,82,76,27,33,18,18,0],"gold":97,"neow_bonus":"THREE_RARE_CARDS","is_prod":false,"is_daily":false,"chose_seed":false,"campfire_upgraded":4,"win_rate":0,"timestamp":1564381534,"path_taken":["M","?","?","?","M","E","R","?","T","E","R","E","R","M","R","BOSS","M","M","M","$","?","E","?","E","T","E"],"build_version":"2019-07-17","purchased_purges":1,"victory":false,"max_hp_per_floor":[75,75,75,75,75,75,75,75,75,75,75,75,75,75,75,75,75,75,75,75,82,82,82,82,82,82,82],"card_choices":[{"not_picked":["Demon Form","Impervious"],"picked":"Immolate","floor":0},{"not_picked":["Clothesline","Shrug It Off"],"picked":"True Grit","floor":1},{"not_picked":["Uppercut","Pommel Strike"],"picked":"Fiend Fire","floor":3},{"not_picked":["True Grit","Heavy Blade"],"picked":"Armaments","floor":4},{"not_picked":["Flex","Iron Wave"],"picked":"Anger","floor":5},{"not_picked":["Ghostly Armor","Iron Wave"],"picked":"Pommel Strike","floor":6},{"not_picked":["Thunderclap","Clothesline"],"picked":"Feel No Pain","floor":10},{"not_picked":["Blood for Blood","Immolate"],"picked":"Shrug It Off","floor":12},{"not_picked":["Intimidate","Carnage"],"picked":"Shrug It Off","floor":14},{"not_picked":["Bludgeon","Fiend Fire"],"picked":"Offering","floor":16},{"not_picked":["Searing Blow","Wild Strike","Twin Strike+1"],"picked":"SKIP","floor":18},{"not_picked":["Clash","Wild Strike"],"picked":"Dual Wield","floor":19},{"not_picked":["Perfected Strike","Wild Strike","Twin Strike"],"picked":"SKIP","floor":20},{"not_picked":["Thunderclap","Sword Boomerang","Bloodletting+1"],"picked":"SKIP","floor":23},{"not_picked":["Carnage","Flex"],"picked":"Shrug It Off","floor":24},{"not_picked":["Hemokinesis","Second Wind","Sword Boomerang"],"picked":"SKIP","floor":25}],"player_experience":718181,"relics_obtained":[{"floor":6,"key":"Pen Nib"},{"floor":9,"key":"MawBank"},{"floor":10,"key":"Oddly Smooth Stone"},{"floor":12,"key":"Frozen Egg 2"},{"floor":23,"key":"Mercury Hourglass"},{"floor":24,"key":"Red Mask"},{"floor":25,"key":"Self Forming Clay"},{"floor":26,"key":"Paper Frog"}],"event_choices":[{"damage_healed":0,"gold_gain":0,"player_choice":"Grow","damage_taken":0,"max_hp_gain":0,"max_hp_loss":0,"event_name":"Living Wall","floor":8,"gold_loss":0,"cards_upgraded":["Armaments"]},{"damage_healed":0,"gold_gain":0,"player_choice":"Joined the Cult","damage_taken":6,"max_hp_gain":0,"max_hp_loss":0,"event_name":"Nest","floor":22,"gold_loss":0,"cards_obtained":["RitualDagger"]},{"damage_healed":0,"gold_gain":0,"player_choice":"Fought Bandits","damage_taken":0,"max_hp_gain":0,"max_hp_loss":0,"event_name":"Masked Bandits","floor":24,"gold_loss":0}],"is_beta":false,"boss_relics":[{"not_picked":["Black Blood","Runic Pyramid"],"picked":"Cursed Key"}],"items_purged_floors":[21],"is_endless":false,"potions_floor_spawned":[4,5,6,12,20,25],"killed_by":"Gremlin Leader","ascension_level":20}