{"gold_per_floor":[119,119,9,22,37,37,67,77,131,131,143,172,172,172,172,172],"floor_reached":16,"playtime":471,"items_purged":[],"score":220,"play_id":"507d6241-b4a5-406a-a2aa-1ec623339492","local_time":"20190816233322","is_ascension_mode":true,"campfire_choices":[{"data":"Combust","floor":6,"key":"SMITH"},{"data":"Rupture","floor":10,"key":"SMITH"},{"data":"Clothesline","floor":13,"key":"SMITH"},{"data":"True Grit","floor":15,"key":"SMITH"}],"neow_cost":"TEN_PERCENT_HP_LOSS","seed_source_timestamp":1150733384338200,"circlet_count":0,"master_deck":["AscendersBane","Strike_R","Strike_R","Strike_R","Strike_R","Strike_R","Defend_R","Defend_R","Defend_R","Defend_R","Bash","Battle Trance","Clothesline+1","Combust+1","True Grit+1","Pommel Strike","Rupture+1","Combust"],"relics":["Burning Blood","Bird Faced Urn","Dream Catcher","Tiny Chest","Orichalcum"],"potions_floor_usage":[7,16,16],"damage_taken":[{"damage":13,"enemies":"Small Slimes","floor":1,"turns":6},{"damage":8,"enemies":"Cultist","floor":4,"turns":4},{"damage":9,"enemies":"2 Louse","floor":5,"turns":3},{"damage":9,"enemies":"Gremlin Nob","floor":7,"turns":3},{"damage":24,"enemies":"Exordium Wildlife","floor":8,"turns":5},{"damage":3,"enemies":"Large Slime","floor":11,"turns":4},{"damage":27,"enemies":"Lagavulin","floor":12,"turns":7},{"damage":42,"enemies":"The Guardian","floor":16,"turns":9}],"seed_played":"-7576167688148570268","potions_obtained":[{"floor":7,"key":"EntropicBrew"}],"is_trial":false,"path_per_floor":["M","?","$","M","M","R","E","M","T","R","M","E","R","?","R","B"],"character_chosen":"IRONCLAD","items_purchased":["Fire Potion","AttackPotion"],"campfire_rested":0,"item_purchase_floors":[3,3],"current_hp_per_floor":[61,61,61,59,58,58,57,41,41,41,48,33,33,33,33,0],"gold":172,"neow_bonus":"ONE_RARE_RELIC","is_prod":false,"is_daily":false,"chose_seed":false,"campfire_upgraded":4,"win_rate":0,"timestamp":1566023602,"path_taken":["M","?","?","M","M","R","E","M","T","R","?","E","R","?","R","BOSS"],"build_version":"2019-07-17","purchased_purges":0,"victory":false,"max_hp_per_floor":[68,68,68,68,68,68,68,68,68,68,68,68,68,68,68,68],"card_choices":[{"not_picked":["Warcry","Armaments"],"picked":"Battle Trance","floor":1},{"not_picked":["Evolve","Perfected Strike"],"picked":"Combust","floor":4},{"not_picked":["Warcry","Intimidate"],"picked":"True Grit","floor":5},{"not_picked":["Evolve","Cleave"],"picked":"Pommel Strike","floor":7},{"not_picked":["Uppercut","Power Through"],"picked":"Rupture","floor":8},{"not_picked":["Clash","Perfected Strike"],"picked":"Combust","floor":11},{"not_picked":["Barricade","Battle Trance","Seeing Red"],"picked":"SKIP","floor":12}],"player_experience":792526,"relics_obtained":[{"floor":7,"key":"Dream Catcher"},{"floor":9,"key":"Tiny Chest"},{"floor":12,"key":"Orichalcum"}],"event_choices":[{"damage_healed":0,"gold_gain":0,"player_choice":"1 cards matched","damage_taken":0,"max_hp_gain":0,"max_hp_loss":0,"event_name":"Match and Keep!","floor":2,"gold_loss":0,"cards_obtained":["Clothesline"]},{"damage_healed":0,"gold_gain":0,"player_choice":"Ignored","damage_taken":0,"max_hp_gain":0,"max_hp_loss":0,"event_name":"Liars Game","floor":14,"gold_loss":0}],"is_beta":false,"boss_relics":[],"items_purged_floors":[],"is_endless":false,"potions_floor_spawned":[5,7],"killed_by":"The Guardian","ascension_level":20}