{"gold_per_floor":[119,137,312,312,63,63,83,96,96,96,114,131,131,131,131,234,234,251,176,193,27,43,43,43],"floor_reached":24,"playtime":1034,"items_purged":["Strike_B"],"score":188,"play_id":"095fdad2-8c1c-44ec-9263-d02a4e1dc2d8","local_time":"20190826232220","is_ascension_mode":false,"campfire_choices":[{"data":"Defragment","floor":6,"key":"SMITH"},{"data":"Capacitor","floor":10,"key":"SMITH"},{"data":"Beam Cell","floor":15,"key":"SMITH"},{"floor":23,"key":"REST"}],"neow_cost":"NONE","seed_source_timestamp":1830719271615718,"circlet_count":0,"master_deck":["Strike_B","Defend_B","Defend_B","Defend_B","Defend_B","Zap+1","Dualcast","Capacitor+1","Melter","Defragment+1","Rebound","Compile Driver","Cold Snap","Beam Cell+1","Self Repair","Conserve Battery","Creative AI","Hologram","Reinforced Body+1","Bandage Up","Rebound","Stack","Steam+1"],"relics":["Cracked Core"],"potions_floor_usage":[],"damage_taken":[{"damage":1,"enemies":"2 Louse","floor":1,"turns":2},{"damage":6,"enemies":"Jaw Worm","floor":2,"turns":3},{"damage":5,"enemies":"Small Slimes","floor":7,"turns":3},{"damage":11,"enemies":"Looter","floor":8,"turns":3},{"damage":7,"enemies":"3 Louse","floor":11,"turns":2},{"damage":5,"enemies":"Blue Slaver","floor":12,"turns":2},{"damage":12,"enemies":"Slime Boss","floor":16,"turns":11},{"damage":0,"enemies":"Spheric Guardian","floor":18,"turns":2},{"damage":57,"enemies":"2 Thieves","floor":20,"turns":4},{"damage":28,"enemies":"Snake Plant","floor":22,"turns":7},{"damage":10,"enemies":"Chosen and Byrds","floor":24,"turns":2}],"seed_played":"-2298296079297299771","potions_obtained":[{"floor":7,"key":"FairyPotion"},{"floor":8,"key":"SkillPotion"},{"floor":16,"key":"AttackPotion"},{"floor":18,"key":"Dexterity Potion"},{"floor":22,"key":"PowerPotion"}],"is_trial":false,"path_per_floor":["M","M","?","?","$","R","M","M","T","R","M","M","?","?","R","B",null,"M","?","M","$","M","R","M"],"character_chosen":"DEFECT","items_purchased":["Defragment","Rebound","Compile Driver","Bandage Up","Rebound","Stack"],"campfire_rested":1,"item_purchase_floors":[5,5,5,21,21,21],"current_hp_per_floor":[74,68,68,68,68,68,63,52,52,52,45,47,47,40,40,35,75,75,75,18,18,14,36,26],"gold":43,"neow_bonus":"UPGRADE_CARD","is_prod":false,"is_daily":false,"chose_seed":false,"campfire_upgraded":3,"win_rate":0,"timestamp":1566879740,"path_taken":["M","M","?","?","$","R","M","M","T","R","M","M","?","?","R","BOSS","M","?","M","$","M","R","M"],"build_version":"2019-07-17","purchased_purges":1,"victory":false,"max_hp_per_floor":[75,75,75,75,75,75,75,75,75,75,75,75,75,75,75,75,75,75,75,75,75,75,75,75],"card_choices":[{"not_picked":["Coolheaded","Steam"],"picked":"Capacitor","floor":1},{"not_picked":["Turbo","Hello World"],"picked":"Melter","floor":2},{"not_picked":["Hologram","Conserve Battery"],"picked":"Cold Snap","floor":7},{"not_picked":["Steam Power","Hologram"],"picked":"Beam Cell","floor":8},{"not_picked":["Hello World","Machine Learning"],"picked":"Self Repair","floor":11},{"not_picked":["Sweeping Beam","Capacitor"],"picked":"Conserve Battery","floor":12},{"not_picked":["Meteor Strike","Reboot"],"picked":"Creative AI","floor":16},{"not_picked":["Aggregate","Redo"],"picked":"Hologram","floor":18},{"not_picked":["Leap","Turbo"],"picked":"Reinforced Body+1","floor":20},{"not_picked":["Beam Cell+1","Hologram"],"picked":"Steam+1","floor":22}],"player_experience":409780,"relics_obtained":[],"event_choices":[{"damage_healed":0,"gold_gain":175,"player_choice":"AGREE","damage_taken":0,"max_hp_gain":0,"max_hp_loss":0,"event_name":"Liars Game","floor":3,"gold_loss":0,"cards_obtained":["Doubt"]},{"cards_removed":["Doubt"],"damage_healed":0,"gold_gain":0,"player_choice":"Forget","damage_taken":0,"max_hp_gain":0,"max_hp_loss":0,"event_name":"Living Wall","floor":4,"gold_loss":0},{"damage_healed":0,"gold_gain":0,"player_choice":"Ignored","damage_taken":0,"max_hp_gain":0,"max_hp_loss":0,"event_name":"Golden Idol","floor":13,"gold_loss":0},{"cards_removed":["Strike_B"],"damage_healed":0,"gold_gain":0,"player_choice":"Card Removal","damage_taken":7,"max_hp_gain":0,"max_hp_loss":0,"event_name":"Golden Wing","floor":14,"gold_loss":0},{"cards_removed":["Strike_B"],"damage_healed":0,"gold_gain":0,"player_choice":"Gave Gold","damage_taken":0,"max_hp_gain":0,"max_hp_loss":0,"event_name":"Beggar","floor":19,"gold_loss":75}],"is_beta":false,"boss_relics":[{"not_picked":["Velvet Choker","Fusion Hammer","Black Star"]}],"items_purged_floors":[5],"is_endless":false,"potions_floor_spawned":[7,8,16,18,22],"killed_by":"Chosen and Byrds","ascension_level":0}