{"gold_per_floor":[117,43,56,71,71,97,97,115,115,190,190,217,217,233,233,336,336,346,186,203,219,0,0,16,16,16,16,32,50,79,98,98,195,195,208,27,39,53,53,53],"floor_reached":40,"playtime":9066,"items_purged":["Strike_B","Normality"],"score":483,"play_id":"bf95b80d-726d-4b77-ba74-89182da2ff9e","local_time":"20190908191121","is_ascension_mode":true,"campfire_choices":[{"floor":7.0,"key":"REST"},{"floor":11.0,"key":"REST"},{"data":"Coolheaded","floor":15.0,"key":"SMITH"},{"data":"Zap","floor":23.0,"key":"SMITH"},{"data":"Self Repair","floor":25.0,"key":"SMITH"},{"data":"Defragment","floor":32.0,"key":"SMITH"}],"neow_cost":"NONE","seed_source_timestamp":0,"circlet_count":0,"master_deck":["Strike_B+1","Strike_B","Defend_B+1","Defend_B+1","Defend_B","Defend_B","Zap+1","Dualcast","Leap","Streamline","Coolheaded+1","Static Discharge","Rebound+1","Gash","Coolheaded","Conserve Battery","Reinforced Body","All For One","Redo+1","Self Repair+1","Gash","FTL","FTL","Hologram","Defragment+1","Machine Learning","Parasite","Capacitor","Gash","Leap+1"],"special_seed":0,"relics":["Cracked Core","Matryoshka","Girya","Whetstone","Dodecahedron","Lantern","Boot","Cursed Key","Omamori","Darkstone Periapt","Kunai","Calling Bell","Anchor","Meat on the Bone","Peace Pipe"],"potions_floor_usage":[40],"damage_taken":[{"damage":0.0,"enemies":"2 Louse","floor":1.0,"turns":2.0},{"damage":7.0,"enemies":"Jaw Worm","floor":3.0,"turns":3.0},{"damage":0.0,"enemies":"Cultist","floor":4.0,"turns":3.0},{"damage":22.0,"enemies":"Gremlin Nob","floor":6.0,"turns":4.0},{"damage":7.0,"enemies":"Red Slaver","floor":8.0,"turns":3.0},{"damage":6.0,"enemies":"Lagavulin","floor":12.0,"turns":10.0},{"damage":3.0,"enemies":"Lots of Slimes","floor":14.0,"turns":5.0},{"damage":2.0,"enemies":"The Guardian","floor":16.0,"turns":15.0},{"damage":0.0,"enemies":"Chosen","floor":18.0,"turns":5.0},{"damage":10.0,"enemies":"3 Byrds","floor":20.0,"turns":4.0},{"damage":9.0,"enemies":"Sentry and Sphere","floor":21.0,"turns":7.0},{"damage":26.0,"enemies":"Cultist and Chosen","floor":24.0,"turns":7.0},{"damage":3.0,"enemies":"3 Cultists","floor":28.0,"turns":6.0},{"damage":0.0,"enemies":"Chosen and Byrds","floor":29.0,"turns":4.0},{"damage":26.0,"enemies":"Gremlin Leader","floor":30.0,"turns":7.0},{"damage":8.0,"enemies":"Cultist and Chosen","floor":31.0,"turns":5.0},{"damage":17.0,"enemies":"Automaton","floor":33.0,"turns":8.0},{"damage":0.0,"enemies":"3 Shapes","floor":35.0,"turns":5.0},{"damage":57.0,"enemies":"3 Darklings","floor":37.0,"turns":5.0},{"damage":32.0,"enemies":"Transient","floor":38.0,"turns":5.0},{"damage":48,"enemies":"Giant Head","floor":40,"turns":8}],"seed_played":"-5892931565851995997","potions_obtained":[{"floor":4.0,"key":"Dexterity Potion"},{"floor":8.0,"key":"SkillPotion"},{"floor":14.0,"key":"SteroidPotion"},{"floor":16.0,"key":"SteroidPotion"},{"floor":18.0,"key":"Block Potion"},{"floor":30.0,"key":"Explosive Potion"},{"floor":33.0,"key":"AttackPotion"},{"floor":35.0,"key":"SkillPotion"}],"is_trial":false,"path_per_floor":["M","$","M","M","?","E","R","M","T","?","R","E","T","M","R","B",null,"M","$","M","M","$","R","M","R","T","$","M","M","E","M","R","B",null,"M","$","M","M","?","E"],"character_chosen":"DEFECT","items_purchased":["Streamline","Coolheaded","Self Repair","Gash","Omamori","FTL","Capacitor"],"campfire_rested":2,"item_purchase_floors":[2,2,19,19,22,22,36],"current_hp_per_floor":[75,75,68,68,53,31,53,46,46,35,57,51,51,48,48,46,75,75,75,72,70,70,70,51,51,51,51,58,68,52,54,54,47,87,87,87,52,42,42,0],"gold":53,"neow_bonus":"REMOVE_CARD","is_prod":false,"is_daily":false,"chose_seed":false,"campfire_upgraded":4,"win_rate":1,"timestamp":1567959081,"path_taken":["M","$","M","M","?","E","R","M","T","?","R","E","?","M","R","BOSS","M","$","M","M","$","R","M","R","T","?","M","?","E","M","R","BOSS","M","?","?","M","?","E"],"build_version":"2019-07-17","purchased_purges":2,"victory":false,"max_hp_per_floor":[75,75,75,75,75,75,75,75,75,75,75,75,75,75,75,75,75,75,75,75,75,75,75,75,75,75,75,75,75,75,75,75,75,87,87,87,87,87,83,83],"card_choices":[{"not_picked":["Streamline","Blizzard"],"picked":"Leap","floor":1.0},{"not_picked":["Barrage","Compile Driver"],"picked":"Static Discharge","floor":3.0},{"not_picked":["Steam Power","Gash"],"picked":"Rebound","floor":4.0},{"not_picked":["Compile Driver","Rebound"],"picked":"Gash","floor":6.0},{"not_picked":["Go for the Eyes","Storm"],"picked":"Coolheaded","floor":8.0},{"not_picked":["Fusion","Meteor Strike"],"picked":"Conserve Battery","floor":12.0},{"not_picked":["Conserve Battery","Chaos"],"picked":"Reinforced Body","floor":14.0},{"not_picked":["Hyperbeam","Reboot"],"picked":"All For One","floor":16.0},{"not_picked":["Steam Power","Compile Driver"],"picked":"Redo+1","floor":18.0},{"not_picked":["Steam Power","Leap","Heatsinks"],"picked":"SKIP","floor":20.0},{"not_picked":["Rebound","Compile Driver","Doom and Gloom"],"picked":"SKIP","floor":21.0},{"not_picked":["Redo+1","Conserve Battery"],"picked":"FTL","floor":24.0},{"not_picked":["Doom and Gloom","Aggregate"],"picked":"Hologram","floor":28.0},{"not_picked":["Rebound","Reinforced Body","Hologram"],"picked":"SKIP","floor":29.0},{"not_picked":["Darkness+1","Rip and Tear+1"],"picked":"Defragment","floor":30.0},{"not_picked":["Steam+1","Barrage","Conserve Battery"],"picked":"SKIP","floor":31.0},{"not_picked":["Biased Cognition","Multi-Cast"],"picked":"Machine Learning","floor":33.0},{"not_picked":["Scrape+1","Storm+1","Doom and Gloom+1"],"picked":"SKIP","floor":35.0},{"not_picked":["Conserve Battery+1","Stack+1"],"picked":"Gash","floor":37.0},{"not_picked":["Redo","Skim+1"],"picked":"Leap+1","floor":38.0}],"player_experience":215230,"relics_obtained":[{"floor":6.0,"key":"Matryoshka"},{"floor":9.0,"key":"Girya"},{"floor":9.0,"key":"Whetstone"},{"floor":12.0,"key":"Dodecahedron"},{"floor":13.0,"key":"Lantern"},{"floor":13.0,"key":"Boot"},{"floor":26.0,"key":"Darkstone Periapt"},{"floor":30.0,"key":"Kunai"},{"floor":34.0,"key":"Anchor"},{"floor":34.0,"key":"Meat on the Bone"},{"floor":34.0,"key":"Peace Pipe"}],"event_choices":[{"damage_healed":0.0,"max_hp_gain":0.0,"max_hp_loss":0.0,"gold_gain":0.0,"event_name":"Shining Light","player_choice":"Entered Light","floor":5.0,"gold_loss":0.0,"damage_taken":15.0,"cards_upgraded":["Defend_B","Defend_B"]},{"damage_healed":0.0,"max_hp_gain":0.0,"max_hp_loss":0.0,"gold_gain":75.0,"event_name":"World of Goop","player_choice":"Gather Gold","floor":10.0,"gold_loss":0.0,"damage_taken":11.0},{"damage_healed":0.0,"max_hp_gain":0.0,"max_hp_loss":4.0,"gold_gain":0.0,"event_name":"Winding Halls","player_choice":"Max HP","floor":39.0,"gold_loss":0.0,"damage_taken":0.0}],"is_beta":false,"boss_relics":[{"not_picked":["Velvet Choker","Tiny House"],"picked":"Cursed Key"},{"not_picked":["Runic Dome","Pandora\u0027s Box"],"picked":"Calling Bell"}],"items_purged_floors":[19,36],"is_endless":false,"potions_floor_spawned":[4,8,14,16,18,30,33,35],"killed_by":"Giant Head","ascension_level":3}