{"gold_per_floor":[115,115,20,20,20,54,54,87,87,102,115,143,143,158,158,232,232,249,278,203,218,230,230,243,243,320,28,61,61,73,101,101,178,178,189,139,151,22,33,67,67,99,99,99,110,128,128,156,156,156,156,156,156,21,48,48],"floor_reached":57,"playtime":7576,"items_purged":["Strike_R","Clumsy"],"score":2896,"play_id":"e8e8521d-36d1-4f5e-aa34-9eb5ae69bd9f","local_time":"20190823191753","is_ascension_mode":true,"campfire_choices":[{"data":"Carnage","floor":7,"key":"SMITH"},{"data":"Disarm","floor":13,"key":"SMITH"},{"floor":15,"key":"REST"},{"data":"Immolate","floor":23,"key":"SMITH"},{"data":"True Grit","floor":29,"key":"SMITH"},{"floor":32,"key":"REST"},{"data":"Feel No Pain","floor":41,"key":"SMITH"},{"data":"Evolve","floor":44,"key":"SMITH"},{"floor":47,"key":"RECALL"},{"data":"Fiend Fire","floor":49,"key":"SMITH"},{"data":"Impervious","floor":53,"key":"SMITH"}],"neow_cost":"CURSE","seed_source_timestamp":133781746635700,"circlet_count":0,"master_deck":["AscendersBane","Strike_R","Strike_R","Strike_R","Strike_R","Defend_R","Defend_R","Defend_R","Defend_R","Bash","Carnage+1","Combust+1","Evolve+1","Disarm+1","Shrug It Off","Immolate+1","Wild Strike","True Grit+1","Shrug It Off","Corruption","Finesse","Uppercut","Rupture","Demon Form+1","Flame Barrier","Feel No Pain+1","Impervious+1","Armaments+1","Flame Barrier","Fiend Fire+1","Feel No Pain"],"relics":["Burning Blood","Incense Burner","Ice Cream","Mercury Hourglass","Champion Belt","Bag of Marbles","Cursed Key","Red Mask","Nilry\u0027s Codex","Pear","Potion Belt","Happy Flower","Snecko Eye","Centennial Puzzle","Omamori","Boot","Torii"],"potions_floor_usage":[31,31,38,51,56,56,56],"damage_taken":[{"damage":14,"enemies":"Small Slimes","floor":1,"turns":4},{"damage":21,"enemies":"3 Sentries","floor":6,"turns":4},{"damage":38,"enemies":"Lagavulin","floor":8,"turns":5},{"damage":2,"enemies":"Jaw Worm","floor":10,"turns":2},{"damage":3,"enemies":"2 Louse","floor":11,"turns":2},{"damage":21,"enemies":"Gremlin Nob","floor":12,"turns":4},{"damage":12,"enemies":"Exordium Thugs","floor":14,"turns":3},{"damage":27,"enemies":"The Guardian","floor":16,"turns":9},{"damage":0,"enemies":"3 Byrds","floor":18,"turns":5},{"damage":19,"enemies":"Masked Bandits","floor":19,"turns":4},{"damage":8,"enemies":"2 Thieves","floor":21,"turns":3},{"damage":19,"enemies":"Snake Plant","floor":22,"turns":3},{"damage":0,"enemies":"3 Cultists","floor":24,"turns":3},{"damage":14,"enemies":"Book of Stabbing","floor":28,"turns":6},{"damage":6,"enemies":"Sentry and Sphere","floor":30,"turns":6},{"damage":2,"enemies":"Gremlin Leader","floor":31,"turns":4},{"damage":53,"enemies":"Collector","floor":33,"turns":9},{"damage":1,"enemies":"3 Shapes","floor":35,"turns":4},{"damage":7,"enemies":"Orb Walker","floor":37,"turns":3},{"damage":31,"enemies":"Maw","floor":39,"turns":6},{"damage":0,"enemies":"Nemesis","floor":40,"turns":5},{"damage":2,"enemies":"Reptomancer","floor":42,"turns":4},{"damage":0,"enemies":"4 Shapes","floor":45,"turns":1},{"damage":5,"enemies":"Sphere and 2 Shapes","floor":46,"turns":4},{"damage":9,"enemies":"Giant Head","floor":48,"turns":5},{"damage":14,"enemies":"Time Eater","floor":50,"turns":11},{"damage":52,"enemies":"Awakened One","floor":51,"turns":11},{"damage":7,"enemies":"Shield and Spear","floor":55,"turns":6},{"damage":26,"enemies":"The Heart","floor":56,"turns":8}],"seed_played":"-3397972935368131033","potions_obtained":[{"floor":8,"key":"Ancient Potion"},{"floor":18,"key":"Explosive Potion"},{"floor":30,"key":"Ancient Potion"},{"floor":33,"key":"GamblersBrew"},{"floor":35,"key":"Fruit Juice"},{"floor":37,"key":"Fire Potion"}],"is_trial":false,"path_per_floor":["M","?","$","?","?","E","R","E","T","M","M","E","R","M","R","B",null,"M","?","$","M","M","R","M","?","T","$","E","R","M","E","R","B",null,"M","?","M","$","M","E","R","E","T","R","M","M","R","E","R","B","B",null,"R","$","E","B",null],"character_chosen":"IRONCLAD","items_purchased":["Combust","Explosive Potion","Corruption","Finesse","Flame Barrier","PowerPotion","Feel No Pain","AttackPotion"],"campfire_rested":2,"item_purchase_floors":[3,3,27,27,38,38,54,54],"current_hp_per_floor":[60,53,53,75,75,60,60,28,28,32,35,20,20,14,36,15,60,66,53,53,51,38,38,44,23,33,33,25,25,25,29,54,7,66,71,71,70,75,50,56,56,60,60,60,66,67,67,64,64,56,10,70,70,70,69,49],"gold":48,"neow_bonus":"ONE_RARE_RELIC","is_prod":false,"is_daily":false,"chose_seed":false,"campfire_upgraded":8,"win_rate":0,"timestamp":1566613073,"path_taken":["M","?","$","?","?","E","R","E","T","?","M","E","R","M","R","BOSS","M","?","$","M","M","R","M","?","T","$","E","R","M","E","R","BOSS","M","?","?","$","M","E","R","E","T","R","M","M","R","E","R","BOSS","BOSS","R","$","E","BOSS"],"build_version":"2019-07-17","purchased_purges":2,"victory":true,"max_hp_per_floor":[75,75,75,75,75,75,75,75,75,75,75,75,75,75,75,75,75,75,75,75,75,75,75,75,75,85,85,85,85,85,85,85,85,85,85,85,85,90,90,90,90,90,90,90,90,90,90,90,90,90,90,90,90,90,90,90],"card_choices":[{"not_picked":["Heavy Blade","Sword Boomerang"],"picked":"Carnage","floor":1},{"not_picked":["Wild Strike","Havoc","Body Slam"],"picked":"SKIP","floor":6},{"not_picked":["Infernal Blade","Fire Breathing"],"picked":"Evolve","floor":8},{"not_picked":["Dropkick","Twin Strike"],"picked":"Disarm","floor":10},{"not_picked":["Hemokinesis","Headbutt","Cleave"],"picked":"SKIP","floor":11},{"not_picked":["Havoc","Headbutt","Cleave"],"picked":"SKIP","floor":12},{"not_picked":["Havoc","Headbutt","Cleave"],"picked":"SKIP","floor":12},{"not_picked":["Sword Boomerang","True Grit"],"picked":"Shrug It Off","floor":14},{"not_picked":["Brutality","Double Tap"],"picked":"Immolate","floor":16},{"not_picked":["Perfected Strike","Flex"],"picked":"Wild Strike","floor":18},{"not_picked":["Headbutt","Havoc"],"picked":"True Grit","floor":21},{"not_picked":["Inflame","Bloodletting","Evolve"],"picked":"SKIP","floor":22},{"not_picked":["Dropkick","Body Slam"],"picked":"Shrug It Off","floor":24},{"not_picked":["Body Slam","Blood for Blood"],"picked":"Uppercut","floor":28},{"not_picked":["Wild Strike","Heavy Blade"],"picked":"Rupture","floor":30},{"not_picked":["Seeing Red","Combust","Wild Strike+1"],"picked":"SKIP","floor":31},{"not_picked":["Seeing Red","Combust","Wild Strike+1"],"picked":"SKIP","floor":31},{"not_picked":["Exhume","Offering"],"picked":"Demon Form","floor":33},{"not_picked":["Bloodletting","Anger","Clash+1"],"picked":"SKIP","floor":35},{"not_picked":["Anger","Iron Wave+1","Havoc"],"picked":"SKIP","floor":37},{"not_picked":["Cleave","Rage"],"picked":"Feel No Pain","floor":39},{"not_picked":["Intimidate","Pommel Strike"],"picked":"Impervious","floor":40},{"not_picked":["Entrench","Battle Trance"],"picked":"Armaments+1","floor":42},{"not_picked":["Clothesline","Body Slam+1"],"picked":"Flame Barrier","floor":45},{"not_picked":["Iron Wave","Dropkick+1","Carnage+1"],"picked":"SKIP","floor":46},{"not_picked":["Flame Barrier","Havoc+1"],"picked":"Fiend Fire","floor":48},{"not_picked":["Headbutt","Perfected Strike","True Grit"],"picked":"SKIP","floor":55}],"player_experience":816237,"relics_obtained":[{"floor":6,"key":"Ice Cream"},{"floor":8,"key":"Mercury Hourglass"},{"floor":9,"key":"Champion Belt"},{"floor":12,"key":"Bag of Marbles"},{"floor":19,"key":"Red Mask"},{"floor":25,"key":"Nilry\u0027s Codex"},{"floor":26,"key":"Pear"},{"floor":28,"key":"Potion Belt"},{"floor":31,"key":"Happy Flower"},{"floor":40,"key":"Centennial Puzzle"},{"floor":42,"key":"Omamori"},{"floor":48,"key":"Boot"},{"floor":55,"key":"Torii"}],"event_choices":[{"cards_removed":["Regret"],"damage_healed":0,"gold_gain":0,"player_choice":"Card Removal","damage_taken":7,"max_hp_gain":0,"max_hp_loss":0,"event_name":"Golden Wing","floor":2,"gold_loss":0},{"damage_healed":25,"gold_gain":0,"player_choice":"Banana","damage_taken":0,"max_hp_gain":0,"max_hp_loss":0,"event_name":"Big Fish","floor":4,"gold_loss":0},{"damage_healed":0,"gold_gain":0,"player_choice":"Grow","damage_taken":0,"max_hp_gain":0,"max_hp_loss":0,"event_name":"Living Wall","floor":5,"gold_loss":0,"cards_upgraded":["Combust"]},{"damage_healed":0,"gold_gain":0,"player_choice":"Fought Bandits","damage_taken":0,"max_hp_gain":0,"max_hp_loss":0,"event_name":"Masked Bandits","floor":19,"gold_loss":0},{"damage_healed":0,"gold_gain":0,"player_choice":"Obtained Book","damage_taken":21,"max_hp_gain":0,"max_hp_loss":0,"event_name":"Cursed Tome","floor":25,"gold_loss":0},{"damage_healed":0,"gold_gain":0,"player_choice":"Upgrade","damage_taken":0,"max_hp_gain":0,"max_hp_loss":0,"event_name":"Designer","floor":36,"gold_loss":50,"cards_upgraded":["Demon Form"]}],"is_beta":false,"boss_relics":[{"not_picked":["Velvet Choker","Eternal Feather"],"picked":"Cursed Key"},{"not_picked":["Sozu","Runic Pyramid"],"picked":"Snecko Eye"}],"items_purged_floors":[20,27],"is_endless":false,"potions_floor_spawned":[8,10,16,18,21,22,30,33,35,37,39,55],"ascension_level":20}