{"gold_per_floor":[118,68,68,68,68,98,98,109,136,148,26,26,54,6,6,108,108,122,122,141,141,66,66],"floor_reached":23,"playtime":1275,"items_purged":["Strike_R"],"score":224,"play_id":"421af8f3-b747-4e25-a7a1-bdd7f253abe2","local_time":"20181210205719","is_ascension_mode":true,"campfire_choices":[{"floor":7,"key":"REST"},{"floor":12,"key":"REST"},{"floor":15,"key":"REST"}],"neow_cost":"CURSE","seed_source_timestamp":383481257755100,"circlet_count":0,"master_deck":["Strike_R+1","Strike_R+1","Defend_R","Defend_R","Defend_R","Defend_R","Bash+1","Flex","Shrug It Off","Twin Strike","Clothesline","Limit Break","Uppercut","Cleave","Twin Strike"],"relics":["Burning Blood","Pocketwatch","Whetstone","Potion Belt","Darkstone Periapt","Orrery"],"potions_floor_usage":[18,23,23,23],"damage_taken":[{"damage":22,"enemies":"Jaw Worm","floor":1,"turns":7},{"damage":53,"enemies":"Lagavulin","floor":6,"turns":8},{"damage":2,"enemies":"2 Louse","floor":8,"turns":3},{"damage":0,"enemies":"Cultist","floor":10,"turns":3},{"damage":26,"enemies":"3 Sentries","floor":13,"turns":8},{"damage":43,"enemies":"The Guardian","floor":16,"turns":12},{"damage":34,"enemies":"2 Thieves","floor":18,"turns":5},{"damage":0,"enemies":"Chosen","floor":20,"turns":4},{"damage":49,"enemies":"Slavers","floor":23,"turns":5}],"seed_played":"6897566454218849202","potions_obtained":[{"floor":6,"key":"Dexterity Potion"},{"floor":13,"key":"PowerPotion"},{"floor":16,"key":"EssenceOfSteel"},{"floor":18,"key":"FearPotion"}],"is_trial":false,"path_per_floor":["M","?","?","$","?","E","R","M","T","M","$","R","E","$","R","B",null,"M","$","M","?","?","E"],"character_chosen":"IRONCLAD","items_purchased":["Twin Strike","Clothesline"],"campfire_rested":3,"item_purchase_floors":[11,14],"current_hp_per_floor":[64,64,57,57,57,10,34,38,38,44,44,68,48,48,72,35,80,52,52,58,43,43,0],"gold":66,"neow_bonus":"ONE_RARE_RELIC","is_prod":false,"is_daily":false,"chose_seed":false,"campfire_upgraded":0,"win_rate":1,"timestamp":1544504239,"path_taken":["M","?","?","$","?","E","R","M","T","M","$","R","E","?","R","BOSS","M","$","?","?","?","E"],"build_version":"2018-12-06","purchased_purges":1,"victory":false,"max_hp_per_floor":[80,80,80,80,80,80,80,80,80,80,80,80,80,80,80,80,80,80,80,80,85,85,85],"card_choices":[{"not_picked":["Infernal Blade","Perfected Strike","Burning Pact"],"picked":"SKIP","floor":1},{"not_picked":["Metallicize","Armaments"],"picked":"Flex","floor":6},{"not_picked":["Armaments","Impervious"],"picked":"Shrug It Off","floor":8},{"not_picked":["Thunderclap","Body Slam","Shrug It Off"],"picked":"SKIP","floor":10},{"not_picked":["Seeing Red","Headbutt","Warcry"],"picked":"SKIP","floor":13},{"not_picked":["Brutality","Reaper"],"picked":"Limit Break","floor":16},{"not_picked":["Power Through","Heavy Blade"],"picked":"Uppercut","floor":17},{"not_picked":["Blood for Blood","Entrench"],"picked":"Cleave","floor":17},{"not_picked":["Armaments","Heavy Blade"],"picked":"Twin Strike","floor":17},{"not_picked":["Intimidate","Wild Strike","Sever Soul"],"picked":"SKIP","floor":18},{"not_picked":["Reckless Charge","Wild Strike","Heavy Blade+1"],"picked":"SKIP","floor":20}],"player_experience":19221,"relics_obtained":[{"floor":6,"key":"Whetstone"},{"floor":9,"key":"Potion Belt"},{"floor":13,"key":"Darkstone Periapt"}],"event_choices":[{"cards_removed":["Doubt"],"damage_healed":0,"gold_gain":0,"player_choice":"Card Removal","damage_taken":0,"max_hp_gain":0,"max_hp_loss":0,"event_name":"The Cleric","floor":2,"gold_loss":50},{"cards_removed":["Strike_R"],"damage_healed":0,"gold_gain":0,"player_choice":"Card Removal","damage_taken":7,"max_hp_gain":0,"max_hp_loss":0,"event_name":"Golden Wing","floor":3,"gold_loss":0},{"damage_healed":0,"gold_gain":0,"player_choice":"Grow","damage_taken":0,"max_hp_gain":0,"max_hp_loss":0,"event_name":"Living Wall","floor":5,"gold_loss":0,"cards_upgraded":["Bash"]},{"damage_healed":0,"gold_gain":0,"player_choice":"Shed Blood","damage_taken":20,"max_hp_gain":5,"max_hp_loss":0,"event_name":"Forgotten Altar","floor":21,"gold_loss":0},{"cards_removed":["Strike_R"],"damage_healed":0,"gold_gain":0,"player_choice":"Gave Gold","damage_taken":0,"max_hp_gain":0,"max_hp_loss":0,"event_name":"Beggar","floor":22,"gold_loss":75}],"is_beta":false,"boss_relics":[{"not_picked":["Sozu","Busted Crown"],"picked":"Orrery"}],"items_purged_floors":[11],"is_endless":false,"potions_floor_spawned":[6,13,16,18],"killed_by":"Slavers","ascension_level":3}