{"gold_per_floor":[116,133,153,117,132,132,158,158,207,207,207,224,235,245,245,245],"floor_reached":16,"playtime":1254,"items_purged":[],"score":161,"play_id":"c876b182-a4c1-40cf-a447-7886a8e4bc55","local_time":"20181102191901","is_ascension_mode":true,"campfire_choices":[{"floor":6,"key":"REST"},{"floor":11,"key":"REST"},{"data":"Armaments","floor":15,"key":"SMITH"}],"neow_cost":"PERCENT_DAMAGE","seed_source_timestamp":482431522509124,"circlet_count":0,"master_deck":["AscendersBane","Strike_R","Strike_R","Strike_R","Strike_R","Strike_R","Defend_R","Defend_R","Defend_R","Defend_R","Bash","Purity","Trip","Shrug It Off","Disarm","Clothesline","Thunderclap","Armaments+1"],"relics":["Burning Blood","Singing Bowl","Pen Nib"],"potions_floor_usage":[7,12,14,16],"damage_taken":[{"damage":12,"enemies":"Small Slimes","floor":1,"turns":4},{"damage":12,"enemies":"Jaw Worm","floor":2,"turns":3},{"damage":1,"enemies":"2 Louse","floor":3,"turns":4},{"damage":12,"enemies":"2 Fungi Beasts","floor":5,"turns":5},{"damage":59,"enemies":"Gremlin Nob","floor":7,"turns":6},{"damage":15,"enemies":"Lots of Slimes","floor":12,"turns":5},{"damage":4,"enemies":"Blue Slaver","floor":13,"turns":5},{"damage":2,"enemies":"3 Louse","floor":14,"turns":3},{"damage":43,"enemies":"Hexaghost","floor":16,"turns":16}],"seed_played":"6493968426868429152","potions_obtained":[{"floor":2,"key":"Energy Potion"},{"floor":3,"key":"Dexterity Potion"},{"floor":7,"key":"SteroidPotion"},{"floor":14,"key":"Fruit Juice"}],"is_trial":false,"path_per_floor":["M","M","M","?","M","R","E","?","T","?","R","M","M","M","R","B"],"character_chosen":"IRONCLAD","items_purchased":[],"campfire_rested":2,"item_purchase_floors":[],"current_hp_per_floor":[45,39,44,44,38,62,9,9,9,9,33,26,30,41,41,0],"gold":245,"neow_bonus":"RANDOM_COLORLESS_2","is_prod":false,"is_daily":false,"chose_seed":false,"campfire_upgraded":1,"win_rate":0,"timestamp":1541200741,"path_taken":["M","M","M","?","M","R","E","?","T","?","R","M","?","M","R","BOSS"],"build_version":"2018-11-01","purchased_purges":0,"victory":false,"max_hp_per_floor":[80,80,80,80,80,80,80,80,80,80,80,82,84,91,91,91],"card_choices":[{"not_picked":["Whirlwind","Feel No Pain"],"picked":"Shrug It Off","floor":1},{"not_picked":["Heavy Blade","Uppercut"],"picked":"Disarm","floor":2},{"not_picked":["Shrug It Off","Anger"],"picked":"Clothesline","floor":3},{"not_picked":["Twin Strike","Havoc"],"picked":"Thunderclap","floor":5},{"not_picked":["Warcry","Anger"],"picked":"Armaments","floor":7},{"not_picked":["Heavy Blade","Anger","Metallicize"],"picked":"Singing Bowl","floor":12},{"not_picked":["Sentinel","Seeing Red","Fire Breathing"],"picked":"Singing Bowl","floor":13},{"not_picked":["Uppercut","Flex","Whirlwind"],"picked":"Singing Bowl","floor":14}],"player_experience":404971,"relics_obtained":[{"floor":7,"key":"Singing Bowl"},{"floor":9,"key":"Pen Nib"}],"event_choices":[{"damage_healed":0,"gold_gain":0,"player_choice":"Left Gold","damage_taken":0,"max_hp_gain":0,"max_hp_loss":0,"event_name":"World of Goop","floor":4,"gold_loss":36},{"damage_healed":0,"gold_gain":0,"player_choice":"Ignored","damage_taken":0,"max_hp_gain":0,"max_hp_loss":0,"event_name":"Shining Light","floor":8,"gold_loss":0},{"damage_healed":0,"gold_gain":0,"player_choice":"Searched \u00271\u0027 times","damage_taken":0,"max_hp_gain":0,"max_hp_loss":0,"event_name":"Dead Adventurer","floor":10,"gold_loss":0}],"is_beta":false,"boss_relics":[],"items_purged_floors":[],"is_endless":false,"potions_floor_spawned":[2,3,7,14],"killed_by":"Hexaghost","ascension_level":11}