{"gold_per_floor":[118,133,133,133,154,154,185,185,185,37,52,65,39,39,39,39],"floor_reached":16,"playtime":578,"items_purged":[],"score":150,"play_id":"ce05a918-674e-4aad-85d6-4b9b83998af4","local_time":"20181214152032","is_ascension_mode":true,"campfire_choices":[{"floor":6,"key":"REST"},{"floor":8,"key":"REST"},{"data":"Armaments","floor":15,"key":"SMITH"}],"neow_cost":"NONE","seed_source_timestamp":90929944073100,"circlet_count":0,"master_deck":["AscendersBane","Strike_R","Strike_R+1","Strike_R","Strike_R","Strike_R","Defend_R","Defend_R","Defend_R","Defend_R","Bash","Armaments+1","Twin Strike+1","Flame Barrier","Armaments"],"relics":["Burning Blood","Golden Idol","Sundial","Frozen Egg 2","Vajra"],"potions_floor_usage":[],"damage_taken":[{"damage":6,"enemies":"2 Louse","floor":1,"turns":5},{"damage":7,"enemies":"Jaw Worm","floor":2,"turns":5},{"damage":0,"enemies":"Cultist","floor":5,"turns":3},{"damage":46,"enemies":"Lagavulin","floor":7,"turns":8},{"damage":0,"enemies":"2 Fungi Beasts","floor":11,"turns":3},{"damage":16,"enemies":"Exordium Wildlife","floor":12,"turns":5},{"damage":73,"enemies":"Slime Boss","floor":16,"turns":13}],"seed_played":"-7935605145037903101","potions_obtained":[{"floor":2,"key":"Swift Potion"}],"is_trial":false,"path_per_floor":["M","M","?","?","M","R","E","R","T","$","M","M","$","?","R","B"],"character_chosen":"IRONCLAD","items_purchased":["Vajra","Armaments"],"campfire_rested":2,"item_purchase_floors":[10,13],"current_hp_per_floor":[72,71,51,35,41,65,25,49,49,49,55,45,45,71,71,0],"gold":39,"neow_bonus":"THREE_CARDS","is_prod":false,"is_daily":false,"chose_seed":false,"campfire_upgraded":1,"win_rate":0,"timestamp":1544829632,"path_taken":["M","M","?","?","M","R","E","R","T","$","M","M","$","?","R","BOSS"],"build_version":"2018-12-13","purchased_purges":0,"victory":false,"max_hp_per_floor":[80,80,80,80,80,80,80,80,80,80,80,80,80,80,80,80],"card_choices":[{"not_picked":["Evolve","Seeing Red"],"picked":"Armaments","floor":0},{"not_picked":["Warcry","Sword Boomerang","Flex"],"picked":"SKIP","floor":1},{"not_picked":["Fiend Fire","Clothesline"],"picked":"Twin Strike","floor":2},{"not_picked":["Wild Strike","Reckless Charge","Iron Wave"],"picked":"SKIP","floor":5},{"not_picked":["Flex","Headbutt"],"picked":"Flame Barrier","floor":7},{"not_picked":["Sentinel","Iron Wave","Havoc"],"picked":"SKIP","floor":11},{"not_picked":["Hemokinesis","Headbutt","Sword Boomerang"],"picked":"SKIP","floor":12}],"player_experience":101931,"relics_obtained":[{"floor":7,"key":"Sundial"},{"floor":9,"key":"Frozen Egg 2"}],"event_choices":[{"damage_healed":0,"gold_gain":0,"player_choice":"Take Damage","damage_taken":20,"relics_obtained":["Golden Idol"],"max_hp_gain":0,"max_hp_loss":0,"event_name":"Golden Idol","floor":3,"gold_loss":0},{"damage_healed":0,"gold_gain":0,"player_choice":"Entered Light","damage_taken":16,"max_hp_gain":0,"max_hp_loss":0,"event_name":"Shining Light","floor":4,"gold_loss":0,"cards_upgraded":["Twin Strike","Strike_R"]},{"damage_healed":26,"gold_gain":0,"player_choice":"Banana","damage_taken":0,"max_hp_gain":0,"max_hp_loss":0,"event_name":"Big Fish","floor":14,"gold_loss":0}],"is_beta":false,"boss_relics":[],"items_purged_floors":[],"is_endless":false,"potions_floor_spawned":[2],"killed_by":"Slime Boss","ascension_level":10}