{"gold_per_floor":[111,111,123,198,59,59,93,93,93,127,127,157,170,5,5,78,78,97,109,126,176,176,207,207,132,132,148,148,175,185,198,198,198],"floor_reached":33,"playtime":874,"items_purged":["Strike_R"],"score":491,"play_id":"9b003f5d-ebc6-4b12-9517-15493d5714f6","local_time":"20181223043100","is_ascension_mode":true,"campfire_choices":[{"data":"Sword Boomerang","floor":6,"key":"SMITH"},{"floor":8,"key":"REST"},{"floor":15,"key":"REST"},{"floor":24,"key":"REST"},{"data":"True Grit","floor":28,"key":"SMITH"},{"data":"Armaments","floor":32,"key":"SMITH"}],"neow_cost":"NONE","seed_source_timestamp":133693125816399,"circlet_count":0,"master_deck":["AscendersBane","Strike_R","Strike_R","Defend_R","Defend_R","Defend_R","Defend_R","Bash","Inflame","Headbutt","Spot Weakness","Sword Boomerang+1","Twin Strike","Anger","Parasite","Reaper","Fiend Fire","Whirlwind","True Grit+1","Armaments+1"],"relics":["Burning Blood","Darkstone Periapt","Red Skull","Tiny Chest","Runic Pyramid","Blood Vial","Paper Frog","Bag of Preparation"],"potions_floor_usage":[23],"damage_taken":[{"damage":3,"enemies":"Jaw Worm","floor":1,"turns":4},{"damage":7,"enemies":"Small Slimes","floor":3,"turns":3},{"damage":37,"enemies":"Gremlin Nob","floor":7,"turns":5},{"damage":30,"enemies":"Lagavulin","floor":10,"turns":6},{"damage":0,"enemies":"2 Louse","floor":13,"turns":2},{"damage":58,"enemies":"Slime Boss","floor":16,"turns":7},{"damage":2,"enemies":"Chosen","floor":18,"turns":4},{"damage":6,"enemies":"Spheric Guardian","floor":19,"turns":3},{"damage":38,"enemies":"Centurion and Healer","floor":20,"turns":4},{"damage":28,"enemies":"Book of Stabbing","floor":23,"turns":3},{"damage":3,"enemies":"Snecko","floor":27,"turns":3},{"damage":21,"enemies":"Chosen and Byrds","floor":30,"turns":4},{"damage":18,"enemies":"Shelled Parasite and Fungi","floor":31,"turns":3},{"damage":91,"enemies":"Collector","floor":33,"turns":6}],"seed_played":"-1450356475698779173","potions_obtained":[{"floor":10,"key":"GamblersBrew"},{"floor":13,"key":"SpeedPotion"},{"floor":27,"key":"SmokeBomb"}],"is_trial":false,"path_per_floor":["M","?","M","?","$","R","E","R","T","E","?","?","M","$","R","B",null,"M","M","M","?","?","E","R","$","T","M","R","T","M","M","R","B"],"character_chosen":"IRONCLAD","items_purchased":["Spot Weakness","Sword Boomerang","Reaper"],"campfire_rested":3,"item_purchase_floors":[5,5,14],"current_hp_per_floor":[71,64,63,52,52,52,21,43,43,19,43,38,44,44,68,20,66,70,70,46,46,46,24,48,48,48,57,57,57,62,52,52,0],"gold":198,"neow_bonus":"TRANSFORM_CARD","is_prod":false,"is_daily":false,"chose_seed":false,"campfire_upgraded":3,"win_rate":0,"timestamp":1545568260,"path_taken":["M","?","M","?","$","R","E","R","T","E","?","?","M","$","R","BOSS","M","M","M","?","?","E","R","$","T","M","R","?","M","M","R","BOSS"],"build_version":"2018-12-20","purchased_purges":1,"victory":false,"max_hp_per_floor":[75,75,75,75,75,75,75,75,75,75,81,81,81,81,81,81,81,81,81,81,81,81,81,81,81,81,81,81,81,81,81,81,81],"card_choices":[{"not_picked":["Body Slam","Perfected Strike"],"picked":"Headbutt","floor":1},{"not_picked":["Wild Strike","Second Wind","Thunderclap"],"picked":"SKIP","floor":3},{"not_picked":["Barricade","Seeing Red"],"picked":"Twin Strike","floor":7},{"not_picked":["Sword Boomerang","Combust"],"picked":"Anger","floor":10},{"not_picked":["True Grit","Anger","Iron Wave"],"picked":"SKIP","floor":13},{"not_picked":["Demon Form","Juggernaut"],"picked":"Fiend Fire","floor":16},{"not_picked":["Pummel","Flex+1"],"picked":"Whirlwind","floor":18},{"not_picked":["Body Slam","Flex","Dual Wield"],"picked":"SKIP","floor":19},{"not_picked":["Wild Strike","Seeing Red"],"picked":"True Grit","floor":20},{"not_picked":["Flame Barrier","Disarm","Rage"],"picked":"SKIP","floor":23},{"not_picked":["Clothesline","Flex"],"picked":"Armaments","floor":27},{"not_picked":["Whirlwind","Anger","Headbutt"],"picked":"SKIP","floor":30},{"not_picked":["Wild Strike","Rampage","Cleave"],"picked":"SKIP","floor":31}],"player_experience":178023,"relics_obtained":[{"floor":9,"key":"Darkstone Periapt"},{"floor":10,"key":"Red Skull"},{"floor":23,"key":"Blood Vial"},{"floor":26,"key":"Paper Frog"},{"floor":29,"key":"Bag of Preparation"}],"event_choices":[{"cards_removed":["Strike_R"],"damage_healed":0,"gold_gain":0,"player_choice":"Card Removal","damage_taken":7,"max_hp_gain":0,"max_hp_loss":0,"event_name":"Golden Wing","floor":2,"gold_loss":0},{"damage_healed":0,"gold_gain":75,"player_choice":"Gather Gold","damage_taken":11,"max_hp_gain":0,"max_hp_loss":0,"event_name":"World of Goop","floor":4,"gold_loss":0},{"damage_healed":18,"gold_gain":0,"player_choice":"Healed and dodged fight","damage_taken":0,"max_hp_gain":0,"max_hp_loss":0,"event_name":"Mushrooms","floor":11,"gold_loss":0,"cards_obtained":["Parasite"]},{"damage_healed":0,"gold_gain":0,"player_choice":"Success","damage_taken":5,"relics_obtained":["Tiny Chest"],"max_hp_gain":0,"max_hp_loss":0,"event_name":"Scrap Ooze","floor":12,"gold_loss":0},{"damage_healed":0,"gold_gain":50,"player_choice":"Stole From Cult","damage_taken":0,"max_hp_gain":0,"max_hp_loss":0,"event_name":"Nest","floor":21,"gold_loss":0},{"damage_healed":0,"gold_gain":0,"player_choice":"Ignored","damage_taken":0,"max_hp_gain":0,"max_hp_loss":0,"event_name":"Cursed Tome","floor":22,"gold_loss":0}],"is_beta":false,"boss_relics":[{"not_picked":["Calling Bell","Philosopher\u0027s Stone"],"picked":"Runic Pyramid"}],"items_purged_floors":[25],"is_endless":false,"potions_floor_spawned":[10,13,16,19,27,30],"killed_by":"Collector","ascension_level":16}