{"gold_per_floor":[113,130,230,246,246,246,259,259,259,274,274,300,319,329,329,433,433,446,169,186,200,214,214,129,146,146,146,166,166,185,198,198,198],"floor_reached":33,"playtime":1678,"items_purged":["Strike_B"],"score":406,"play_id":"f7631860-0a5e-4ccb-bada-44bfd2a19321","local_time":"20190819172443","is_ascension_mode":true,"campfire_choices":[{"data":"Rainbow","floor":6.0,"key":"SMITH"},{"data":"Zap","floor":8.0,"key":"SMITH"},{"data":"Hologram","floor":11.0,"key":"SMITH"},{"data":"Coolheaded","floor":15.0,"key":"SMITH"},{"data":"Self Repair","floor":23.0,"key":"SMITH"},{"data":"Biased Cognition","floor":27.0,"key":"SMITH"},{"data":"Fusion","floor":32,"key":"SMITH"}],"neow_cost":"NONE","seed_source_timestamp":0,"circlet_count":0,"master_deck":["Strike_B","Strike_B","Strike_B","Defend_B+1","Defend_B+1","Defend_B+1","Defend_B","Zap+1","Dualcast","Rainbow+1","Rip and Tear","Stack+1","Go for the Eyes","Self Repair+1","Hologram+1","Fusion+1","Reinforced Body","Coolheaded+1","Biased Cognition+1","Compile Driver+1","Steam","Beam Cell+1","Core Surge+1","Self Repair+1","Undo","Steam Power"],"special_seed":0,"relics":["Cracked Core","Shuriken","War Paint","Coffee Dripper","Orichalcum","Bag of Marbles","Molten Egg 2"],"potions_floor_usage":[30,31],"damage_taken":[{"damage":7.0,"enemies":"Small Slimes","floor":1.0,"turns":4.0},{"damage":0.0,"enemies":"Cultist","floor":2.0,"turns":3.0},{"damage":7.0,"enemies":"2 Louse","floor":4.0,"turns":2.0},{"damage":0.0,"enemies":"Blue Slaver","floor":7.0,"turns":4.0},{"damage":0.0,"enemies":"Red Slaver","floor":10.0,"turns":3.0},{"damage":0.0,"enemies":"Lagavulin","floor":12.0,"turns":7.0},{"damage":1.0,"enemies":"Looter","floor":13.0,"turns":2.0},{"damage":0.0,"enemies":"3 Louse","floor":14.0,"turns":4.0},{"damage":3.0,"enemies":"Slime Boss","floor":16.0,"turns":7.0},{"damage":3.0,"enemies":"Chosen","floor":18.0,"turns":6.0},{"damage":15.0,"enemies":"Spheric Guardian","floor":20.0,"turns":5.0},{"damage":6.0,"enemies":"Centurion and Healer","floor":21.0,"turns":10.0},{"damage":8.0,"enemies":"Snecko","floor":22.0,"turns":5.0},{"damage":18.0,"enemies":"3 Cultists","floor":25.0,"turns":6.0},{"damage":7.0,"enemies":"Chosen and Byrds","floor":28.0,"turns":5.0},{"damage":9,"enemies":"Shelled Parasite and Fungi","floor":30,"turns":5},{"damage":13,"enemies":"Snake Plant","floor":31,"turns":5},{"damage":76,"enemies":"Collector","floor":33,"turns":7}],"seed_played":"-3221551080332039888","potions_obtained":[{"floor":1.0,"key":"FocusPotion"},{"floor":7.0,"key":"Block Potion"},{"floor":10.0,"key":"Regen Potion"},{"floor":12.0,"key":"EssenceOfSteel"},{"floor":20.0,"key":"Strength Potion"},{"floor":21.0,"key":"Regen Potion"},{"floor":22.0,"key":"Regen Potion"},{"floor":25.0,"key":"Weak Potion"}],"is_trial":false,"path_per_floor":["M","M","?","M","?","R","M","R","T","M","R","E","M","M","R","B",null,"M","$","M","M","M","R","?","M","T","R","M","?","M","M","R","B"],"character_chosen":"DEFECT","items_purchased":["PowerPotion","Orichalcum"],"campfire_rested":0,"item_purchase_floors":[19,19],"current_hp_per_floor":[61,61,61,54,39,39,39,39,39,46,46,53,52,52,52,70,74,75,75,60,61,60,60,60,52,52,52,45,45,70,75,75,0],"gold":198,"neow_bonus":"ONE_RANDOM_RARE_CARD","is_prod":false,"is_daily":false,"chose_seed":false,"campfire_upgraded":7,"win_rate":0,"timestamp":1566253483,"path_taken":["M","M","?","M","?","R","M","R","T","M","R","E","M","M","R","BOSS","M","$","M","M","M","R","?","M","T","R","M","?","M","?","R","BOSS"],"build_version":"2019-07-17","purchased_purges":1,"victory":false,"max_hp_per_floor":[75,75,75,75,75,75,75,75,75,75,75,75,75,75,75,75,75,75,75,75,75,75,75,75,75,75,75,75,75,75,75,75,75],"card_choices":[{"not_picked":["Gash","Stack"],"picked":"Rip and Tear","floor":1.0},{"not_picked":["Storm","Skim"],"picked":"Stack","floor":2.0},{"not_picked":["Hello World","Gash"],"picked":"Go for the Eyes","floor":4.0},{"not_picked":["Chill","Storm"],"picked":"Self Repair","floor":7.0},{"not_picked":["Self Repair","Buffer"],"picked":"Hologram","floor":10.0},{"not_picked":["Go for the Eyes","Gash"],"picked":"Fusion","floor":12.0},{"not_picked":["Hologram","Skim"],"picked":"Reinforced Body","floor":13.0},{"not_picked":["Redo","Scrape"],"picked":"Coolheaded","floor":14.0},{"not_picked":["Hyperbeam","Echo Form"],"picked":"Biased Cognition","floor":16.0},{"not_picked":["Redo","Sweeping Beam+1"],"picked":"Compile Driver+1","floor":18.0},{"not_picked":["Skim","Lockon"],"picked":"Steam","floor":20.0},{"not_picked":["Turbo","Sunder+1"],"picked":"Beam Cell+1","floor":21.0},{"not_picked":["Rebound","Stack","Sweeping Beam"],"picked":"SKIP","floor":22.0},{"not_picked":["Steam","Genetic Algorithm+1","Go for the Eyes"],"picked":"SKIP","floor":25.0},{"not_picked":["Steam","Blizzard+1"],"picked":"Core Surge+1","floor":28},{"not_picked":["Barrage+1","Tempest"],"picked":"Undo","floor":30},{"not_picked":["Scrape+1","Tempest"],"picked":"Steam Power","floor":31}],"player_experience":337115,"relics_obtained":[{"floor":9.0,"key":"Shuriken"},{"floor":12.0,"key":"War Paint"},{"floor":26.0,"key":"Molten Egg 2"}],"event_choices":[{"damage_healed":0.0,"max_hp_gain":0.0,"max_hp_loss":0.0,"gold_gain":100.0,"event_name":"Golden Shrine","player_choice":"Pray","floor":3.0,"gold_loss":0.0,"damage_taken":0.0},{"damage_healed":0.0,"max_hp_gain":0.0,"max_hp_loss":0.0,"gold_gain":0.0,"event_name":"Shining Light","player_choice":"Entered Light","floor":5.0,"gold_loss":0.0,"damage_taken":15.0,"cards_upgraded":["Defend_B","Defend_B"]},{"damage_healed":0.0,"max_hp_gain":0.0,"max_hp_loss":0.0,"gold_gain":0.0,"event_name":"Addict","player_choice":"Obtained Relic","floor":24.0,"gold_loss":85.0,"damage_taken":0.0,"relics_obtained":["Bag of Marbles"]},{"damage_healed":0,"gold_gain":0,"player_choice":"Copied","damage_taken":0,"max_hp_gain":0,"max_hp_loss":0,"event_name":"Duplicator","floor":29,"gold_loss":0,"cards_obtained":["Self Repair"]}],"is_beta":false,"boss_relics":[{"not_picked":["Tiny House","Eternal Feather"],"picked":"Coffee Dripper"}],"items_purged_floors":[19],"is_endless":false,"potions_floor_spawned":[1,7,10,12,20,21,22,25],"killed_by":"Collector","ascension_level":9}