{"gold_per_floor":[359,373,392,410,100,100,100,135,181,181,216,216,230,76,76,179,179,199,298,0,12,24,24,24,54,54,74,74,91,91,104,104,204,204,216,234,15,15,35,35,53,69,69,86,119,119,48,48],"floor_reached":48,"playtime":3307,"items_purged":["Strike_B","Strike_B","Strike_B"],"score":618,"play_id":"ad68767e-e905-4f08-8fb3-83bf10fcc0bb","local_time":"20190103021929","is_ascension_mode":true,"campfire_choices":[{"data":"Zap","floor":6.0,"key":"SMITH"},{"data":"Madness","floor":10.0,"key":"SMITH"},{"data":"Defragment","floor":12.0,"key":"SMITH"},{"data":"Coolheaded","floor":15.0,"key":"SMITH"},{"data":"Fission","floor":23,"key":"SMITH"},{"data":"Streamline","floor":28,"key":"SMITH"},{"data":"Dark Shackles","floor":32,"key":"SMITH"},{"data":"Self Repair","floor":40,"key":"SMITH"},{"data":"Beam Cell","floor":46,"key":"SMITH"}],"neow_cost":"TEN_PERCENT_HP_LOSS","seed_source_timestamp":0,"circlet_count":0,"master_deck":["Defend_B","Defend_B","Defend_B","Zap+1","Dualcast","Defragment+1","Rebound","Cold Snap","Self Repair+1","Madness+1","Melter","Gash","Capacitor","Coolheaded+1","Fission+1","Hologram+1","Auto Shields","Streamline+1","Swift Strike","Gash+1","Beam Cell+1","Sweeping Beam","Dark Shackles+1","All For One","Redo+1","Gash","Coolheaded+1","Fission+1","Recycle+1","Genetic Algorithm+1","FTL+1","FTL","Hologram+1","Trip+1","Rebound","Gash","Steam+1","Steam+1","Leap+1","Coolheaded+1","Multi-Cast+1","Gash+1"],"special_seed":0,"relics":["Cracked Core","Lantern","Pear","Orichalcum","DataDisk","Coffee Dripper","Bird Faced Urn","Toxic Egg 2","Astrolabe","Dodecahedron","Bag of Marbles","Smiling Mask"],"potions_floor_usage":[33,33,33,45],"damage_taken":[{"damage":2.0,"enemies":"Small Slimes","floor":1.0,"turns":3.0},{"damage":1.0,"enemies":"Cultist","floor":2.0,"turns":4.0},{"damage":7.0,"enemies":"Jaw Worm","floor":3.0,"turns":3.0},{"damage":13.0,"enemies":"2 Fungi Beasts","floor":4.0,"turns":3.0},{"damage":6.0,"enemies":"3 Sentries","floor":8.0,"turns":7.0},{"damage":12.0,"enemies":"Lagavulin","floor":11.0,"turns":6.0},{"damage":1.0,"enemies":"Red Slaver","floor":13.0,"turns":3.0},{"damage":4.0,"enemies":"The Guardian","floor":16.0,"turns":11.0},{"damage":11.0,"enemies":"3 Byrds","floor":18.0,"turns":8.0},{"damage":28.0,"enemies":"Shell Parasite","floor":21.0,"turns":6.0},{"damage":0.0,"enemies":"Sentry and Sphere","floor":22.0,"turns":3.0},{"damage":20,"enemies":"Book of Stabbing","floor":25,"turns":5},{"damage":13,"enemies":"Snake Plant","floor":27,"turns":3},{"damage":6,"enemies":"Snecko","floor":29,"turns":4},{"damage":31,"enemies":"Colosseum Slavers","floor":30,"turns":4},{"damage":4,"enemies":"Cultist and Chosen","floor":31,"turns":3},{"damage":9,"enemies":"Champ","floor":33,"turns":12},{"damage":0,"enemies":"3 Shapes","floor":35,"turns":4},{"damage":49,"enemies":"3 Darklings","floor":36,"turns":6},{"damage":20,"enemies":"Spire Growth","floor":39,"turns":5},{"damage":5,"enemies":"Jaw Worm Horde","floor":41,"turns":4},{"damage":3,"enemies":"3 Darklings","floor":42,"turns":5},{"damage":18,"enemies":"Maw","floor":44,"turns":7},{"damage":23,"enemies":"Nemesis","floor":45,"turns":9},{"damage":55,"enemies":"Writhing Mass","floor":48,"turns":3}],"seed_played":"5867339431482656961","potions_obtained":[{"floor":3.0,"key":"Swift Potion"},{"floor":8.0,"key":"LiquidBronze"},{"floor":11.0,"key":"Ancient Potion"},{"floor":33,"key":"SpeedPotion"},{"floor":35,"key":"SteroidPotion"},{"floor":44,"key":"Weak Potion"},{"floor":45,"key":"Energy Potion"}],"is_trial":false,"path_per_floor":["M","M","M","M","$","R","?","E","T","R","E","R","M","$","R","B",null,"M","?","$","M","M","R","?","E","T","M","R","M","?","M","R","B",null,"M","M","$","?","M","R","M","M","T","M","E","R","?","M"],"character_chosen":"DEFECT","items_purchased":["Self Repair","Lantern","Coolheaded","Auto Shields","Streamline","Swift Strike","Trip+1","Rebound","Gash","Steam+1"],"campfire_rested":0,"item_purchase_floors":[5,5,14,20,20,20,37,37,37,37],"current_hp_per_floor":[66,65,58,45,45,45,45,56,56,56,51,51,50,50,50,46,78,74,74,74,53,53,53,53,40,40,29,29,34,14,12,12,25,78,78,42,42,42,26,26,35,46,46,44,37,37,37,0],"gold":48,"neow_bonus":"TWO_FIFTY_GOLD","is_prod":false,"is_daily":false,"chose_seed":false,"campfire_upgraded":9,"win_rate":0,"timestamp":1546503569,"path_taken":["M","M","M","M","$","R","?","E","T","R","E","R","M","$","R","BOSS","M","?","$","M","M","R","?","E","T","?","R","M","?","M","R","BOSS","M","M","$","?","M","R","M","M","T","M","E","R","?","M"],"build_version":"2018-12-20","purchased_purges":3,"victory":false,"max_hp_per_floor":[68,68,68,68,68,68,68,78,78,78,78,78,78,78,78,78,78,78,78,78,78,78,78,78,78,78,78,78,78,78,78,78,78,78,78,78,78,78,78,78,78,78,78,78,78,78,78,78],"card_choices":[{"not_picked":["Compile Driver","Reinforced Body"],"picked":"Defragment","floor":1.0},{"not_picked":["Consume","Beam Cell"],"picked":"Rebound","floor":2.0},{"not_picked":["Ball Lightning","Barrage"],"picked":"Cold Snap","floor":3.0},{"not_picked":["Go for the Eyes","FTL","Machine Learning"],"picked":"SKIP","floor":4.0},{"not_picked":["Double Energy","Rebound","Compile Driver"],"picked":"SKIP","floor":8.0},{"not_picked":["Thunder Strike","Rebound"],"picked":"Gash","floor":11.0},{"not_picked":["White Noise","Scrape"],"picked":"Capacitor","floor":13.0},{"not_picked":["Multi-Cast","Reboot"],"picked":"Fission","floor":16.0},{"not_picked":["Loop","Cold Snap"],"picked":"Hologram+1","floor":18.0},{"not_picked":["Redo","FTL+1"],"picked":"Gash+1","floor":21.0},{"not_picked":["Barrage+1","Steam"],"picked":"Beam Cell","floor":22.0},{"not_picked":["Rebound","Undo"],"picked":"All For One","floor":25},{"not_picked":["Melter","Aggregate+1"],"picked":"Redo+1","floor":27},{"not_picked":["Turbo+1","Rip and Tear+1"],"picked":"Gash","floor":29},{"not_picked":["Reinforced Body+1","Reprogram+1"],"picked":"Coolheaded+1","floor":31},{"not_picked":["Amplify+1","Meteor Strike"],"picked":"Fission+1","floor":33},{"not_picked":["Reprogram+1","Streamline"],"picked":"FTL","floor":35},{"not_picked":["Beam Cell+1","Gash"],"picked":"Hologram+1","floor":36},{"not_picked":["Heatsinks","Barrage+1"],"picked":"Steam+1","floor":39},{"not_picked":["Hello World","Gash"],"picked":"Leap+1","floor":41},{"not_picked":["Rebound","Sunder"],"picked":"Coolheaded+1","floor":42},{"not_picked":["Redo+1","Ball Lightning+1"],"picked":"Multi-Cast+1","floor":44},{"not_picked":["Turbo+1","Steam+1"],"picked":"Gash+1","floor":45}],"player_experience":95288,"relics_obtained":[{"floor":8.0,"key":"Pear"},{"floor":9.0,"key":"Orichalcum"},{"floor":11.0,"key":"DataDisk"},{"floor":25,"key":"Bird Faced Urn"},{"floor":26,"key":"Toxic Egg 2"},{"floor":43,"key":"Dodecahedron"},{"floor":45,"key":"Bag of Marbles"}],"event_choices":[{"damage_healed":0.0,"max_hp_gain":0.0,"max_hp_loss":0.0,"gold_gain":0.0,"event_name":"Match and Keep!","player_choice":"2 cards matched","floor":7.0,"gold_loss":0.0,"damage_taken":0.0,"cards_obtained":["Madness","Melter"]},{"damage_healed":0.0,"max_hp_gain":0.0,"max_hp_loss":0.0,"gold_gain":99.0,"event_name":"Nest","player_choice":"Stole From Cult","floor":19.0,"gold_loss":0.0,"damage_taken":0.0},{"damage_healed":0,"gold_gain":0,"player_choice":"3 cards matched","damage_taken":0,"max_hp_gain":0,"max_hp_loss":0,"event_name":"Match and Keep!","floor":24,"gold_loss":0,"cards_obtained":["Amplify","Sweeping Beam","Dark Shackles"]},{"damage_healed":0,"gold_gain":0,"player_choice":"Fight","damage_taken":0,"max_hp_gain":0,"max_hp_loss":0,"event_name":"Colosseum","floor":30,"gold_loss":0},{"damage_healed":0,"gold_gain":0,"player_choice":"Fled From Nobs","damage_taken":0,"max_hp_gain":0,"max_hp_loss":0,"event_name":"Colosseum","floor":30,"gold_loss":0},{"damage_healed":0,"gold_gain":0,"player_choice":"Ignored","damage_taken":0,"max_hp_gain":0,"max_hp_loss":0,"event_name":"Mysterious Sphere","floor":38,"gold_loss":0},{"damage_healed":0,"gold_gain":0,"player_choice":"Paid Gold","damage_taken":0,"relics_obtained":["Smiling Mask"],"max_hp_gain":0,"max_hp_loss":0,"event_name":"WeMeetAgain","floor":47,"gold_loss":71}],"is_beta":false,"boss_relics":[{"not_picked":["Empty Cage","Velvet Choker"],"picked":"Coffee Dripper"},{"not_picked":["Runic Dome","Cursed Key"],"picked":"Astrolabe"}],"items_purged_floors":[5,14,20],"is_endless":false,"potions_floor_spawned":[3,8,11,13,21,22,30,33,35,44,45],"killed_by":"Writhing Mass","ascension_level":2}