{"gold_per_floor":[11,11,32,32,50,86,111,111,196,55,55,79,123,136,136,136],"floor_reached":16,"playtime":544,"items_purged":[],"score":224,"play_id":"570b3932-f32a-453d-8faf-920546ac5f7d","local_time":"20190817124900","is_ascension_mode":true,"campfire_choices":[{"data":"Bash","floor":8,"key":"SMITH"},{"data":"Inflame","floor":15,"key":"SMITH"}],"neow_cost":"NO_GOLD","seed_source_timestamp":1198398570877100,"circlet_count":0,"master_deck":["AscendersBane","Strike_R","Strike_R","Strike_R","Strike_R","Strike_R","Defend_R","Defend_R","Defend_R","Defend_R","Bash+1","Thunderclap","Cleave+1","Rage","Immolate","Anger","Exhume","Inflame+1"],"relics":["Burning Blood","Charon\u0027s Ashes","Golden Idol","Gremlin Horn","Tiny Chest","Ancient Tea Set"],"potions_floor_usage":[13,16,16],"damage_taken":[{"damage":2,"enemies":"2 Louse","floor":1,"turns":4},{"damage":1,"enemies":"Cultist","floor":3,"turns":3},{"damage":5,"enemies":"Small Slimes","floor":5,"turns":4},{"damage":30,"enemies":"3 Sentries","floor":6,"turns":5},{"damage":18,"enemies":"Red Slaver","floor":7,"turns":5},{"damage":7,"enemies":"Blue Slaver","floor":12,"turns":2},{"damage":30,"enemies":"Lagavulin","floor":13,"turns":6},{"damage":0,"enemies":"2 Fungi Beasts","floor":14,"turns":1},{"damage":32,"enemies":"Hexaghost","floor":16,"turns":8}],"seed_played":"-1833091262940835183","potions_obtained":[{"floor":6,"key":"Energy Potion"},{"floor":12,"key":"BloodPotion"},{"floor":13,"key":"SpeedPotion"},{"floor":14,"key":"Fire Potion"}],"is_trial":false,"path_per_floor":["M","?","M","?","M","E","M","R","T","$","?","M","E","M","R","B"],"character_chosen":"IRONCLAD","items_purchased":["Immolate","FearPotion"],"campfire_rested":0,"item_purchase_floors":[10,10],"current_hp_per_floor":[72,68,68,68,68,44,32,32,32,32,32,31,7,13,13,0],"gold":136,"neow_bonus":"ONE_RARE_RELIC","is_prod":false,"is_daily":false,"chose_seed":false,"campfire_upgraded":2,"win_rate":0,"timestamp":1566071340,"path_taken":["M","?","M","?","?","E","M","R","T","?","?","?","E","M","R","BOSS"],"build_version":"2019-07-17","purchased_purges":0,"victory":false,"max_hp_per_floor":[75,68,68,68,68,68,68,68,68,68,68,68,68,68,68,68],"card_choices":[{"not_picked":["Shrug It Off","Perfected Strike"],"picked":"Thunderclap","floor":1},{"not_picked":["Entrench","Wild Strike"],"picked":"Cleave","floor":3},{"not_picked":["Armaments","Havoc","Wild Strike"],"picked":"SKIP","floor":5},{"not_picked":["Second Wind","Wild Strike","Body Slam"],"picked":"SKIP","floor":6},{"not_picked":["Body Slam","Havoc"],"picked":"Rage","floor":7},{"not_picked":["Dark Embrace","Evolve"],"picked":"Anger","floor":12},{"not_picked":["Flex","Clothesline"],"picked":"Exhume","floor":13},{"not_picked":["Body Slam","Anger"],"picked":"Inflame","floor":14}],"player_experience":797527,"relics_obtained":[{"floor":6,"key":"Gremlin Horn"},{"floor":9,"key":"Tiny Chest"},{"floor":13,"key":"Ancient Tea Set"}],"event_choices":[{"damage_healed":0,"gold_gain":0,"player_choice":"Lose Max HP","damage_taken":0,"relics_obtained":["Golden Idol"],"max_hp_gain":0,"max_hp_loss":7,"event_name":"Golden Idol","floor":2,"gold_loss":0},{"damage_healed":0,"gold_gain":0,"player_choice":"Upgraded","damage_taken":0,"max_hp_gain":0,"max_hp_loss":0,"event_name":"Upgrade Shrine","floor":4,"gold_loss":0,"cards_upgraded":["Cleave"]},{"damage_healed":0,"gold_gain":0,"player_choice":"0 cards matched","damage_taken":0,"max_hp_gain":0,"max_hp_loss":0,"event_name":"Match and Keep!","floor":11,"gold_loss":0,"cards_obtained":[]}],"is_beta":false,"boss_relics":[],"items_purged_floors":[],"is_endless":false,"potions_floor_spawned":[6,12,13,14],"killed_by":"Hexaghost","ascension_level":20}