{"gold_per_floor":[119,21,196,196,215,227,227,13,90,90,105,119,144,159,159,254,254,254,254,254,254,254,254,254,254,254,254,254,254,254,254,254,254],"floor_reached":33,"playtime":3162,"items_purged":["Defend_B","Doubt"],"score":259,"play_id":"1939e474-4f51-421f-98df-33d1172ba51e","local_time":"20190811124600","is_ascension_mode":true,"campfire_choices":[{"data":"BootSequence","floor":7,"key":"SMITH"},{"data":"Chill","floor":10,"key":"SMITH"},{"data":"Turbo","floor":15,"key":"SMITH"},{"data":"Redo","floor":23,"key":"SMITH"},{"data":"RitualDagger","floor":25,"key":"SMITH"},{"data":"Dramatic Entrance","floor":28,"key":"SMITH"},{"floor":30,"key":"REST"},{"data":"Barrage","floor":32,"key":"SMITH"}],"neow_cost":"CURSE","seed_source_timestamp":1014554388955151,"circlet_count":0,"master_deck":["Strike_B","Strike_B","Strike_B","Defend_B","Defend_B","Zap","Dualcast","Machine Learning","BootSequence+1","Chill+1","Sweeping Beam","Cold Snap","Sweeping Beam","Cold Snap","Redo+1","Beam Cell","Compile Driver","Turbo+1","Barrage+1","Go for the Eyes","Biased Cognition+1","Compile Driver","Writhe","RitualDagger+1","Blizzard","Dramatic Entrance+1","Coolheaded+1","Coolheaded+1","Force Field"],"relics":["Cracked Core","Centennial Puzzle","Frozen Egg 2","Bird Faced Urn","Ectoplasm","Bag of Marbles","Unceasing Top"],"potions_floor_usage":[],"damage_taken":[{"damage":1,"enemies":"Cultist","floor":1,"turns":4},{"damage":6,"enemies":"Jaw Worm","floor":5,"turns":4},{"damage":0,"enemies":"Small Slimes","floor":6,"turns":3},{"damage":0,"enemies":"3 Louse","floor":11,"turns":3},{"damage":0,"enemies":"Large Slime","floor":12,"turns":5},{"damage":5,"enemies":"3 Sentries","floor":13,"turns":7},{"damage":4,"enemies":"Lots of Slimes","floor":14,"turns":3},{"damage":28,"enemies":"Slime Boss","floor":16,"turns":5},{"damage":5,"enemies":"Shell Parasite","floor":18,"turns":4},{"damage":0,"enemies":"3 Byrds","floor":22,"turns":6},{"damage":0,"enemies":"3 Cultists","floor":27,"turns":5},{"damage":11,"enemies":"Snake Plant","floor":29,"turns":4},{"damage":10,"enemies":"Sentry and Sphere","floor":31,"turns":4},{"damage":71,"enemies":"Champ","floor":33,"turns":11}],"seed_played":"-2745847206229757298","potions_obtained":[{"floor":1,"key":"SteroidPotion"},{"floor":12,"key":"Energy Potion"},{"floor":13,"key":"Weak Potion"}],"is_trial":false,"path_per_floor":["M","$","?","T","M","M","R","$","T","R","M","M","E","M","R","B",null,"M","?","?","?","M","R","?","R","T","M","R","M","R","M","R","B"],"character_chosen":"DEFECT","items_purchased":["Sweeping Beam","Cold Snap","Redo","Beam Cell"],"campfire_rested":1,"item_purchase_floors":[2,8,8,8],"current_hp_per_floor":[74,74,74,74,68,68,68,68,68,68,68,68,63,61,61,35,75,70,70,70,64,68,68,54,54,54,58,58,49,71,65,65,0],"gold":254,"neow_bonus":"TRANSFORM_TWO_CARDS","is_prod":false,"is_daily":false,"chose_seed":false,"campfire_upgraded":7,"win_rate":0,"timestamp":1565545560,"path_taken":["M","?","?","?","M","M","R","$","T","R","M","M","E","?","R","BOSS","M","?","?","?","M","R","?","R","T","M","R","?","R","M","R","BOSS"],"build_version":"2019-07-17","purchased_purges":2,"victory":false,"max_hp_per_floor":[75,75,75,75,75,75,75,75,75,75,75,75,75,75,75,75,75,75,75,75,75,75,75,75,75,75,75,75,75,75,75,75,75],"card_choices":[{"not_picked":["Gash","Compile Driver"],"picked":"Chill","floor":1},{"not_picked":["BootSequence","Darkness"],"picked":"Cold Snap","floor":5},{"not_picked":["Streamline","Recycle"],"picked":"Sweeping Beam","floor":6},{"not_picked":["BootSequence","Conserve Battery"],"picked":"Compile Driver","floor":11},{"not_picked":["Reprogram","Melter"],"picked":"Turbo","floor":12},{"not_picked":["Multi-Cast","Rip and Tear"],"picked":"Barrage","floor":13},{"not_picked":["Beam Cell","Redo"],"picked":"Go for the Eyes","floor":14},{"not_picked":["Creative AI+1","Seek"],"picked":"Biased Cognition+1","floor":16},{"not_picked":["Rebound","Lockon"],"picked":"Compile Driver","floor":18},{"not_picked":["Ball Lightning","Streamline"],"picked":"Blizzard","floor":22},{"not_picked":["Fusion+1","Gash+1"],"picked":"Coolheaded+1","floor":27},{"not_picked":["Conserve Battery","Reinforced Body"],"picked":"Coolheaded+1","floor":29},{"not_picked":["Beam Cell","Consume"],"picked":"Force Field","floor":31}],"player_experience":121521,"relics_obtained":[{"floor":4,"key":"Centennial Puzzle"},{"floor":9,"key":"Frozen Egg 2"},{"floor":13,"key":"Bird Faced Urn"},{"floor":26,"key":"Unceasing Top"}],"event_choices":[{"damage_healed":0,"gold_gain":175,"player_choice":"AGREE","damage_taken":0,"max_hp_gain":0,"max_hp_loss":0,"event_name":"Liars Game","floor":3,"gold_loss":0,"cards_obtained":["Doubt"]},{"damage_healed":0,"gold_gain":0,"player_choice":"Opened","damage_taken":0,"relics_obtained":["Bag of Marbles"],"max_hp_gain":0,"max_hp_loss":0,"event_name":"The Mausoleum","floor":19,"gold_loss":0,"cards_obtained":["Writhe"]},{"cards_removed":["Doubt"],"damage_healed":0,"gold_gain":0,"player_choice":"Elegance","damage_taken":0,"max_hp_gain":0,"max_hp_loss":0,"event_name":"Back to Basics","floor":20,"gold_loss":0},{"damage_healed":0,"gold_gain":0,"player_choice":"Joined the Cult","damage_taken":6,"max_hp_gain":0,"max_hp_loss":0,"event_name":"Nest","floor":21,"gold_loss":0,"cards_obtained":["RitualDagger"]},{"damage_healed":0,"gold_gain":0,"player_choice":"CARD ","damage_taken":14,"max_hp_gain":0,"max_hp_loss":0,"event_name":"Knowing Skull","floor":24,"potions_obtained":[],"gold_loss":0,"cards_obtained":["Dramatic Entrance"]}],"is_beta":false,"boss_relics":[{"not_picked":["Astrolabe","Lizard Tail"],"picked":"Ectoplasm"}],"items_purged_floors":[2,8],"is_endless":false,"potions_floor_spawned":[1,12,13,14,22,27],"killed_by":"Champ","ascension_level":1}