{"gold_per_floor":[369,382,210,285,299,299,325,325,348,348,382,406,417,0,0,103,103,120,45,65,77,92,120,120,120,120,132,132,145,159,171,171,269,269,285,300,200,160,17,17,32,32,59,59,70,89,114,134,134,134],"floor_reached":51,"playtime":2843,"items_purged":["Power Through","Strike_R"],"score":745,"play_id":"5463b4ab-fe87-43ef-9ee6-30c048a908fe","local_time":"20181210190705","is_ascension_mode":true,"campfire_choices":[{"data":"Clothesline","floor":6,"key":"SMITH"},{"data":"Armaments","floor":8,"key":"SMITH"},{"data":"Bash","floor":10,"key":"SMITH"},{"floor":15,"key":"REST"},{"data":"Limit Break","floor":24,"key":"SMITH"},{"data":"Limit Break","floor":32,"key":"SMITH"},{"data":"Spot Weakness","floor":40,"key":"SMITH"},{"data":"Defend_R","floor":42,"key":"SMITH"},{"data":"Iron Wave","floor":49,"key":"SMITH"}],"neow_cost":"TEN_PERCENT_HP_LOSS","seed_source_timestamp":375275681485700,"circlet_count":0,"master_deck":["Strike_R","Strike_R","Strike_R","Strike_R","Defend_R+1","Defend_R","Defend_R","Defend_R","Bash+1","Iron Wave+1","Clothesline+1","Armaments+1","Limit Break+1","Limit Break+1","Cleave","Inflame+1","Reaper","Twin Strike","Cleave","Twin Strike+1","Limit Break+1","Pommel Strike+1","Heavy Blade+1","Reaper","Spot Weakness+1","Thunderclap","Dual Wield+1","Warcry+1","Inflame","Parasite"],"relics":["Burning Blood","Anchor","Bag of Preparation","Red Skull","Incense Burner","Bag of Marbles","Lantern","Velvet Choker","Kunai","Strawberry","Sozu","Vajra","Pen Nib"],"potions_floor_usage":[33,50],"damage_taken":[{"damage":3,"enemies":"Jaw Worm","floor":1,"turns":4},{"damage":2,"enemies":"2 Louse","floor":2,"turns":3},{"damage":1,"enemies":"Cultist","floor":5,"turns":3},{"damage":20,"enemies":"Gremlin Nob","floor":7,"turns":5},{"damage":21,"enemies":"3 Sentries","floor":11,"turns":11},{"damage":5,"enemies":"Gremlin Gang","floor":13,"turns":4},{"damage":32,"enemies":"The Guardian","floor":16,"turns":6},{"damage":18,"enemies":"Spheric Guardian","floor":18,"turns":4},{"damage":14,"enemies":"Shell Parasite","floor":20,"turns":4},{"damage":4,"enemies":"3 Cultists","floor":21,"turns":4},{"damage":0,"enemies":"Centurion and Healer","floor":22,"turns":4},{"damage":19,"enemies":"Slavers","floor":23,"turns":7},{"damage":0,"enemies":"Snake Plant","floor":27,"turns":4},{"damage":3,"enemies":"Cultist and Chosen","floor":29,"turns":4},{"damage":0,"enemies":"Chosen and Byrds","floor":30,"turns":3},{"damage":0,"enemies":"Shelled Parasite and Fungi","floor":31,"turns":3},{"damage":109,"enemies":"Collector","floor":33,"turns":8},{"damage":38,"enemies":"3 Darklings","floor":35,"turns":5},{"damage":11,"enemies":"3 Shapes","floor":36,"turns":2},{"damage":3,"enemies":"Sphere and 2 Shapes","floor":41,"turns":3},{"damage":6,"enemies":"4 Shapes","floor":45,"turns":2},{"damage":5,"enemies":"Transient","floor":46,"turns":5},{"damage":32,"enemies":"Reptomancer","floor":47,"turns":4},{"damage":18,"enemies":"Writhing Mass","floor":48,"turns":4},{"damage":102,"enemies":"Awakened One","floor":50,"turns":9}],"seed_played":"-1403694144509017819","potions_obtained":[{"floor":5,"key":"LiquidBronze"},{"floor":7,"key":"Ancient Potion"},{"floor":11,"key":"Explosive Potion"},{"floor":23,"key":"Strength Potion"},{"floor":33,"key":"Fire Potion"}],"is_trial":false,"path_per_floor":["M","M","$","?","M","R","E","R","T","R","E","T","M","$","R","B",null,"M","$","M","M","M","E","R","?","T","M","?","M","M","M","R","B",null,"M","M","$","?","$","R","M","R","T","$","M","M","E","M","R","B",null],"character_chosen":"IRONCLAD","items_purchased":["Clothesline","Anchor","Limit Break","Cleave","Lantern","Inflame","Vajra"],"campfire_rested":1,"item_purchase_floors":[3,3,14,14,14,14,39],"current_hp_per_floor":[72,72,72,61,66,66,52,52,52,52,37,37,38,38,59,33,72,60,60,52,66,72,69,69,69,76,79,79,79,79,79,79,7,79,62,74,74,74,74,74,79,79,79,79,79,79,79,74,74,23],"gold":134,"neow_bonus":"TWO_FIFTY_GOLD","is_prod":false,"is_daily":false,"chose_seed":false,"campfire_upgraded":8,"win_rate":1,"timestamp":1544497625,"path_taken":["M","M","$","?","M","R","E","R","T","R","E","?","M","$","R","BOSS","M","$","M","M","M","E","R","?","T","M","?","?","M","M","R","BOSS","M","?","?","?","$","R","M","R","T","$","M","M","E","M","R","BOSS"],"build_version":"2018-12-06","purchased_purges":2,"victory":true,"max_hp_per_floor":[72,72,72,72,72,72,72,72,72,72,72,72,72,72,72,72,72,72,72,72,72,72,72,72,72,79,79,79,79,79,79,79,79,79,79,79,79,79,79,79,79,79,79,79,79,79,79,79,79,79],"card_choices":[{"not_picked":["Second Wind","Pommel Strike"],"picked":"Iron Wave","floor":1},{"not_picked":["Blood for Blood","Twin Strike","Warcry"],"picked":"SKIP","floor":2},{"not_picked":["Second Wind","Rupture"],"picked":"Armaments","floor":5},{"not_picked":["True Grit","Perfected Strike"],"picked":"Power Through","floor":7},{"not_picked":["Blood for Blood","Shrug It Off"],"picked":"Limit Break","floor":11},{"not_picked":["Armaments","Clash","Clothesline"],"picked":"SKIP","floor":13},{"not_picked":["Fiend Fire","Barricade"],"picked":"Reaper","floor":16},{"not_picked":["Iron Wave","Perfected Strike+1","Warcry+1"],"picked":"SKIP","floor":18},{"not_picked":["Entrench","Sword Boomerang","Flame Barrier+1"],"picked":"SKIP","floor":20},{"not_picked":["Warcry","Flex"],"picked":"Twin Strike","floor":21},{"not_picked":["Iron Wave","Body Slam","Fire Breathing"],"picked":"SKIP","floor":22},{"not_picked":["Bloodletting","Burning Pact+1"],"picked":"Cleave","floor":23},{"not_picked":["Iron Wave","Juggernaut"],"picked":"Twin Strike+1","floor":27},{"not_picked":["Bloodletting","Anger"],"picked":"Pommel Strike+1","floor":29},{"not_picked":["Rampage","Perfected Strike","Sword Boomerang"],"picked":"SKIP","floor":30},{"not_picked":["Carnage","Clothesline+1"],"picked":"Heavy Blade+1","floor":31},{"not_picked":["Barricade","Dark Embrace"],"picked":"Reaper","floor":33},{"not_picked":["Body Slam","Burning Pact","Armaments"],"picked":"SKIP","floor":35},{"not_picked":["Pommel Strike","Clothesline"],"picked":"Spot Weakness","floor":36},{"not_picked":["Thunderclap","Heavy Blade","Clothesline"],"picked":"SKIP","floor":41},{"not_picked":["Heavy Blade","Clothesline"],"picked":"Thunderclap","floor":41},{"not_picked":["Blood for Blood","Fire Breathing+1"],"picked":"Dual Wield+1","floor":45},{"not_picked":["Disarm+1","Blood for Blood"],"picked":"Warcry+1","floor":46},{"not_picked":["Spot Weakness","Flame Barrier+1"],"picked":"Inflame","floor":47},{"not_picked":["Spot Weakness+1","Demon Form","Body Slam+1"],"picked":"SKIP","floor":48}],"player_experience":12833,"relics_obtained":[{"floor":7,"key":"Bag of Preparation"},{"floor":9,"key":"Red Skull"},{"floor":11,"key":"Incense Burner"},{"floor":12,"key":"Bag of Marbles"},{"floor":23,"key":"Kunai"},{"floor":26,"key":"Strawberry"},{"floor":47,"key":"Pen Nib"}],"event_choices":[{"damage_healed":0,"gold_gain":75,"player_choice":"Gather Gold","damage_taken":11,"max_hp_gain":0,"max_hp_loss":0,"event_name":"World of Goop","floor":4,"gold_loss":0},{"damage_healed":0,"gold_gain":0,"player_choice":"Ignored","damage_taken":0,"max_hp_gain":0,"max_hp_loss":0,"event_name":"Vampires","floor":25,"gold_loss":0},{"damage_healed":0,"gold_gain":0,"player_choice":"Copied","damage_taken":0,"max_hp_gain":0,"max_hp_loss":0,"event_name":"Duplicator","floor":28,"gold_loss":0,"cards_obtained":["Limit Break"]},{"damage_healed":0,"gold_gain":0,"player_choice":"Upgrade","damage_taken":0,"max_hp_gain":0,"max_hp_loss":0,"event_name":"Designer","floor":38,"gold_loss":40,"cards_upgraded":["Inflame"]}],"is_beta":false,"boss_relics":[{"not_picked":["Calling Bell","Mark of Pain"],"picked":"Velvet Choker"},{"not_picked":["Lizard Tail","Snecko Eye"],"picked":"Sozu"}],"items_purged_floors":[19,37],"is_endless":false,"potions_floor_spawned":[5,7,11,20,21,23,30,33,35,45,47,48],"ascension_level":1}