{"gold_per_floor":[369,444,444,455,28,59,59,130,177,177,503,517,543,518,518,620,620,640,640,266,284,22,53,53,83,83,98,98,13,28,42,42,142,192,205,216,0,0,0,0,17,17,69,88,105,131,131,4,4,4],"floor_reached":51,"playtime":2669,"items_purged":["Strike_R+1","Parasite"],"score":1010,"play_id":"755c6244-2e3c-46a2-a225-b09d18dd5e68","local_time":"20181214023939","is_ascension_mode":true,"campfire_choices":[{"floor":7.0,"key":"REST"},{"floor":10.0,"key":"REST"},{"floor":15.0,"key":"REST"},{"floor":24.0,"key":"REST"},{"floor":28,"key":"REST"},{"floor":32,"key":"REST"},{"data":"1","floor":40,"key":"LIFT"},{"data":"2","floor":42,"key":"LIFT"},{"data":"3","floor":47,"key":"LIFT"},{"data":"Limit Break","floor":49,"key":"SMITH"}],"neow_cost":"CURSE","seed_source_timestamp":42897479950200,"circlet_count":0,"master_deck":["Strike_R+1","Strike_R+1","Strike_R+1","Strike_R+1","Defend_R+1","Defend_R+1","Defend_R+1","Defend_R+1","Bash","Clothesline","Reaper","Armaments+1","Uppercut+1","Spot Weakness","Battle Trance","Perfected Strike","Limit Break+1","Shrug It Off","Clash","Inflame","Bloodletting+1","Whirlwind","Limit Break","Flex+1","Shrug It Off+1","Rage+1","Clash","Shrug It Off"],"special_seed":0,"relics":["Burning Blood","Girya","Ginger","Potion Belt","Old Coin","Odd Mushroom","Eternal Feather","PreservedInsect","Ancient Tea Set","Letter Opener","Smiling Mask","Blood Vial","Gremlin Horn","Tiny House","Red Mask","Pen Nib","Anchor"],"potions_floor_usage":[30,33,41,41],"damage_taken":[{"damage":3.0,"enemies":"2 Louse","floor":1.0,"turns":5.0},{"damage":18.0,"enemies":"Small Slimes","floor":4.0,"turns":6.0},{"damage":40.0,"enemies":"3 Sentries","floor":6.0,"turns":11.0},{"damage":25.0,"enemies":"Gremlin Nob","floor":11.0,"turns":5.0},{"damage":2.0,"enemies":"Jaw Worm","floor":12.0,"turns":5.0},{"damage":47.0,"enemies":"The Mushroom Lair","floor":13.0,"turns":7.0},{"damage":32.0,"enemies":"Exordium Thugs","floor":14.0,"turns":5.0},{"damage":57.0,"enemies":"Hexaghost","floor":16.0,"turns":13.0},{"damage":31.0,"enemies":"Chosen","floor":18.0,"turns":7.0},{"damage":18.0,"enemies":"Spheric Guardian","floor":21.0,"turns":4.0},{"damage":11.0,"enemies":"Book of Stabbing","floor":23.0,"turns":5.0},{"damage":40.0,"enemies":"Slavers","floor":25.0,"turns":7.0},{"damage":38,"enemies":"Centurion and Healer","floor":27,"turns":9},{"damage":11,"enemies":"Cultist and Chosen","floor":30,"turns":4},{"damage":57,"enemies":"Shelled Parasite and Fungi","floor":31,"turns":6},{"damage":78,"enemies":"Champ","floor":33,"turns":14},{"damage":17,"enemies":"Orb Walker","floor":35,"turns":4},{"damage":44,"enemies":"3 Shapes","floor":36,"turns":9},{"damage":46,"enemies":"Maw","floor":41,"turns":7},{"damage":15,"enemies":"Writhing Mass","floor":44,"turns":4},{"damage":26,"enemies":"Spire Growth","floor":45,"turns":4},{"damage":139,"enemies":"Time Eater","floor":50,"turns":11}],"seed_played":"-8965575702641798968","potions_obtained":[{"floor":1.0,"key":"Explosive Potion"},{"floor":11.0,"key":"SkillPotion"},{"floor":12.0,"key":"FairyPotion"},{"floor":16.0,"key":"EssenceOfSteel"},{"floor":18.0,"key":"AttackPotion"},{"floor":21.0,"key":"SkillPotion"},{"floor":25.0,"key":"EssenceOfSteel"},{"floor":31,"key":"EssenceOfSteel"},{"floor":34,"key":"FairyPotion"},{"floor":35,"key":"AttackPotion"},{"floor":36,"key":"Regen Potion"},{"floor":45,"key":"Fire Potion"}],"is_trial":false,"path_per_floor":["M","?","?","M","$","E","R","?","T","R","E","M","?","M","R","B",null,"M","?","$","M","$","E","R","E","T","M","R","?","M","M","R","B",null,"M","M","?","?","?","R","M","R","T","M","M","T","R","$","R","B",null],"character_chosen":"IRONCLAD","items_purchased":["Girya","Reaper","Armaments","PreservedInsect","AttackPotion","PowerPotion","Shrug It Off","PowerPotion","Ancient Tea Set","Inflame","Clash","Shrug It Off"],"campfire_rested":6,"item_purchase_floors":[5,5,5,20,20,20,20,22,22,22,48,48],"current_hp_per_floor":[75,64,64,52,52,23,47,47,47,71,58,62,28,9,33,11,63,42,42,42,30,30,25,61,45,45,33,69,69,80,29,65,25,71,62,40,40,40,40,52,42,54,54,74,56,56,71,71,82,21],"gold":4,"neow_bonus":"TWO_FIFTY_GOLD","is_prod":false,"is_daily":false,"chose_seed":false,"campfire_upgraded":1,"win_rate":0,"timestamp":1544783979,"path_taken":["M","?","?","M","$","E","R","?","T","R","E","M","?","?","R","BOSS","M","?","$","M","$","E","R","E","T","M","R","?","M","M","R","BOSS","M","M","?","?","?","R","M","R","T","M","?","?","R","?","R","BOSS"],"build_version":"2018-12-13","purchased_purges":2,"victory":true,"max_hp_per_floor":[80,80,80,80,80,80,80,80,80,80,80,80,80,80,80,80,80,80,80,80,80,80,80,80,80,80,80,80,80,80,80,80,80,85,85,85,85,85,85,85,85,85,85,85,85,85,85,82,82,82],"card_choices":[{"not_picked":["Havoc","Warcry","Heavy Blade"],"picked":"SKIP","floor":1.0},{"not_picked":["Infernal Blade","Havoc"],"picked":"Clothesline","floor":4.0},{"not_picked":["Sword Boomerang","Inflame"],"picked":"Uppercut","floor":6.0},{"not_picked":["Rage","Inflame"],"picked":"Spot Weakness","floor":11.0},{"not_picked":["Double Tap","Cleave"],"picked":"Battle Trance","floor":12.0},{"not_picked":["Ghostly Armor","Infernal Blade"],"picked":"Perfected Strike","floor":14.0},{"not_picked":["Reaper","Bludgeon"],"picked":"Limit Break","floor":16.0},{"not_picked":["Armaments","Pommel Strike+1","Inflame"],"picked":"SKIP","floor":18.0},{"not_picked":["Metallicize","Hemokinesis+1"],"picked":"Clash","floor":21.0},{"not_picked":["Cleave","Dual Wield","Bloodletting"],"picked":"SKIP","floor":23.0},{"not_picked":["Armaments","Twin Strike"],"picked":"Bloodletting+1","floor":25.0},{"not_picked":["Intimidate","Iron Wave+1"],"picked":"Whirlwind","floor":27},{"not_picked":["Flame Barrier","Carnage","Ghostly Armor"],"picked":"SKIP","floor":30},{"not_picked":["True Grit","Body Slam","Cleave"],"picked":"SKIP","floor":31},{"not_picked":["Double Tap","Berserk"],"picked":"Limit Break","floor":33},{"not_picked":["Inflame","Hemokinesis"],"picked":"Flex+1","floor":34},{"not_picked":["Heavy Blade+1","Armaments","Carnage+1"],"picked":"SKIP","floor":35},{"not_picked":["Reckless Charge+1","Heavy Blade","Combust+1"],"picked":"SKIP","floor":36},{"not_picked":["Disarm","Uppercut+1","Heavy Blade+1"],"picked":"SKIP","floor":41},{"not_picked":["Hemokinesis","Havoc+1"],"picked":"Shrug It Off+1","floor":44},{"not_picked":["Thunderclap+1","Carnage+1"],"picked":"Rage+1","floor":45}],"player_experience":95637,"relics_obtained":[{"floor":6.0,"key":"Ginger"},{"floor":9.0,"key":"Potion Belt"},{"floor":11.0,"key":"Old Coin"},{"floor":13.0,"key":"Odd Mushroom"},{"floor":23.0,"key":"Letter Opener"},{"floor":25.0,"key":"Smiling Mask"},{"floor":26.0,"key":"Blood Vial"},{"floor":43,"key":"Pen Nib"},{"floor":46,"key":"Anchor"}],"event_choices":[{"damage_healed":0.0,"max_hp_gain":0.0,"max_hp_loss":0.0,"gold_gain":75.0,"event_name":"World of Goop","player_choice":"Gather Gold","floor":2.0,"gold_loss":0.0,"damage_taken":11.0},{"cards_removed":["Normality"],"damage_healed":0.0,"max_hp_gain":0.0,"max_hp_loss":0.0,"gold_gain":0.0,"event_name":"Living Wall","player_choice":"Forget","floor":3.0,"gold_loss":0.0,"damage_taken":0.0},{"damage_healed":0.0,"max_hp_gain":0.0,"max_hp_loss":0.0,"gold_gain":71.0,"event_name":"Golden Wing","player_choice":"Gained Gold","floor":8.0,"gold_loss":0.0,"damage_taken":0.0},{"damage_healed":0.0,"max_hp_gain":0.0,"max_hp_loss":0.0,"gold_gain":0.0,"event_name":"Mushrooms","player_choice":"Fought Mushrooms","floor":13.0,"gold_loss":0.0,"damage_taken":0.0},{"damage_healed":0.0,"max_hp_gain":0.0,"max_hp_loss":0.0,"gold_gain":0.0,"event_name":"Back to Basics","player_choice":"Simplicity","floor":19.0,"gold_loss":0.0,"damage_taken":0.0,"cards_upgraded":["Strike_R","Strike_R","Strike_R","Strike_R","Strike_R","Defend_R","Defend_R","Defend_R","Defend_R"]},{"damage_healed":0,"gold_gain":0,"player_choice":"Obtained Relic","damage_taken":0,"relics_obtained":["Gremlin Horn"],"max_hp_gain":0,"max_hp_loss":0,"event_name":"Addict","floor":29,"gold_loss":85},{"damage_healed":0,"gold_gain":0,"player_choice":"Paid","damage_taken":0,"relics_obtained":["Red Mask"],"max_hp_gain":0,"max_hp_loss":0,"event_name":"Tomb of Lord Red Mask","floor":37,"gold_loss":216},{"damage_healed":0,"gold_gain":0,"player_choice":"Ignored","damage_taken":0,"max_hp_gain":0,"max_hp_loss":0,"event_name":"Mysterious Sphere","floor":38,"gold_loss":0},{"damage_healed":0,"gold_gain":0,"player_choice":"Forge","damage_taken":0,"max_hp_gain":0,"max_hp_loss":0,"event_name":"Accursed Blacksmith","floor":39,"gold_loss":0,"cards_upgraded":["Armaments"]}],"is_beta":false,"boss_relics":[{"not_picked":["White Beast Statue","Runic Pyramid"],"picked":"Eternal Feather"},{"not_picked":["Snecko Eye","Pandora\u0027s Box"],"picked":"Tiny House"}],"items_purged_floors":[20,48],"is_endless":false,"potions_floor_spawned":[1,11,12,16,18,21,25,31,35,36,45],"ascension_level":8}