{"gold_per_floor":[218,218,53,68,68,101,101,114,114,130,130,147,162,162,162,236,236,253,265,265,265],"floor_reached":21,"playtime":560,"items_purged":[],"score":326,"play_id":"04dd3742-7b93-4264-b65c-a0a7bd940307","local_time":"20181221013631","is_ascension_mode":true,"campfire_choices":[{"floor":7.0,"key":"REST"},{"data":"Searing Blow+1","floor":11.0,"key":"SMITH"},{"data":"Searing Blow+2","floor":15.0,"key":"SMITH"}],"neow_cost":"NONE","seed_source_timestamp":496942715387700,"circlet_count":0,"master_deck":["AscendersBane","Strike_R","Strike_R","Strike_R","Strike_R","Strike_R","Defend_R","Defend_R","Defend_R","Defend_R","Bash+1","Clothesline","Twin Strike","Iron Wave+1","Searing Blow+3","Cleave+1","Flex+1","Impervious+1","Armaments+1","Seeing Red+1"],"special_seed":0,"relics":["Burning Blood","Happy Flower","Molten Egg 2","Toxic Egg 2","Black Star"],"potions_floor_usage":[],"damage_taken":[{"damage":0.0,"enemies":"Small Slimes","floor":1.0,"turns":3.0},{"damage":7.0,"enemies":"Jaw Worm","floor":4.0,"turns":4.0},{"damage":51.0,"enemies":"Lagavulin","floor":6.0,"turns":7.0},{"damage":0.0,"enemies":"2 Louse","floor":8.0,"turns":3.0},{"damage":11.0,"enemies":"Blue Slaver","floor":10.0,"turns":4.0},{"damage":9.0,"enemies":"Looter","floor":12.0,"turns":3.0},{"damage":1.0,"enemies":"3 Louse","floor":13.0,"turns":2.0},{"damage":48,"enemies":"The Guardian","floor":16,"turns":12},{"damage":29,"enemies":"3 Byrds","floor":18,"turns":6},{"damage":29,"enemies":"2 Thieves","floor":19,"turns":4},{"damage":26,"enemies":"Chosen and Byrds","floor":21,"turns":4}],"seed_played":"7325751186489324789","potions_obtained":[{"floor":6.0,"key":"LiquidBronze"},{"floor":8.0,"key":"FearPotion"},{"floor":10.0,"key":"Fire Potion"}],"is_trial":false,"path_per_floor":["M","?","$","M","?","E","R","M","T","M","R","M","M","?","R","B",null,"M","M","?","M"],"character_chosen":"IRONCLAD","items_purchased":["Happy Flower"],"campfire_rested":1,"item_purchase_floors":[3],"current_hp_per_floor":[74,74,74,73,73,28,50,56,56,51,51,48,53,58,58,16,64,41,18,18,0],"gold":265,"neow_bonus":"HUNDRED_GOLD","is_prod":false,"is_daily":false,"chose_seed":false,"campfire_upgraded":2,"win_rate":0,"timestamp":1545384991,"path_taken":["M","?","$","M","?","E","R","M","T","M","R","M","M","?","R","BOSS","M","M","?","M"],"build_version":"2018-12-20","purchased_purges":0,"victory":false,"max_hp_per_floor":[75,75,75,75,75,75,75,75,75,75,75,75,75,80,80,80,80,80,80,80,80],"card_choices":[{"not_picked":["Havoc","Reckless Charge"],"picked":"Clothesline","floor":1.0},{"not_picked":["Perfected Strike","Shockwave"],"picked":"Twin Strike","floor":4.0},{"not_picked":["Shrug It Off","Feel No Pain"],"picked":"Iron Wave","floor":6.0},{"not_picked":["Wild Strike+1","Ghostly Armor"],"picked":"Searing Blow+1","floor":8.0},{"not_picked":["True Grit+1","Heavy Blade+1"],"picked":"Cleave+1","floor":10.0},{"not_picked":["Feed+1","Anger+1"],"picked":"Flex+1","floor":12.0},{"not_picked":["Pommel Strike+1","Power Through+1","Burning Pact+1"],"picked":"SKIP","floor":13.0},{"not_picked":["Berserk","Exhume+1"],"picked":"Impervious+1","floor":16},{"not_picked":["Pommel Strike+1","Metallicize"],"picked":"Armaments+1","floor":18},{"not_picked":["Pommel Strike+1","Perfected Strike+1"],"picked":"Seeing Red+1","floor":19}],"player_experience":163531,"relics_obtained":[{"floor":6.0,"key":"Molten Egg 2"},{"floor":9.0,"key":"Toxic Egg 2"}],"event_choices":[{"damage_healed":0.0,"max_hp_gain":0.0,"max_hp_loss":0.0,"gold_gain":0.0,"event_name":"Living Wall","player_choice":"Grow","floor":2.0,"gold_loss":0.0,"damage_taken":0.0,"cards_upgraded":["Bash"]},{"damage_healed":0.0,"max_hp_gain":0.0,"max_hp_loss":0.0,"gold_gain":0.0,"event_name":"The Cleric","player_choice":"Leave","floor":5.0,"gold_loss":0.0,"damage_taken":0.0},{"damage_healed":0.0,"max_hp_gain":5.0,"max_hp_loss":0.0,"gold_gain":0.0,"event_name":"Big Fish","player_choice":"Donut","floor":14.0,"gold_loss":0.0,"damage_taken":0.0},{"damage_healed":0,"gold_gain":0,"player_choice":"Ignored","damage_taken":0,"max_hp_gain":0,"max_hp_loss":0,"event_name":"Ghosts","floor":20,"gold_loss":0}],"is_beta":false,"boss_relics":[{"not_picked":["White Beast Statue","Mark of Pain"],"picked":"Black Star"}],"items_purged_floors":[],"is_endless":false,"potions_floor_spawned":[6,8,10,12,19],"killed_by":"Chosen and Byrds","ascension_level":16}