{"gold_per_floor":[119,119,19,29,46,76,76,111,111,138,4,19,32,32,32,137,137,156,156,169,14,14,44,44,44,44,69,119,119,132,149,149,250,250,263,263,279,154,174,174,24,39,39,56,156,156,176,1,1,1],"floor_reached":51,"playtime":2348,"items_purged":["Defend_R","Strike_R","Havoc+1","Anger","Bash"],"score":1033,"play_id":"25a387e5-0e07-4991-b041-d0d7d662209c","local_time":"20181214161322","is_ascension_mode":true,"campfire_choices":[{"data":"Anger","floor":7.0,"key":"SMITH"},{"floor":15.0,"key":"REST"},{"data":"Fiend Fire","floor":24.0,"key":"SMITH"},{"floor":29.0,"key":"REST"},{"data":"Offering","floor":32.0,"key":"SMITH"},{"data":"Seeing Red","floor":40.0,"key":"SMITH"},{"floor":49,"key":"REST"}],"neow_cost":"NONE","seed_source_timestamp":92203787722600,"circlet_count":0,"master_deck":["AscendersBane","Defend_R+1","Defend_R+1","Defend_R+1","Anger+1","Shrug It Off+1","Whirlwind+1","Uppercut+1","Shockwave","Battle Trance","Fiend Fire+1","Offering+1","Armaments+1","Clash+1","Seeing Red+1","Pommel Strike+1","Battle Trance+1","Clash+1"],"special_seed":0,"relics":["Burning Blood","NeowsBlessing","Blue Candle","Boot","Meat on the Bone","War Paint","Cursed Key","Whetstone","Letter Opener","Mercury Hourglass","Bronze Scales","Empty Cage","Magic Flower"],"potions_floor_usage":[45,50],"damage_taken":[{"damage":0.0,"enemies":"Small Slimes","floor":1.0,"turns":2.0},{"damage":0.0,"enemies":"Cultist","floor":4.0,"turns":1.0},{"damage":0.0,"enemies":"2 Louse","floor":5.0,"turns":1.0},{"damage":35.0,"enemies":"Lagavulin","floor":6.0,"turns":7.0},{"damage":8.0,"enemies":"Gremlin Nob","floor":8.0,"turns":3.0},{"damage":22.0,"enemies":"3 Sentries","floor":10.0,"turns":5.0},{"damage":1.0,"enemies":"Large Slime","floor":12.0,"turns":5.0},{"damage":4.0,"enemies":"2 Fungi Beasts","floor":13.0,"turns":2.0},{"damage":40.0,"enemies":"Slime Boss","floor":16.0,"turns":11.0},{"damage":19.0,"enemies":"Spheric Guardian","floor":18.0,"turns":4.0},{"damage":6.0,"enemies":"3 Byrds","floor":20.0,"turns":3.0},{"damage":27.0,"enemies":"Gremlin Leader","floor":23.0,"turns":4.0},{"damage":25.0,"enemies":"Slavers","floor":27.0,"turns":2.0},{"damage":7.0,"enemies":"Snake Plant","floor":30.0,"turns":2.0},{"damage":11.0,"enemies":"Cultist and Chosen","floor":31.0,"turns":5.0},{"damage":50.0,"enemies":"Champ","floor":33.0,"turns":11.0},{"damage":6.0,"enemies":"Orb Walker","floor":35.0,"turns":2.0},{"damage":7.0,"enemies":"3 Shapes","floor":37.0,"turns":3.0},{"damage":6.0,"enemies":"Sphere and 2 Shapes","floor":39.0,"turns":3.0},{"damage":32.0,"enemies":"3 Darklings","floor":42.0,"turns":2.0},{"damage":8,"enemies":"Writhing Mass","floor":44,"turns":5},{"damage":10,"enemies":"Mind Bloom Boss Battle","floor":45,"turns":5},{"damage":18,"enemies":"Jaw Worm Horde","floor":47,"turns":3},{"damage":67,"enemies":"Awakened One","floor":50,"turns":11}],"seed_played":"-8248101533747177713","potions_obtained":[{"floor":1.0,"key":"PowerPotion"},{"floor":8.0,"key":"Explosive Potion"},{"floor":12.0,"key":"GamblersBrew"},{"floor":16.0,"key":"Dexterity Potion"},{"floor":20.0,"key":"Swift Potion"},{"floor":33.0,"key":"Swift Potion"},{"floor":35.0,"key":"PowerPotion"},{"floor":37.0,"key":"BloodPotion"},{"floor":45,"key":"Energy Potion"}],"is_trial":false,"path_per_floor":["M","?","$","M","M","E","R","E","T","E","$","M","M","?","R","B",null,"M","?","M","$","?","E","R","?","T","E","?","R","M","M","R","B",null,"M","?","M","$","M","R","$","M","T","M","?","?","M","$","R","B",null],"character_chosen":"IRONCLAD","items_purchased":["Shrug It Off","Uppercut","Whetstone"],"campfire_rested":3,"item_purchase_floors":[3,11,21],"current_hp_per_floor":[78,78,78,80,80,51,51,49,49,45,45,50,52,36,60,38,70,57,57,57,57,57,48,48,48,48,41,41,65,64,59,59,27,67,67,67,66,66,66,66,66,52,52,50,54,54,63,63,80,40],"gold":1,"neow_bonus":"THREE_ENEMY_KILL","is_prod":false,"is_daily":false,"chose_seed":false,"campfire_upgraded":4,"win_rate":0,"timestamp":1544832802,"path_taken":["M","?","$","?","M","E","R","E","T","E","$","M","M","?","R","BOSS","M","?","M","$","?","E","R","?","T","E","?","R","?","?","R","BOSS","M","?","M","$","M","R","$","M","T","M","?","?","M","$","R","BOSS"],"build_version":"2018-12-13","purchased_purges":5,"victory":true,"max_hp_per_floor":[80,80,80,80,80,80,80,80,80,80,80,80,80,80,80,80,80,80,80,80,80,80,80,80,80,80,80,80,80,80,80,80,80,80,80,80,80,80,80,80,80,80,80,80,80,80,80,80,80,80],"card_choices":[{"not_picked":["Rupture","Fire Breathing"],"picked":"Anger","floor":1.0},{"not_picked":["Disarm","Rage","Burning Pact"],"picked":"SKIP","floor":4.0},{"not_picked":["Evolve","Power Through","Heavy Blade"],"picked":"SKIP","floor":5.0},{"not_picked":["Second Wind","Sword Boomerang","Reckless Charge"],"picked":"SKIP","floor":6.0},{"not_picked":["Sword Boomerang","Headbutt"],"picked":"Whirlwind","floor":8.0},{"not_picked":["Iron Wave","Brutality","Heavy Blade"],"picked":"SKIP","floor":10.0},{"not_picked":["Sword Boomerang","True Grit"],"picked":"Shockwave","floor":12.0},{"not_picked":["True Grit","Sever Soul"],"picked":"Battle Trance","floor":13.0},{"not_picked":["Brutality","Impervious"],"picked":"Fiend Fire","floor":16.0},{"not_picked":["Havoc","Dropkick","Pummel+1"],"picked":"SKIP","floor":18.0},{"not_picked":["Twin Strike","Sword Boomerang","Hemokinesis"],"picked":"SKIP","floor":20.0},{"not_picked":["Dropkick","Ghostly Armor"],"picked":"Armaments+1","floor":23.0},{"not_picked":["Rupture+1","Impervious"],"picked":"Clash+1","floor":27.0},{"not_picked":["Rupture","Clash","Cleave+1"],"picked":"SKIP","floor":30.0},{"not_picked":["Corruption+1","Reckless Charge"],"picked":"Seeing Red","floor":31.0},{"not_picked":["Iron Wave","Entrench+1"],"picked":"Pommel Strike+1","floor":35.0},{"not_picked":["Twin Strike+1","Armaments"],"picked":"Havoc+1","floor":37.0},{"not_picked":["Havoc+1","Cleave+1","Flex"],"picked":"SKIP","floor":39.0},{"not_picked":["Combust","Headbutt+1","Berserk"],"picked":"SKIP","floor":42.0},{"not_picked":["Disarm","Infernal Blade+1","Metallicize+1"],"picked":"SKIP","floor":44},{"not_picked":["Second Wind+1","Thunderclap+1"],"picked":"Battle Trance+1","floor":45},{"not_picked":["Flame Barrier","Headbutt"],"picked":"Clash+1","floor":47}],"player_experience":103186,"relics_obtained":[{"floor":6.0,"key":"Blue Candle"},{"floor":8.0,"key":"Boot"},{"floor":9.0,"key":"Meat on the Bone"},{"floor":10.0,"key":"War Paint"},{"floor":23.0,"key":"Letter Opener"},{"floor":26.0,"key":"Mercury Hourglass"},{"floor":27.0,"key":"Bronze Scales"},{"floor":45,"key":"Magic Flower"}],"event_choices":[{"cards_removed":["Strike_R"],"damage_healed":0.0,"max_hp_gain":0.0,"max_hp_loss":0.0,"gold_gain":0.0,"event_name":"Wheel of Change","player_choice":"Card Removal","floor":2.0,"gold_loss":0.0,"damage_taken":0.0},{"damage_healed":0.0,"max_hp_gain":0.0,"max_hp_loss":0.0,"gold_gain":0.0,"event_name":"Shining Light","player_choice":"Entered Light","floor":14.0,"gold_loss":0.0,"damage_taken":16.0,"cards_upgraded":["Defend_R","Defend_R"]},{"damage_healed":0.0,"max_hp_gain":0.0,"max_hp_loss":0.0,"gold_gain":0.0,"cards_transformed":["Strike_R","Strike_R"],"event_name":"Drug Dealer","player_choice":"Became Test Subject","floor":19.0,"gold_loss":0.0,"damage_taken":0.0,"cards_obtained":["Anger","Dark Embrace"]},{"damage_healed":0.0,"max_hp_gain":0.0,"max_hp_loss":0.0,"gold_gain":0.0,"event_name":"The Library","player_choice":"Read","floor":22.0,"gold_loss":0.0,"damage_taken":0.0,"cards_obtained":["Offering"]},{"damage_healed":0.0,"max_hp_gain":0.0,"max_hp_loss":0.0,"gold_gain":0.0,"event_name":"Beggar","player_choice":"Ignored","floor":25.0,"gold_loss":0.0,"damage_taken":0.0},{"damage_healed":0.0,"max_hp_gain":0.0,"max_hp_loss":0.0,"gold_gain":100.0,"event_name":"The Joust","player_choice":"Bet on Murderer","floor":28.0,"gold_loss":50.0,"damage_taken":0.0},{"damage_healed":0.0,"max_hp_gain":0.0,"max_hp_loss":0.0,"gold_gain":0.0,"event_name":"Tomb of Lord Red Mask","player_choice":"Ignored","floor":36.0,"gold_loss":0.0,"damage_taken":0.0},{"damage_healed":0,"gold_gain":0,"player_choice":"Fight","damage_taken":0,"max_hp_gain":0,"max_hp_loss":0,"event_name":"MindBloom","floor":45,"gold_loss":0},{"cards_removed":["Dark Embrace"],"damage_healed":0,"gold_gain":0,"player_choice":"Removed Power","damage_taken":0,"max_hp_gain":0,"max_hp_loss":0,"event_name":"Falling","floor":46,"gold_loss":0}],"is_beta":false,"boss_relics":[{"not_picked":["Busted Crown","Black Blood"],"picked":"Cursed Key"},{"not_picked":["Eternal Feather","Calling Bell"],"picked":"Empty Cage"}],"items_purged_floors":[3,11,38,41,48],"is_endless":false,"potions_floor_spawned":[1,8,12,16,20,23,33,35,37,42,45,47],"ascension_level":10}