{"gold_per_floor":[113,113,113,63,80,114,114,114,114,129,140,140,140,150,150,249,249,264,275,200,200,200,200,200,220,243,253,253],"floor_reached":28,"playtime":1008,"items_purged":[],"score":245,"play_id":"b491f831-0052-4722-9d55-2f79a1d34719","local_time":"20190906224610","is_ascension_mode":false,"campfire_choices":[{"data":"Zap","floor":7,"key":"SMITH"},{"data":"Dualcast","floor":13,"key":"SMITH"},{"floor":15,"key":"REST"},{"data":"Rainbow","floor":23,"key":"SMITH"}],"neow_cost":"NONE","seed_source_timestamp":171355066800,"circlet_count":0,"master_deck":["Strike_B","Defend_B","Defend_B","Defend_B","Defend_B","Zap+1","Dualcast+1","Ball Lightning","Glacier","Conserve Battery","Turbo","Rainbow+1","Static Discharge","Meteor Strike","Auto Shields","Static Discharge","Gash","Steam+1"],"relics":["Cracked Core","NeowsBlessing","Smiling Mask","Bronze Scales","StoneCalendar","Symbiotic Virus","Inserter","Orichalcum"],"potions_floor_usage":[16,16,16,21,27,28],"damage_taken":[{"damage":0,"enemies":"Small Slimes","floor":1,"turns":1},{"damage":0,"enemies":"Jaw Worm","floor":5,"turns":1},{"damage":0,"enemies":"Gremlin Nob","floor":6,"turns":1},{"damage":0,"enemies":"2 Louse","floor":10,"turns":2},{"damage":5,"enemies":"Gremlin Gang","floor":11,"turns":3},{"damage":11,"enemies":"Large Slime","floor":14,"turns":4},{"damage":20,"enemies":"Slime Boss","floor":16,"turns":7},{"damage":10,"enemies":"Chosen","floor":18,"turns":5},{"damage":18,"enemies":"2 Thieves","floor":19,"turns":4},{"damage":0,"enemies":"Snake Plant","floor":21,"turns":1},{"damage":33,"enemies":"Sentry and Sphere","floor":25,"turns":4},{"damage":6,"enemies":"Cultist and Chosen","floor":27,"turns":6},{"damage":10,"enemies":"3 Cultists","floor":28,"turns":6}],"seed_played":"5222925743060232941","potions_obtained":[{"floor":6,"key":"Explosive Potion"},{"floor":10,"key":"Strength Potion"},{"floor":14,"key":"Energy Potion"},{"floor":16,"key":"Block Potion"},{"floor":19,"key":"SmokeBomb"},{"floor":27,"key":"FocusPotion"}],"is_trial":false,"path_per_floor":["M","?","?","?","M","E","R","?","T","M","M","?","R","M","R","B",null,"M","M","?","M","?","R","?","M","T","M","M"],"character_chosen":"DEFECT","items_purchased":[],"campfire_rested":1,"item_purchase_floors":[],"current_hp_per_floor":[75,68,68,68,68,68,68,68,68,68,63,56,56,45,67,47,75,65,47,47,47,47,47,47,14,14,8,0],"gold":253,"neow_bonus":"THREE_ENEMY_KILL","is_prod":false,"is_daily":false,"chose_seed":false,"campfire_upgraded":3,"win_rate":0,"timestamp":1567781170,"path_taken":["M","?","?","?","M","E","R","?","T","M","?","?","R","M","R","BOSS","M","M","?","M","?","R","?","M","T","M","?"],"build_version":"2019-07-17","purchased_purges":0,"victory":false,"max_hp_per_floor":[75,75,75,75,75,75,75,75,75,75,75,75,75,75,75,75,75,75,75,75,75,75,75,75,75,75,75,75],"card_choices":[{"not_picked":["Force Field","Steam"],"picked":"Ball Lightning","floor":1},{"not_picked":["Steam","White Noise"],"picked":"Glacier","floor":5},{"not_picked":["Rebound","Undo"],"picked":"Conserve Battery","floor":6},{"not_picked":["BootSequence","Recycle"],"picked":"Turbo","floor":10},{"not_picked":["White Noise","Blizzard"],"picked":"Rainbow","floor":11},{"not_picked":["Hologram","Steam"],"picked":"Static Discharge","floor":14},{"not_picked":["Reboot","Amplify"],"picked":"Meteor Strike","floor":16},{"not_picked":["Streamline","Melter","Heatsinks"],"picked":"SKIP","floor":18},{"not_picked":["Rebound","Conserve Battery"],"picked":"Auto Shields","floor":19},{"not_picked":["Aggregate+1","Scrape"],"picked":"Gash","floor":25},{"not_picked":["Gash","Genetic Algorithm"],"picked":"Steam+1","floor":27}],"player_experience":299903,"relics_obtained":[{"floor":6,"key":"StoneCalendar"},{"floor":9,"key":"Symbiotic Virus"},{"floor":26,"key":"Orichalcum"}],"event_choices":[{"damage_healed":0,"gold_gain":0,"player_choice":"Success","damage_taken":7,"relics_obtained":["Smiling Mask"],"max_hp_gain":0,"max_hp_loss":0,"event_name":"Scrap Ooze","floor":2,"gold_loss":0},{"damage_healed":0,"gold_gain":0,"player_choice":"Box","damage_taken":0,"relics_obtained":["Bronze Scales"],"max_hp_gain":0,"max_hp_loss":0,"event_name":"Big Fish","floor":3,"gold_loss":0,"cards_obtained":["Regret"]},{"cards_removed":["Regret"],"damage_healed":0,"gold_gain":0,"player_choice":"Card Removal","damage_taken":0,"max_hp_gain":0,"max_hp_loss":0,"event_name":"The Cleric","floor":4,"gold_loss":50},{"damage_healed":0,"gold_gain":0,"player_choice":"Ignored","damage_taken":0,"max_hp_gain":0,"max_hp_loss":0,"event_name":"NoteForYourself","floor":8,"gold_loss":0},{"cards_removed":["Strike_B"],"damage_healed":0,"gold_gain":0,"player_choice":"Card Removal","damage_taken":7,"max_hp_gain":0,"max_hp_loss":0,"event_name":"Golden Wing","floor":12,"gold_loss":0},{"cards_removed":["Strike_B"],"damage_healed":0,"gold_gain":0,"player_choice":"Gave Gold","damage_taken":0,"max_hp_gain":0,"max_hp_loss":0,"event_name":"Beggar","floor":20,"gold_loss":75},{"cards_removed":["Strike_B"],"damage_healed":0,"gold_gain":0,"player_choice":"Elegance","damage_taken":0,"max_hp_gain":0,"max_hp_loss":0,"event_name":"Back to Basics","floor":22,"gold_loss":0},{"damage_healed":0,"gold_gain":0,"player_choice":"Copied","damage_taken":0,"max_hp_gain":0,"max_hp_loss":0,"event_name":"Duplicator","floor":24,"gold_loss":0,"cards_obtained":["Static Discharge"]}],"is_beta":false,"boss_relics":[{"not_picked":["Orrery","Eternal Feather"],"picked":"Inserter"}],"items_purged_floors":[],"is_endless":false,"potions_floor_spawned":[6,10,14,16,19,27],"killed_by":"3 Cultists","ascension_level":0}