{"gold_per_floor":[115,129,145,145,161,189,247,247,247,279,293,306,334,345,345,443,443,453,453,552,552,563,563,582,595,595,627,640,672,692,720,720,815,815,834,848,848,948,948,982,982,1012,1038,510,510,539,439,449,449,449],"floor_reached":51,"playtime":2898,"items_purged":["Clash","Defend_R"],"score":907,"play_id":"a22b68e8-e34e-4e9c-b0f3-f2fda85462f6","local_time":"20190909142128","is_ascension_mode":true,"campfire_choices":[{"data":"Shockwave","floor":8,"key":"SMITH"},{"data":"Disarm","floor":15,"key":"SMITH"},{"data":"Feel No Pain","floor":23,"key":"SMITH"},{"data":"Spot Weakness","floor":32,"key":"SMITH"},{"data":"Limit Break","floor":41,"key":"SMITH"},{"data":"Evolve","floor":49,"key":"SMITH"}],"neow_cost":"PERCENT_DAMAGE","seed_source_timestamp":3460984233519091,"circlet_count":0,"master_deck":["Defend_R+1","Bash","Cleave","Shockwave+1","Disarm+1","Sever Soul","Evolve+1","Limit Break+1","Feel No Pain+1","Bite+1","Bite+1","Bite+1","Bite+1","Bite+1","Iron Wave+1","Spot Weakness+1","Offering+1","Dropkick+1"],"relics":["Burning Blood","Torii","Molten Egg 2","Dodecahedron","Shuriken","Thread and Needle","Empty Cage","Question Card","Self Forming Clay","PreservedInsect","Bag of Marbles","Incense Burner","Mark of Pain","Bag of Preparation","Dream Catcher","Orichalcum","Magic Flower","War Paint","Kunai"],"potions_floor_usage":[6,6,35],"damage_taken":[{"damage":1,"enemies":"Cultist","floor":1,"turns":3},{"damage":0,"enemies":"Small Slimes","floor":2,"turns":2},{"damage":0,"enemies":"2 Louse","floor":3,"turns":2},{"damage":2,"enemies":"Blue Slaver","floor":5,"turns":4},{"damage":15,"enemies":"3 Sentries","floor":6,"turns":7},{"damage":24,"enemies":"Gremlin Nob","floor":7,"turns":4},{"damage":2,"enemies":"Gremlin Nob","floor":10,"turns":4},{"damage":1,"enemies":"3 Louse","floor":11,"turns":3},{"damage":7,"enemies":"Looter","floor":12,"turns":3},{"damage":12,"enemies":"Lagavulin","floor":13,"turns":4},{"damage":1,"enemies":"Blue Slaver","floor":14,"turns":3},{"damage":8,"enemies":"Hexaghost","floor":16,"turns":9},{"damage":12,"enemies":"Spheric Guardian","floor":18,"turns":4},{"damage":1,"enemies":"3 Byrds","floor":22,"turns":5},{"damage":11,"enemies":"Snecko","floor":24,"turns":5},{"damage":1,"enemies":"Snake Plant","floor":25,"turns":5},{"damage":22,"enemies":"Book of Stabbing","floor":27,"turns":6},{"damage":21,"enemies":"Shelled Parasite and Fungi","floor":28,"turns":6},{"damage":23,"enemies":"Gremlin Leader","floor":29,"turns":7},{"damage":2,"enemies":"3 Cultists","floor":30,"turns":5},{"damage":1,"enemies":"Book of Stabbing","floor":31,"turns":5},{"damage":2,"enemies":"Champ","floor":33,"turns":8},{"damage":11,"enemies":"Orb Walker","floor":35,"turns":2},{"damage":23,"enemies":"3 Darklings","floor":36,"turns":5},{"damage":14,"enemies":"Mind Bloom Boss Battle","floor":38,"turns":4},{"damage":21,"enemies":"Giant Head","floor":40,"turns":7},{"damage":21,"enemies":"Reptomancer","floor":42,"turns":5},{"damage":6,"enemies":"Giant Head","floor":46,"turns":6},{"damage":16,"enemies":"Jaw Worm Horde","floor":48,"turns":3},{"damage":19,"enemies":"Donu and Deca","floor":50,"turns":5}],"seed_played":"6903478535859661293","potions_obtained":[{"floor":1,"key":"SteroidPotion"},{"floor":2,"key":"EssenceOfSteel"},{"floor":3,"key":"Strength Potion"},{"floor":11,"key":"Dexterity Potion"},{"floor":14,"key":"BloodPotion"},{"floor":24,"key":"PowerPotion"},{"floor":35,"key":"Fruit Juice"},{"floor":36,"key":"Block Potion"}],"is_trial":false,"path_per_floor":["M","M","M","?","M","E","?","R","T","E","M","M","E","M","R","B",null,"M","?","?","T","M","R","M","M","T","E","M","E","M","E","R","B",null,"M","M","?","?","?","E","R","E","T","$","?","E","$","M","R","B",null],"character_chosen":"IRONCLAD","items_purchased":["Magic Flower","War Paint"],"campfire_rested":0,"item_purchase_floors":[44,44],"current_hp_per_floor":[61,67,73,73,77,68,50,50,50,54,59,58,52,57,57,55,80,74,56,56,56,56,56,51,56,56,55,56,55,56,56,56,56,56,61,56,56,61,61,56,56,61,61,61,58,58,58,58,58,58],"gold":449,"neow_bonus":"TRANSFORM_TWO_CARDS","is_prod":false,"is_daily":false,"chose_seed":false,"campfire_upgraded":6,"win_rate":0,"timestamp":1568017288,"path_taken":["M","M","M","?","M","E","?","R","T","E","M","M","E","M","R","BOSS","M","?","?","?","M","R","M","M","T","E","M","E","M","E","R","BOSS","M","M","?","?","?","E","R","E","T","$","?","E","$","M","R","BOSS"],"build_version":"2019-07-17","purchased_purges":2,"victory":true,"max_hp_per_floor":[80,80,80,80,80,80,80,80,80,80,80,80,80,80,80,80,80,80,56,56,56,56,56,56,56,56,56,56,56,56,56,56,56,56,61,61,61,61,61,61,61,61,61,61,58,58,58,58,58,58],"card_choices":[{"not_picked":["Warcry","Inflame"],"picked":"Shockwave","floor":1},{"not_picked":["Combust","Shrug It Off"],"picked":"Disarm","floor":2},{"not_picked":["Pummel","Flex","Burning Pact"],"picked":"SKIP","floor":3},{"not_picked":["Reckless Charge","Metallicize","Havoc"],"picked":"SKIP","floor":5},{"not_picked":["Bludgeon","Heavy Blade"],"picked":"Sever Soul","floor":6},{"not_picked":["Cleave+1","Headbutt+1","Thunderclap+1"],"picked":"SKIP","floor":10},{"not_picked":["Shrug It Off","Sword Boomerang+1","Havoc"],"picked":"SKIP","floor":11},{"not_picked":["Brutality","Rupture","Thunderclap+1"],"picked":"SKIP","floor":12},{"not_picked":["Battle Trance","Combust"],"picked":"Evolve","floor":13},{"not_picked":["Iron Wave+1","Clash+1","Evolve"],"picked":"SKIP","floor":14},{"not_picked":["Bludgeon+1","Juggernaut"],"picked":"Limit Break","floor":16},{"not_picked":["Body Slam+1","Wild Strike+1"],"picked":"Feel No Pain","floor":18},{"not_picked":["Perfected Strike+1","Dark Embrace","Second Wind","Heavy Blade+1"],"picked":"SKIP","floor":22},{"not_picked":["Sword Boomerang+1","Twin Strike+1","Havoc+1","Entrench+1"],"picked":"SKIP","floor":24},{"not_picked":["Havoc","Power Through","Perfected Strike+1"],"picked":"Iron Wave+1","floor":25},{"not_picked":["Anger+1","Reaper+1","Feel No Pain","Evolve"],"picked":"SKIP","floor":27},{"not_picked":["Metallicize","Iron Wave+1","Cleave+1","Intimidate"],"picked":"SKIP","floor":28},{"not_picked":["Flex","Twin Strike+1","Havoc","Carnage+1"],"picked":"SKIP","floor":29},{"not_picked":["Body Slam+1","Rage","Headbutt+1","Armaments"],"picked":"SKIP","floor":30},{"not_picked":["Shrug It Off","Sword Boomerang+1","Pummel+1"],"picked":"Spot Weakness","floor":31},{"not_picked":["Exhume","Fiend Fire+1","Immolate+1"],"picked":"Offering","floor":33},{"not_picked":["Armaments","Clothesline+1","Havoc+1"],"picked":"Dropkick+1","floor":35},{"not_picked":["Headbutt+1","Heavy Blade+1","Flex","Warcry+1"],"picked":"SKIP","floor":36},{"not_picked":["Juggernaut","Dual Wield","Barricade","Warcry+1"],"picked":"SKIP","floor":40},{"not_picked":["Uppercut+1","Intimidate","True Grit+1","Rupture"],"picked":"SKIP","floor":42},{"not_picked":["Clothesline+1","Spot Weakness+1","Twin Strike+1","Fire Breathing"],"picked":"SKIP","floor":46},{"not_picked":["Warcry+1","Flex","Sword Boomerang+1","Headbutt+1"],"picked":"SKIP","floor":48}],"player_experience":1729283,"relics_obtained":[{"floor":6,"key":"Torii"},{"floor":7,"key":"Molten Egg 2"},{"floor":9,"key":"Dodecahedron"},{"floor":10,"key":"Shuriken"},{"floor":13,"key":"Thread and Needle"},{"floor":21,"key":"Question Card"},{"floor":26,"key":"Self Forming Clay"},{"floor":27,"key":"PreservedInsect"},{"floor":29,"key":"Bag of Marbles"},{"floor":31,"key":"Incense Burner"},{"floor":40,"key":"Bag of Preparation"},{"floor":42,"key":"Dream Catcher"},{"floor":43,"key":"Orichalcum"},{"floor":46,"key":"Kunai"}],"event_choices":[{"cards_removed":["Strike_R"],"damage_healed":0,"gold_gain":0,"player_choice":"Forget","damage_taken":0,"max_hp_gain":0,"max_hp_loss":0,"event_name":"Living Wall","floor":4,"gold_loss":0},{"damage_healed":0,"gold_gain":30,"player_choice":"Searched \u00273\u0027 times","damage_taken":0,"max_hp_gain":0,"max_hp_loss":0,"event_name":"Dead Adventurer","floor":7,"gold_loss":0},{"damage_healed":0,"gold_gain":0,"player_choice":"Became a vampire","damage_taken":0,"max_hp_gain":0,"max_hp_loss":24,"event_name":"Vampires","floor":19,"gold_loss":0,"cards_obtained":["Bite","Bite","Bite","Bite","Bite"]},{"damage_healed":0,"gold_gain":99,"player_choice":"Stole From Cult","damage_taken":0,"max_hp_gain":0,"max_hp_loss":0,"event_name":"Nest","floor":20,"gold_loss":0},{"damage_healed":0,"gold_gain":0,"player_choice":"Ignored","damage_taken":0,"max_hp_gain":0,"max_hp_loss":0,"event_name":"Tomb of Lord Red Mask","floor":37,"gold_loss":0},{"damage_healed":0,"gold_gain":0,"player_choice":"Fight","damage_taken":0,"max_hp_gain":0,"max_hp_loss":0,"event_name":"MindBloom","floor":38,"gold_loss":0},{"damage_healed":0,"gold_gain":0,"player_choice":"Memory 1","damage_taken":0,"max_hp_gain":0,"max_hp_loss":0,"event_name":"SensoryStone","floor":39,"gold_loss":0},{"damage_healed":0,"gold_gain":0,"player_choice":"Max HP","damage_taken":0,"max_hp_gain":0,"max_hp_loss":3,"event_name":"Winding Halls","floor":45,"gold_loss":0}],"is_beta":false,"boss_relics":[{"not_picked":["Eternal Feather","Runic Dome"],"picked":"Empty Cage"},{"not_picked":["Snecko Eye","Runic Cube"],"picked":"Mark of Pain"}],"items_purged_floors":[44,47],"is_endless":false,"potions_floor_spawned":[1,2,3,11,14,18,22,24,30,35,36,46,48],"ascension_level":1}