{"gold_per_floor":[115,115,65,85,85,85,110,110,157,76,90,90,90],"floor_reached":13,"playtime":583,"items_purged":[],"score":81,"play_id":"9a96911e-5770-4f85-8063-6e6d23fe0f01","local_time":"20190906204535","is_ascension_mode":false,"campfire_choices":[{"data":"Flame Barrier","floor":6,"key":"SMITH"}],"neow_cost":"NONE","seed_source_timestamp":1827797570161400,"circlet_count":0,"master_deck":["Strike_R","Strike_R","Strike_R","Strike_R","Defend_R","Defend_R+1","Defend_R","Bash","Flame Barrier+1","Ghostly Armor","Shockwave+1","Flame Barrier","Evolve","Bash","Dark Embrace"],"relics":["Burning Blood","Dodecahedron","Paper Frog","War Paint"],"potions_floor_usage":[7,7],"damage_taken":[{"damage":11,"enemies":"2 Louse","floor":1,"turns":3},{"damage":0,"enemies":"Small Slimes","floor":4,"turns":4},{"damage":77,"enemies":"3 Sentries","floor":7,"turns":25},{"damage":3,"enemies":"Cultist","floor":11,"turns":6},{"damage":10,"enemies":"Exordium Wildlife","floor":13,"turns":8}],"seed_played":"-3061102318317126413","potions_obtained":[{"floor":1,"key":"SneckoOil"},{"floor":4,"key":"Poison Potion"},{"floor":7,"key":"Block Potion"},{"floor":11,"key":"Ancient Potion"}],"is_trial":false,"path_per_floor":["M","?","?","M","?","R","E","T","T","$","M","?","M"],"character_chosen":"IRONCLAD","items_purchased":["Flame Barrier"],"campfire_rested":0,"item_purchase_floors":[10],"current_hp_per_floor":[83,76,76,82,87,87,16,16,16,16,19,19,9],"gold":90,"neow_bonus":"TEN_PERCENT_HP_BONUS","is_prod":false,"is_daily":false,"chose_seed":false,"campfire_upgraded":1,"win_rate":0,"timestamp":1567827935,"path_taken":["M","?","?","M","?","R","E","?","T","$","M","?","?"],"build_version":"2019-07-17","purchased_purges":0,"victory":false,"max_hp_per_floor":[88,88,88,88,93,93,93,93,93,93,93,93,93],"card_choices":[{"not_picked":["Thunderclap","Body Slam"],"picked":"Flame Barrier","floor":1},{"not_picked":["Havoc","Combust"],"picked":"Ghostly Armor","floor":4},{"not_picked":["Headbutt","Wild Strike"],"picked":"Shockwave","floor":7},{"not_picked":["Iron Wave","Combust"],"picked":"Evolve","floor":11}],"player_experience":139734,"relics_obtained":[{"floor":7,"key":"Dodecahedron"},{"floor":8,"key":"Paper Frog"},{"floor":9,"key":"War Paint"}],"event_choices":[{"cards_removed":["Strike_R"],"damage_healed":0,"gold_gain":0,"player_choice":"Card Removal","damage_taken":7,"max_hp_gain":0,"max_hp_loss":0,"event_name":"Golden Wing","floor":2,"gold_loss":0},{"cards_removed":["Defend_R"],"damage_healed":0,"gold_gain":0,"player_choice":"Card Removal","damage_taken":0,"max_hp_gain":0,"max_hp_loss":0,"event_name":"The Cleric","floor":3,"gold_loss":50},{"damage_healed":0,"gold_gain":0,"player_choice":"Donut","damage_taken":0,"max_hp_gain":5,"max_hp_loss":0,"event_name":"Big Fish","floor":5,"gold_loss":0},{"damage_healed":0,"gold_gain":0,"player_choice":"2 cards matched","damage_taken":0,"max_hp_gain":0,"max_hp_loss":0,"event_name":"Match and Keep!","floor":12,"gold_loss":0,"cards_obtained":["Bash","Dark Embrace"]}],"is_beta":false,"boss_relics":[],"items_purged_floors":[],"is_endless":false,"potions_floor_spawned":[1,4,7,11],"killed_by":"Exordium Wildlife","ascension_level":0}