{"gold_per_floor":[117,117,192,207,207,236,251,286,336,336],"floor_reached":10,"playtime":701,"items_purged":[],"score":87,"play_id":"cafdcc74-3f54-431e-88e2-5e69b18c059a","local_time":"20190909125258","is_ascension_mode":true,"campfire_choices":[],"neow_cost":"NONE","seed_source_timestamp":440076400355300,"circlet_count":0,"master_deck":["Strike_R","Strike_R","Strike_R","Strike_R","Strike_R","Defend_R","Defend_R","Defend_R","Defend_R","Bash","Flame Barrier","Uppercut","Sentinel","Sentinel","Warcry"],"relics":["Burning Blood","Question Card","Bronze Scales","Vajra"],"potions_floor_usage":[8,10],"damage_taken":[{"damage":5,"enemies":"Small Slimes","floor":1,"turns":4},{"damage":0,"enemies":"2 Louse","floor":4,"turns":3},{"damage":42,"enemies":"Gremlin Nob","floor":6,"turns":5},{"damage":2,"enemies":"Jaw Worm","floor":7,"turns":5},{"damage":43,"enemies":"3 Sentries","floor":8,"turns":13},{"damage":12,"enemies":"Exordium Thugs","floor":10,"turns":3}],"seed_played":"1705943092616260756","potions_obtained":[{"floor":4,"key":"Strength Potion"},{"floor":6,"key":"Explosive Potion"}],"is_trial":false,"path_per_floor":["M","?","?","M","?","E","M","E","T","M"],"character_chosen":"IRONCLAD","items_purchased":[],"campfire_rested":0,"item_purchase_floors":[],"current_hp_per_floor":[88,76,65,71,76,40,44,7,7,0],"gold":336,"neow_bonus":"TEN_PERCENT_HP_BONUS","is_prod":false,"is_daily":false,"chose_seed":false,"campfire_upgraded":0,"win_rate":0,"timestamp":1568051578,"path_taken":["M","?","?","M","?","E","?","E","T","M"],"build_version":"2019-07-17","purchased_purges":0,"victory":false,"max_hp_per_floor":[88,88,88,88,93,93,93,93,93,93],"card_choices":[{"not_picked":["Flex","Rupture"],"picked":"Flame Barrier","floor":1},{"not_picked":["Warcry","Searing Blow","Clothesline"],"picked":"Uppercut","floor":4},{"not_picked":["Headbutt","Heavy Blade","True Grit"],"picked":"Sentinel","floor":6},{"not_picked":["Sword Boomerang","True Grit","Body Slam"],"picked":"Sentinel","floor":7},{"not_picked":["Berserk","Rage","Flex"],"picked":"Warcry","floor":8}],"player_experience":297664,"relics_obtained":[{"floor":6,"key":"Bronze Scales"},{"floor":8,"key":"Vajra"}],"event_choices":[{"damage_healed":0,"gold_gain":0,"player_choice":"Success","damage_taken":12,"relics_obtained":["Question Card"],"max_hp_gain":0,"max_hp_loss":0,"event_name":"Scrap Ooze","floor":2,"gold_loss":0},{"damage_healed":0,"gold_gain":75,"player_choice":"Gather Gold","damage_taken":11,"max_hp_gain":0,"max_hp_loss":0,"event_name":"World of Goop","floor":3,"gold_loss":0},{"damage_healed":0,"gold_gain":0,"player_choice":"Donut","damage_taken":0,"max_hp_gain":5,"max_hp_loss":0,"event_name":"Big Fish","floor":5,"gold_loss":0}],"is_beta":false,"boss_relics":[],"items_purged_floors":[],"is_endless":false,"potions_floor_spawned":[4,6],"killed_by":"Exordium Thugs","ascension_level":3}