{"gold_per_floor":[210,210,260,279,173,173,173,205,231,249,82,28,28,89,89,160,160,180,180,230,242,192,192,225,52,52,52,65,81,81,97,97,97],"floor_reached":33,"playtime":1505,"items_purged":[],"score":470,"play_id":"34ab7f51-e0c1-45dc-a2e3-083888f52e19","local_time":"20181223022800","is_ascension_mode":true,"campfire_choices":[{"data":"True Grit","floor":6.0,"key":"SMITH"},{"data":"Armaments","floor":13.0,"key":"SMITH"},{"floor":15.0,"key":"REST"},{"data":"Fiend Fire","floor":23.0,"key":"SMITH"},{"floor":27.0,"key":"REST"},{"data":"Body Slam","floor":32,"key":"SMITH"}],"neow_cost":"NONE","seed_source_timestamp":125477846262200,"circlet_count":0,"master_deck":["AscendersBane","Strike_R","Strike_R","Strike_R","Strike_R","Strike_R","Defend_R","Defend_R","Defend_R","Defend_R","Bash+1","Clash","Feel No Pain","True Grit+1","Shrug It Off","Armaments+1","Anger","Juggernaut+1","Body Slam+1","Iron Wave","Fiend Fire+1","Battle Trance","Feel No Pain","Iron Wave+1"],"special_seed":0,"relics":["Burning Blood","Bag of Preparation","Omamori","Regal Pillow","Runic Pyramid","Pen Nib","Anchor","Pear"],"potions_floor_usage":[30],"damage_taken":[{"damage":8.0,"enemies":"Small Slimes","floor":1.0,"turns":4.0},{"damage":1.0,"enemies":"Cultist","floor":4.0,"turns":4.0},{"damage":9.0,"enemies":"3 Sentries","floor":8.0,"turns":14.0},{"damage":0.0,"enemies":"Jaw Worm","floor":10.0,"turns":4.0},{"damage":44.0,"enemies":"Gremlin Nob","floor":14.0,"turns":5.0},{"damage":30.0,"enemies":"The Guardian","floor":16.0,"turns":12.0},{"damage":17.0,"enemies":"Spheric Guardian","floor":18.0,"turns":4.0},{"damage":7.0,"enemies":"Shell Parasite","floor":21.0,"turns":3.0},{"damage":34.0,"enemies":"Slavers","floor":24.0,"turns":4.0},{"damage":9,"enemies":"Chosen and Byrds","floor":28,"turns":5},{"damage":0,"enemies":"Snecko","floor":29,"turns":3},{"damage":0,"enemies":"Colosseum Slavers","floor":30,"turns":4},{"damage":9,"enemies":"Snake Plant","floor":31,"turns":2},{"damage":83,"enemies":"Collector","floor":33,"turns":7}],"seed_played":"2788084783708004511","potions_obtained":[{"floor":8.0,"key":"Energy Potion"},{"floor":14.0,"key":"SpeedPotion"},{"floor":24.0,"key":"Swift Potion"},{"floor":31,"key":"Block Potion"}],"is_trial":false,"path_per_floor":["M","?","?","M","$","R","?","E","T","M","$","$","R","?","R","B",null,"M","?","?","M","?","R","E","$","T","R","M","M","?","M","R","B"],"character_chosen":"IRONCLAD","items_purchased":["True Grit","Shrug It Off","Juggernaut","Body Slam","Anchor"],"campfire_rested":2,"item_purchase_floors":[5,5,11,12,25],"current_hp_per_floor":[66,66,59,64,64,64,64,61,61,67,67,67,67,29,66,42,67,56,56,56,55,55,55,27,27,37,77,74,80,85,82,82,0],"gold":97,"neow_bonus":"HUNDRED_GOLD","is_prod":false,"is_daily":false,"chose_seed":false,"campfire_upgraded":4,"win_rate":0,"timestamp":1545560880,"path_taken":["M","?","?","?","$","R","?","E","T","M","?","$","R","?","R","BOSS","M","?","?","M","?","R","E","$","T","R","?","M","?","M","R","BOSS"],"build_version":"2018-12-20","purchased_purges":0,"victory":false,"max_hp_per_floor":[75,75,75,75,75,75,75,75,75,75,75,75,75,75,75,75,75,75,75,75,75,75,75,75,75,85,85,85,85,85,85,85,85],"card_choices":[{"not_picked":["Sword Boomerang","Cleave"],"picked":"Clash","floor":1.0},{"not_picked":["Twin Strike","Shrug It Off"],"picked":"Feel No Pain","floor":4.0},{"not_picked":["Intimidate","Seeing Red"],"picked":"Armaments","floor":8.0},{"not_picked":["Second Wind","Intimidate"],"picked":"Anger","floor":10.0},{"not_picked":["Thunderclap","True Grit"],"picked":"Iron Wave","floor":14.0},{"not_picked":["Reaper","Immolate"],"picked":"Fiend Fire","floor":16.0},{"not_picked":["Intimidate","Heavy Blade"],"picked":"Battle Trance","floor":18.0},{"not_picked":["Heavy Blade+1","Carnage","Armaments"],"picked":"SKIP","floor":21.0},{"not_picked":["Ghostly Armor","Anger","Heavy Blade"],"picked":"SKIP","floor":24.0},{"not_picked":["Wild Strike","Seeing Red","Sever Soul"],"picked":"SKIP","floor":28},{"not_picked":["Second Wind","Exhume"],"picked":"Iron Wave+1","floor":29},{"not_picked":["Thunderclap","Clash","Body Slam"],"picked":"SKIP","floor":31}],"player_experience":172239,"relics_obtained":[{"floor":8.0,"key":"Bag of Preparation"},{"floor":9.0,"key":"Omamori"},{"floor":14.0,"key":"Regal Pillow"},{"floor":24.0,"key":"Pen Nib"},{"floor":26.0,"key":"Pear"}],"event_choices":[{"damage_healed":0.0,"max_hp_gain":0.0,"max_hp_loss":0.0,"gold_gain":0.0,"event_name":"The Cleric","player_choice":"Leave","floor":2.0,"gold_loss":0.0,"damage_taken":0.0},{"damage_healed":0.0,"max_hp_gain":0.0,"max_hp_loss":0.0,"gold_gain":50.0,"event_name":"FaceTrader","player_choice":"Touch","floor":3.0,"gold_loss":0.0,"damage_taken":7.0},{"damage_healed":0.0,"max_hp_gain":0.0,"max_hp_loss":0.0,"gold_gain":0.0,"event_name":"Upgrade Shrine","player_choice":"Upgraded","floor":7.0,"gold_loss":0.0,"damage_taken":0.0,"cards_upgraded":["Bash"]},{"damage_healed":0.0,"max_hp_gain":0.0,"max_hp_loss":0.0,"gold_gain":30.0,"event_name":"Dead Adventurer","player_choice":"Searched \u00272\u0027 times","floor":14.0,"gold_loss":0.0,"damage_taken":0.0},{"damage_healed":0.0,"max_hp_gain":0.0,"max_hp_loss":0.0,"gold_gain":0.0,"event_name":"The Library","player_choice":"Read","floor":19.0,"gold_loss":0.0,"damage_taken":0.0,"cards_obtained":["Feel No Pain"]},{"damage_healed":0.0,"max_hp_gain":0.0,"max_hp_loss":0.0,"gold_gain":50.0,"event_name":"Nest","player_choice":"Stole From Cult","floor":20.0,"gold_loss":0.0,"damage_taken":0.0},{"damage_healed":0.0,"max_hp_gain":0.0,"max_hp_loss":0.0,"gold_gain":0.0,"event_name":"Designer","player_choice":"Upgrade","floor":22.0,"gold_loss":50.0,"damage_taken":0.0,"cards_upgraded":["Juggernaut"]},{"damage_healed":0,"gold_gain":0,"player_choice":"Fight","damage_taken":0,"max_hp_gain":0,"max_hp_loss":0,"event_name":"Colosseum","floor":30,"gold_loss":0},{"damage_healed":0,"gold_gain":0,"player_choice":"Fled From Nobs","damage_taken":0,"max_hp_gain":0,"max_hp_loss":0,"event_name":"Colosseum","floor":30,"gold_loss":0}],"is_beta":false,"boss_relics":[{"not_picked":["Philosopher\u0027s Stone","Calling Bell"],"picked":"Runic Pyramid"}],"items_purged_floors":[],"is_endless":false,"potions_floor_spawned":[8,14,16,24,29,30,31],"killed_by":"Collector","ascension_level":16}