{"gold_per_floor":[112,112,128,145,47,47,60,91,114,114,36,52,52,70,70,174,174,174,99,99,99,99,99,99,99,99,99,99,49,49,0,0,0,0,0,0,0,0,0,0,0,0,0,0,0,0,0,0,0,0],"floor_reached":51,"playtime":3786,"items_purged":["Strike_G","Strike_G"],"score":731,"play_id":"890738c7-d7ef-4cb0-aa48-4728b8a672b4","local_time":"20190316061210","is_ascension_mode":false,"campfire_choices":[{"data":"Dagger Spray","floor":6,"key":"SMITH"},{"data":"Die Die Die","floor":10,"key":"SMITH"},{"data":"Noxious Fumes","floor":13,"key":"SMITH"},{"data":"Predator","floor":15,"key":"SMITH"},{"data":"Defend_G","floor":23,"key":"SMITH"},{"data":"Acrobatics","floor":32,"key":"SMITH"},{"floor":41,"key":"REST"},{"floor":45,"key":"REST"},{"floor":49,"key":"REST"}],"neow_cost":"NONE","seed_source_timestamp":179363665331672,"circlet_count":0,"master_deck":["Defend_G","Defend_G","Defend_G","Defend_G+1","Defend_G","Survivor","Neutralize+1","Sucker Punch+1","Predator+1","Dagger Spray+1","PiercingWail","Die Die Die+1","Noxious Fumes+1","Acrobatics+1","Bullet Time","Adrenaline","Blur","Terror","Corpse Explosion","Masterful Stab+1","Corpse Explosion","Acrobatics","Defend_R","Infinite Blades+1","Catalyst+1","Dagger Spray+1","Noxious Fumes+1","Bouncing Flask+1","Catalyst+1"],"relics":["Ring of the Snake","Orichalcum","Smiling Mask","Ectoplasm","Oddly Smooth Stone","Centennial Puzzle","Old Coin","Philosopher\u0027s Stone","Bag of Marbles","Whetstone","Regal Pillow"],"potions_floor_usage":[8,16,16,24,24,30,42,47,50],"damage_taken":[{"damage":0,"enemies":"2 Louse","floor":1,"turns":3},{"damage":1,"enemies":"Cultist","floor":3,"turns":4},{"damage":0,"enemies":"Jaw Worm","floor":4,"turns":4},{"damage":0,"enemies":"2 Fungi Beasts","floor":7,"turns":3},{"damage":17,"enemies":"3 Sentries","floor":8,"turns":5},{"damage":0,"enemies":"Lots of Slimes","floor":12,"turns":1},{"damage":12,"enemies":"Exordium Thugs","floor":14,"turns":4},{"damage":10,"enemies":"Slime Boss","floor":16,"turns":10},{"damage":0,"enemies":"Shell Parasite","floor":18,"turns":5},{"damage":0,"enemies":"Chosen","floor":21,"turns":4},{"damage":0,"enemies":"Book of Stabbing","floor":24,"turns":5},{"damage":4,"enemies":"Sentry and Sphere","floor":25,"turns":4},{"damage":0,"enemies":"Snake Plant","floor":27,"turns":3},{"damage":9,"enemies":"Snecko","floor":28,"turns":5},{"damage":4,"enemies":"Cultist and Chosen","floor":30,"turns":4},{"damage":9,"enemies":"Champ","floor":33,"turns":10},{"damage":0,"enemies":"3 Shapes","floor":35,"turns":1},{"damage":1,"enemies":"3 Darklings","floor":36,"turns":2},{"damage":0,"enemies":"Jaw Worm Horde","floor":38,"turns":1},{"damage":55,"enemies":"Nemesis","floor":40,"turns":7},{"damage":6,"enemies":"4 Shapes","floor":42,"turns":2},{"damage":5,"enemies":"Maw","floor":44,"turns":5},{"damage":0,"enemies":"Sphere and 2 Shapes","floor":46,"turns":3},{"damage":7,"enemies":"Giant Head","floor":47,"turns":6},{"damage":27,"enemies":"Donu and Deca","floor":50,"turns":4}],"seed_played":"-2061498709874197972","potions_obtained":[{"floor":3,"key":"GamblersBrew"},{"floor":4,"key":"Poison Potion"},{"floor":14,"key":"SteroidPotion"},{"floor":18,"key":"SkillPotion"},{"floor":21,"key":"PowerPotion"},{"floor":28,"key":"Regen Potion"},{"floor":38,"key":"Fire Potion"},{"floor":40,"key":"SpeedPotion"},{"floor":42,"key":"SpeedPotion"},{"floor":44,"key":"Energy Potion"}],"is_trial":false,"path_per_floor":["M","?","M","M","$","R","M","E","T","R","$","M","R","M","R","B",null,"M","?","?","M","T","R","E","M","T","M","M","$","M","?","R","B",null,"M","M","?","M","$","E","R","M","T","M","R","M","E","$","R","B",null],"character_chosen":"THE_SILENT","items_purchased":["Dagger Spray","Noxious Fumes"],"campfire_rested":3,"item_purchase_floors":[5,11],"current_hp_per_floor":[70,70,69,69,69,69,69,52,52,52,52,52,52,40,40,30,70,70,70,70,70,70,70,70,66,66,66,57,57,65,65,65,56,70,70,69,69,69,69,14,35,29,29,24,45,45,38,38,70,43],"gold":0,"neow_bonus":"THREE_CARDS","is_prod":false,"is_daily":false,"chose_seed":false,"campfire_upgraded":6,"win_rate":0,"timestamp":1552696930,"path_taken":["M","?","M","?","$","R","M","E","T","R","$","M","R","M","R","BOSS","M","?","?","?","?","R","E","?","T","?","M","$","M","?","R","BOSS","M","M","?","M","?","E","R","M","T","?","R","M","E","?","R","BOSS"],"build_version":"2019-01-23","purchased_purges":2,"victory":true,"max_hp_per_floor":[70,70,70,70,70,70,70,70,70,70,70,70,70,70,70,70,70,70,70,70,70,70,70,70,70,70,70,70,70,70,70,70,70,70,70,70,70,70,70,70,70,70,70,70,70,70,70,70,70,70],"card_choices":[{"not_picked":["Blade Dance","Deflect","Heel Hook"],"picked":"SKIP","floor":1},{"not_picked":["Blade Dance","Acrobatics"],"picked":"Sucker Punch","floor":3},{"not_picked":["Underhanded Strike","Dagger Throw"],"picked":"Predator","floor":4},{"not_picked":["Cloak And Dagger","Outmaneuver"],"picked":"PiercingWail","floor":7},{"not_picked":["Sucker Punch","Calculated Gamble"],"picked":"Die Die Die","floor":8},{"not_picked":["Masterful Stab","Reflex","Cloak And Dagger"],"picked":"SKIP","floor":12},{"not_picked":["Finisher","Caltrops"],"picked":"Acrobatics","floor":14},{"not_picked":["Die Die Die","Adrenaline"],"picked":"Bullet Time","floor":16},{"not_picked":["Eviscerate","Dagger Spray","Acrobatics"],"picked":"SKIP","floor":18},{"not_picked":["Flechettes+1","Quick Slash","Dagger Throw"],"picked":"SKIP","floor":21},{"not_picked":["Outmaneuver","Calculated Gamble+1"],"picked":"Blur","floor":24},{"not_picked":["Blur+1","Poisoned Stab"],"picked":"Terror","floor":25},{"not_picked":["Bane+1","Dagger Spray"],"picked":"Corpse Explosion","floor":27},{"not_picked":["Backflip","Blur","Accuracy"],"picked":"SKIP","floor":28},{"not_picked":["Sucker Punch+1","Dagger Spray"],"picked":"Masterful Stab+1","floor":30},{"not_picked":["Storm of Steel","Wraith Form v2"],"picked":"Corpse Explosion","floor":33},{"not_picked":["PiercingWail","Deadly Poison+1"],"picked":"Acrobatics","floor":35},{"not_picked":["Deadly Poison","Tactician","Crippling Poison"],"picked":"SKIP","floor":36},{"not_picked":["Caltrops","Slice"],"picked":"Infinite Blades+1","floor":38},{"not_picked":["PiercingWail+1","Flying Knee"],"picked":"Catalyst+1","floor":40},{"not_picked":["Deflect","Setup+1"],"picked":"Dagger Spray+1","floor":42},{"not_picked":["Tactician+1","Sucker Punch+1"],"picked":"Noxious Fumes+1","floor":44},{"not_picked":["Acrobatics","Infinite Blades+1"],"picked":"Bouncing Flask+1","floor":46},{"not_picked":["Riddle With Holes+1","Deflect+1"],"picked":"Catalyst+1","floor":47}],"player_experience":104371,"relics_obtained":[{"floor":8,"key":"Orichalcum"},{"floor":9,"key":"Smiling Mask"},{"floor":22,"key":"Oddly Smooth Stone"},{"floor":24,"key":"Centennial Puzzle"},{"floor":26,"key":"Old Coin"},{"floor":40,"key":"Bag of Marbles"},{"floor":43,"key":"Whetstone"},{"floor":47,"key":"Regal Pillow"}],"event_choices":[{"cards_removed":["Strike_G"],"damage_healed":0,"gold_gain":0,"player_choice":"Offered Basic","damage_taken":0,"max_hp_gain":0,"max_hp_loss":0,"event_name":"Bonfire Elementals","floor":2,"gold_loss":0},{"cards_removed":["Strike_G"],"damage_healed":0,"gold_gain":0,"player_choice":"Gave Gold","damage_taken":0,"max_hp_gain":0,"max_hp_loss":0,"event_name":"Beggar","floor":19,"gold_loss":75},{"damage_healed":0,"gold_gain":0,"player_choice":"1 cards matched","damage_taken":0,"max_hp_gain":0,"max_hp_loss":0,"event_name":"Match and Keep!","floor":20,"gold_loss":0,"cards_obtained":["Adrenaline"]},{"damage_healed":0,"gold_gain":0,"player_choice":"Paid Fearfully","damage_taken":0,"max_hp_gain":0,"max_hp_loss":0,"event_name":"Masked Bandits","floor":31,"gold_loss":49},{"cards_removed":["Strike_G"],"damage_healed":0,"gold_gain":0,"player_choice":"Took Card","damage_taken":0,"max_hp_gain":0,"max_hp_loss":0,"event_name":"NoteForYourself","floor":37,"gold_loss":0,"cards_obtained":["Defend_R"]}],"is_beta":false,"boss_relics":[{"not_picked":["Black Star","Snecko Eye"],"picked":"Ectoplasm"},{"not_picked":["Cursed Key","WristBlade"],"picked":"Philosopher\u0027s Stone"}],"items_purged_floors":[5,29],"is_endless":false,"potions_floor_spawned":[3,4,14,18,21,28,38,40,42,44],"ascension_level":0}