{"gold_per_floor":[11,29,29,47,58,58,75,75,75,95,60,60,75,0,0,71,71,82,82,262,279,296,296],"floor_reached":23,"playtime":769,"items_purged":["Strike_R"],"score":342,"play_id":"d848460a-9b3c-478b-9c75-22242cb8adfc","local_time":"20181224014523","is_ascension_mode":true,"campfire_choices":[{"data":"Uppercut","floor":6,"key":"SMITH"},{"floor":8,"key":"DIG"},{"floor":15,"key":"DIG"}],"neow_cost":"NO_GOLD","seed_source_timestamp":210237272556600,"circlet_count":0,"master_deck":["AscendersBane","Strike_R","Strike_R","Strike_R","Strike_R","Defend_R","Defend_R","Defend_R","Defend_R","Bash","Clash","Flame Barrier","Uppercut+1","Feel No Pain","Barricade"],"special_seed":0,"relics":["Burning Blood","Shovel","Matryoshka","Bag of Marbles","Orichalcum","Pantograph","Snecko Eye"],"potions_floor_usage":[16],"damage_taken":[{"damage":11.0,"enemies":"Cultist","floor":1.0,"turns":4.0},{"damage":9.0,"enemies":"2 Louse","floor":2.0,"turns":3.0},{"damage":2.0,"enemies":"Jaw Worm","floor":4.0,"turns":4.0},{"damage":2.0,"enemies":"2 Fungi Beasts","floor":5.0,"turns":4.0},{"damage":25,"enemies":"Gremlin Gang","floor":7,"turns":6},{"damage":17,"enemies":"Lots of Slimes","floor":10,"turns":5},{"damage":20,"enemies":"Exordium Thugs","floor":13,"turns":5},{"damage":39,"enemies":"Hexaghost","floor":16,"turns":12},{"damage":15,"enemies":"3 Byrds","floor":18,"turns":5},{"damage":18,"enemies":"Chosen","floor":21,"turns":7},{"damage":22,"enemies":"Centurion and Healer","floor":22,"turns":10},{"damage":0,"enemies":"Slavers","floor":23,"turns":1}],"seed_played":"5028740016220913787","potions_obtained":[{"floor":2.0,"key":"EssenceOfSteel"},{"floor":4.0,"key":"SteroidPotion"},{"floor":16,"key":"Energy Potion"}],"is_trial":false,"path_per_floor":["M","M","?","M","M","R","M","R","T","M","?","T","M","$","R","B",null,"M","$","?","M","M","E"],"character_chosen":"IRONCLAD","items_purchased":[],"campfire_rested":0,"item_purchase_floors":[],"current_hp_per_floor":[63,60,60,64,68,68,49,49,49,38,56,56,42,42,42,34,65,56,56,35,23,7,7],"gold":296,"neow_bonus":"ONE_RARE_RELIC","is_prod":false,"is_daily":false,"chose_seed":false,"campfire_upgraded":1,"win_rate":0,"timestamp":1545644723,"path_taken":["M","M","?","M","M","R","M","R","T","M","?","?","M","$","R","BOSS","M","$","?","M","M","E"],"build_version":"2018-12-20","purchased_purges":1,"victory":false,"max_hp_per_floor":[75,75,75,75,75,75,75,75,75,75,75,75,75,75,75,75,75,75,75,75,75,75,75],"card_choices":[{"not_picked":["Twin Strike","Disarm"],"picked":"Clash","floor":1.0},{"not_picked":["Thunderclap","Infernal Blade"],"picked":"Flame Barrier","floor":2.0},{"not_picked":["Intimidate","Carnage"],"picked":"Uppercut","floor":4.0},{"not_picked":["Pommel Strike","Thunderclap","Flex"],"picked":"SKIP","floor":5.0},{"not_picked":["Infernal Blade","Clash"],"picked":"Feel No Pain","floor":7},{"not_picked":["Ghostly Armor","Seeing Red","Infernal Blade"],"picked":"SKIP","floor":10},{"not_picked":["Havoc","Anger","Clash"],"picked":"SKIP","floor":13},{"not_picked":["Feed","Immolate"],"picked":"Barricade","floor":16},{"not_picked":["Cleave","Heavy Blade","Headbutt"],"picked":"SKIP","floor":18},{"not_picked":["Clothesline","Sword Boomerang","Cleave"],"picked":"SKIP","floor":21},{"not_picked":["Pommel Strike","Thunderclap","Pummel"],"picked":"SKIP","floor":22}],"player_experience":189861,"relics_obtained":[{"floor":9,"key":"Matryoshka"},{"floor":12,"key":"Bag of Marbles"},{"floor":12,"key":"Orichalcum"},{"floor":15,"key":"Pantograph"}],"event_choices":[{"damage_healed":0.0,"max_hp_gain":0.0,"max_hp_loss":0.0,"gold_gain":0.0,"event_name":"Liars Game","player_choice":"Ignored","floor":3.0,"gold_loss":0.0,"damage_taken":0.0},{"damage_healed":18,"gold_gain":0,"player_choice":"Healed","damage_taken":0,"max_hp_gain":0,"max_hp_loss":0,"event_name":"The Cleric","floor":11,"gold_loss":35},{"damage_healed":0,"gold_gain":180,"player_choice":"GOLD GOLD ","damage_taken":21,"max_hp_gain":0,"max_hp_loss":0,"event_name":"Knowing Skull","floor":20,"potions_obtained":[],"gold_loss":0,"cards_obtained":[]}],"is_beta":false,"boss_relics":[{"not_picked":["Astrolabe","Orrery"],"picked":"Snecko Eye"}],"items_purged_floors":[14],"is_endless":false,"potions_floor_spawned":[2,4,13,16,18],"killed_by":"Slavers","ascension_level":17}