{"gold_per_floor":[118,118,129,139,24,49,49,61,61,61,88,152,171,246,246,319,319,331,331,256,280,296,296,325,345,345,40,50,50,50,150,150,150],"floor_reached":33,"playtime":1176,"items_purged":["Strike_R"],"score":546,"play_id":"2cc1f557-a14c-4f2d-9a51-12a4627b1dd7","local_time":"20190807191619","is_ascension_mode":true,"campfire_choices":[{"data":"Combust","floor":7,"key":"SMITH"},{"data":"Sword Boomerang","floor":10,"key":"SMITH"},{"data":"Disarm","floor":15,"key":"SMITH"},{"floor":23,"key":"REST"},{"floor":30,"key":"REST"},{"floor":32,"key":"REST"}],"neow_cost":"NONE","seed_source_timestamp":356986996617200,"circlet_count":0,"master_deck":["AscendersBane","Strike_R","Defend_R","Defend_R","Defend_R","Defend_R","Bash","Sword Boomerang+1","Exhume","Combust+1","Intimidate","Pommel Strike","Corruption","Disarm+1","Pommel Strike","Anger","Shrug It Off","Impervious","True Grit+1","Uppercut","Metallicize","Dual Wield","Disarm","PiercingWail","Crippling Poison"],"special_seed":0,"relics":["Burning Blood","NeowsBlessing","Red Skull","Sundial","Gambling Chip","Peace Pipe","Fusion Hammer","Anchor","Happy Flower","Molten Egg 2","PrismaticShard","Ginger","Meat on the Bone"],"potions_floor_usage":[24,31,33],"damage_taken":[{"damage":0.0,"enemies":"Jaw Worm","floor":1.0,"turns":1.0},{"damage":0,"enemies":"Cultist","floor":3,"turns":1},{"damage":0,"enemies":"2 Louse","floor":4,"turns":1},{"damage":20,"enemies":"Lagavulin","floor":6,"turns":7},{"damage":7,"enemies":"Blue Slaver","floor":8,"turns":3},{"damage":33,"enemies":"3 Sentries","floor":11,"turns":6},{"damage":7,"enemies":"Gremlin Nob","floor":12,"turns":3},{"damage":16,"enemies":"Exordium Wildlife","floor":13,"turns":2},{"damage":9,"enemies":"Hexaghost","floor":16,"turns":8},{"damage":22,"enemies":"Chosen","floor":18,"turns":5},{"damage":3,"enemies":"2 Thieves","floor":22,"turns":4},{"damage":28,"enemies":"Slavers","floor":24,"turns":6},{"damage":10,"enemies":"Shelled Parasite and Fungi","floor":25,"turns":5},{"damage":22,"enemies":"Centurion and Healer","floor":28,"turns":6},{"damage":7,"enemies":"Colosseum Slavers","floor":31,"turns":5},{"damage":29,"enemies":"Colosseum Nobs","floor":31,"turns":6},{"damage":68,"enemies":"Champ","floor":33,"turns":11}],"seed_played":"7767299855366161931","potions_obtained":[{"floor":3,"key":"EssenceOfSteel"},{"floor":8,"key":"Dexterity Potion"},{"floor":11,"key":"BloodPotion"},{"floor":18,"key":"Explosive Potion"},{"floor":28,"key":"Energy Potion"}],"is_trial":false,"path_per_floor":["M","?","M","M","$","E","R","M","T","R","E","?","M","?","R","B",null,"M","?","?","T","M","R","E","M","T","$","M","$","R","?","R","B"],"character_chosen":"IRONCLAD","items_purchased":["Corruption","Disarm","PrismaticShard"],"campfire_rested":3,"item_purchase_floors":[5,27,27],"current_hp_per_floor":[74,74,75,75,75,61,61,60,60,60,33,32,22,11,11,8,58,42,42,42,42,45,67,45,41,41,41,25,25,47,23,45,0],"gold":150,"neow_bonus":"THREE_ENEMY_KILL","is_prod":false,"is_daily":false,"chose_seed":false,"campfire_upgraded":3,"win_rate":0,"timestamp":1565230579,"path_taken":["M","?","?","M","$","E","R","M","T","R","E","?","M","?","R","BOSS","M","?","?","?","M","R","E","M","T","$","M","$","R","?","R","BOSS"],"build_version":"2019-07-17","purchased_purges":1,"victory":false,"max_hp_per_floor":[75,75,75,75,75,75,75,75,75,75,75,75,75,75,75,75,75,75,75,75,75,75,75,75,75,75,75,75,75,75,75,75,75],"card_choices":[{"not_picked":["Body Slam","Seeing Red"],"picked":"Sword Boomerang","floor":1.0},{"not_picked":["Intimidate","Perfected Strike","Infernal Blade"],"picked":"SKIP","floor":3},{"not_picked":["Perfected Strike","Infernal Blade"],"picked":"Intimidate","floor":3},{"not_picked":["Clothesline","Armaments"],"picked":"Pommel Strike","floor":4},{"not_picked":["Evolve","Impervious"],"picked":"Disarm","floor":6},{"not_picked":["Armaments","Perfected Strike"],"picked":"Pommel Strike","floor":8},{"not_picked":["Armaments","Cleave"],"picked":"Anger","floor":11},{"not_picked":["Headbutt","Rampage"],"picked":"Shrug It Off","floor":13},{"not_picked":["Juggernaut","Double Tap"],"picked":"Impervious","floor":16},{"not_picked":["Clash","Anger"],"picked":"True Grit+1","floor":18},{"not_picked":["Bloodletting","Uppercut","Wild Strike+1"],"picked":"SKIP","floor":22},{"not_picked":["Sever Soul+1","Warcry","Sword Boomerang"],"picked":"SKIP","floor":24},{"not_picked":["Perfected Strike","Cleave"],"picked":"Dual Wield","floor":25},{"not_picked":["Underhanded Strike+1","Swift Strike+1"],"picked":"PiercingWail","floor":28},{"not_picked":["Blood for Blood+1","Compile Driver+1"],"picked":"Crippling Poison","floor":31}],"player_experience":745012,"relics_obtained":[{"floor":6,"key":"Red Skull"},{"floor":9,"key":"Sundial"},{"floor":11,"key":"Gambling Chip"},{"floor":12,"key":"Peace Pipe"},{"floor":21,"key":"Anchor"},{"floor":24,"key":"Happy Flower"},{"floor":26,"key":"Molten Egg 2"},{"floor":31,"key":"Ginger"},{"floor":31,"key":"Meat on the Bone"}],"event_choices":[{"damage_healed":0,"gold_gain":0,"player_choice":"2 cards matched","damage_taken":0,"max_hp_gain":0,"max_hp_loss":0,"event_name":"Match and Keep!","floor":2,"gold_loss":0,"cards_obtained":["Exhume","Combust"]},{"damage_healed":0,"gold_gain":30,"player_choice":"Searched \u00273\u0027 times","damage_taken":0,"max_hp_gain":0,"max_hp_loss":0,"event_name":"Dead Adventurer","floor":12,"gold_loss":0},{"damage_healed":0,"gold_gain":75,"player_choice":"Gather Gold","damage_taken":11,"max_hp_gain":0,"max_hp_loss":0,"event_name":"World of Goop","floor":14,"gold_loss":0},{"damage_healed":0,"gold_gain":0,"cards_transformed":["Strike_R","Strike_R"],"player_choice":"Became Test Subject","damage_taken":0,"max_hp_gain":0,"max_hp_loss":0,"event_name":"Drug Dealer","floor":19,"gold_loss":0,"cards_obtained":["Uppercut","Metallicize"]},{"cards_removed":["Strike_R"],"damage_healed":0,"gold_gain":0,"player_choice":"Gave Gold","damage_taken":0,"max_hp_gain":0,"max_hp_loss":0,"event_name":"Beggar","floor":20,"gold_loss":75},{"damage_healed":0,"gold_gain":0,"player_choice":"Fight","damage_taken":0,"max_hp_gain":0,"max_hp_loss":0,"event_name":"Colosseum","floor":31,"gold_loss":0},{"damage_healed":0,"gold_gain":0,"player_choice":"Fought Nobs","damage_taken":0,"max_hp_gain":0,"max_hp_loss":0,"event_name":"Colosseum","floor":31,"gold_loss":0}],"is_beta":false,"boss_relics":[{"not_picked":["Pandora\u0027s Box","Astrolabe"],"picked":"Fusion Hammer"}],"items_purged_floors":[5],"is_endless":false,"potions_floor_spawned":[3,8,11,12,13,18,28,31],"killed_by":"Champ","ascension_level":20}