{"gold_per_floor":[366,366,14,14,31,58,58,5,83,115,115,146,157,27,27,104,104,116,130,146,39,74,74,106,106,132,162,162,180,208,223,223,296,296,314,329,346,568,579,579,606,606,606,622,646,646],"floor_reached":46,"playtime":1819,"items_purged":["Regret"],"score":1177,"play_id":"84a350c6-bc5c-440d-818d-398c3852c436","local_time":"20190725180621","is_ascension_mode":true,"campfire_choices":[{"data":"Armaments","floor":7.0,"key":"SMITH"},{"data":"Exhume","floor":15.0,"key":"SMITH"},{"data":"Corruption","floor":23.0,"key":"SMITH"},{"data":"Feel No Pain","floor":28.0,"key":"SMITH"},{"data":"Juggernaut","floor":32.0,"key":"SMITH"},{"data":"True Grit","floor":40.0,"key":"SMITH"},{"floor":42.0,"key":"RECALL"}],"neow_cost":"TEN_PERCENT_HP_LOSS","seed_source_timestamp":728879915534500,"circlet_count":0,"master_deck":["AscendersBane","Strike_R+1","Strike_R+1","Strike_R+1","Strike_R+1","Strike_R+1","Defend_R+1","Defend_R+1","Defend_R+1","Defend_R+1","Bash","Immolate+1","Evolve","Armaments+1","Carnage+1","Corruption+1","True Grit+1","Exhume+1","Uppercut+1","Disarm","Shrug It Off","Impervious","Feel No Pain+1","Headbutt+1","Shrug It Off","Shrug It Off","Pommel Strike+1","Feed+1","Juggernaut+1","Clothesline+1","Juggernaut","Shockwave","Shrug It Off","Spot Weakness"],"special_seed":0,"relics":["Burning Blood","Molten Egg 2","Omamori","Singing Bowl","Happy Flower","Mercury Hourglass","Runic Dome","Red Mask","Self Forming Clay","PreservedInsect","Sundial","Red Skull","Runic Pyramid","Ornamental Fan","Smiling Mask"],"potions_floor_usage":[46],"damage_taken":[{"damage":7.0,"enemies":"Small Slimes","floor":1.0,"turns":3.0},{"damage":0.0,"enemies":"Jaw Worm","floor":5.0,"turns":4.0},{"damage":32.0,"enemies":"Gremlin Nob","floor":6.0,"turns":4.0},{"damage":20.0,"enemies":"3 Sentries","floor":10.0,"turns":4.0},{"damage":7.0,"enemies":"Lagavulin","floor":12.0,"turns":6.0},{"damage":0.0,"enemies":"Cultist","floor":13.0,"turns":2.0},{"damage":12.0,"enemies":"Slime Boss","floor":16.0,"turns":7.0},{"damage":0.0,"enemies":"Chosen","floor":18.0,"turns":4.0},{"damage":11.0,"enemies":"2 Thieves","floor":19.0,"turns":3.0},{"damage":0.0,"enemies":"Chosen and Byrds","floor":20.0,"turns":4.0},{"damage":0.0,"enemies":"Masked Bandits","floor":22.0,"turns":2.0},{"damage":34.0,"enemies":"Gremlin Leader","floor":24.0,"turns":9.0},{"damage":5.0,"enemies":"Slavers","floor":27.0,"turns":6.0},{"damage":0.0,"enemies":"3 Cultists","floor":29.0,"turns":5.0},{"damage":0.0,"enemies":"Gremlin Leader","floor":30.0,"turns":6.0},{"damage":15.0,"enemies":"Cultist and Chosen","floor":31.0,"turns":5.0},{"damage":17.0,"enemies":"Champ","floor":33.0,"turns":13.0},{"damage":35.0,"enemies":"3 Darklings","floor":35.0,"turns":5.0},{"damage":0.0,"enemies":"3 Shapes","floor":36.0,"turns":3.0},{"damage":4.0,"enemies":"Jaw Worm Horde","floor":37.0,"turns":4.0},{"damage":0.0,"enemies":"Maw","floor":39.0,"turns":6.0},{"damage":43.0,"enemies":"Reptomancer","floor":41.0,"turns":6.0},{"damage":12.0,"enemies":"Transient","floor":44.0,"turns":6.0},{"damage":40,"enemies":"Writhing Mass","floor":46,"turns":2}],"seed_played":"-9170059065935703736","potions_obtained":[{"floor":1.0,"key":"Strength Potion"},{"floor":5.0,"key":"SteroidPotion"},{"floor":12.0,"key":"SpeedPotion"},{"floor":20.0,"key":"Swift Potion"},{"floor":24.0,"key":"Regen Potion"},{"floor":30.0,"key":"Swift Potion"},{"floor":33.0,"key":"SteroidPotion"},{"floor":35.0,"key":"FairyPotion"},{"floor":36.0,"key":"Swift Potion"},{"floor":37.0,"key":"Weak Potion"}],"is_trial":false,"path_per_floor":["M","?","$","?","M","E","R","$","T","E","?","E","M","$","R","B",null,"M","M","M","$","?","R","E","?","T","E","R","M","E","M","R","B",null,"M","M","M","?","M","R","E","R","T","M","T","M"],"character_chosen":"IRONCLAD","items_purchased":["Immolate+1","Evolve","Armaments","True Grit","Disarm","Shrug It Off","Shrug It Off","AttackPotion"],"campfire_rested":0,"item_purchase_floors":[3,3,3,8,14,14,21,21],"current_hp_per_floor":[67,67,67,67,68,42,42,42,42,28,8,7,15,15,15,9,55,63,58,64,64,70,70,42,42,42,43,43,59,65,60,60,68,85,58,66,68,68,74,74,41,41,41,37,37,0],"gold":646,"neow_bonus":"TWO_FIFTY_GOLD","is_prod":false,"is_daily":false,"chose_seed":false,"campfire_upgraded":6,"win_rate":0,"timestamp":1564103181,"path_taken":["M","?","$","?","M","E","R","$","T","E","?","E","?","?","R","BOSS","M","M","M","$","?","R","E","?","T","E","R","M","E","M","R","BOSS","M","M","M","?","M","R","E","R","T","M","?","M"],"build_version":"2019-07-17","purchased_purges":1,"victory":false,"max_hp_per_floor":[68,68,68,68,68,68,68,68,68,68,68,68,70,70,70,70,70,72,72,72,72,72,72,72,72,72,72,72,82,82,86,86,90,90,92,94,94,94,94,94,98,98,98,100,100,100],"card_choices":[{"not_picked":["Entrench","Infernal Blade","Seeing Red"],"picked":"SKIP","floor":1.0},{"not_picked":["Bloodletting","Sever Soul+1"],"picked":"Carnage+1","floor":5.0},{"not_picked":["Headbutt+1","Thunderclap+1"],"picked":"Corruption","floor":6.0},{"not_picked":["Havoc","Infernal Blade"],"picked":"Exhume","floor":10.0},{"not_picked":["Havoc","Heavy Blade+1"],"picked":"Uppercut+1","floor":12.0},{"not_picked":["Armaments","Twin Strike+1","Searing Blow+1"],"picked":"Singing Bowl","floor":13.0},{"not_picked":["Fiend Fire+1","Barricade"],"picked":"Impervious","floor":16.0},{"not_picked":["Clash+1","Cleave+1","Warcry+1"],"picked":"Singing Bowl","floor":18.0},{"not_picked":["True Grit","Dual Wield"],"picked":"Feel No Pain","floor":19.0},{"not_picked":["Second Wind+1","Pummel+1"],"picked":"Headbutt+1","floor":20.0},{"not_picked":["Anger+1","Bloodletting"],"picked":"Shrug It Off","floor":22.0},{"not_picked":["Immolate+1","Shrug It Off"],"picked":"Pommel Strike+1","floor":24.0},{"not_picked":["Blood for Blood+1","Perfected Strike+1"],"picked":"Feed+1","floor":27.0},{"not_picked":["Clash+1","Carnage+1","Rampage+1"],"picked":"Singing Bowl","floor":29.0},{"not_picked":["Pommel Strike+1","Clothesline+1"],"picked":"Juggernaut","floor":30.0},{"not_picked":["Thunderclap+1","Rampage+1"],"picked":"Clothesline+1","floor":31.0},{"not_picked":["Barricade","Berserk"],"picked":"Juggernaut","floor":33.0},{"not_picked":["Power Through","Ghostly Armor","Wild Strike+1"],"picked":"Singing Bowl","floor":35.0},{"not_picked":["Whirlwind+1","Armaments+1","Sword Boomerang+1"],"picked":"Singing Bowl","floor":36.0},{"not_picked":["Flex+1","Power Through+1"],"picked":"Shockwave","floor":37.0},{"not_picked":["Twin Strike+1","Seeing Red"],"picked":"Shrug It Off","floor":39.0},{"not_picked":["Body Slam+1","Whirlwind+1"],"picked":"Spot Weakness","floor":41.0},{"not_picked":["Pommel Strike+1","Flex+1","Armaments"],"picked":"Singing Bowl","floor":44.0}],"player_experience":697077,"relics_obtained":[{"floor":6.0,"key":"Omamori"},{"floor":9.0,"key":"Singing Bowl"},{"floor":10.0,"key":"Happy Flower"},{"floor":12.0,"key":"Mercury Hourglass"},{"floor":22.0,"key":"Red Mask"},{"floor":24.0,"key":"Self Forming Clay"},{"floor":26.0,"key":"PreservedInsect"},{"floor":27.0,"key":"Sundial"},{"floor":30.0,"key":"Red Skull"},{"floor":41.0,"key":"Ornamental Fan"},{"floor":45.0,"key":"Smiling Mask"}],"event_choices":[{"damage_healed":0.0,"max_hp_gain":0.0,"max_hp_loss":0.0,"gold_gain":0.0,"event_name":"Big Fish","player_choice":"Box","floor":2.0,"gold_loss":0.0,"damage_taken":0.0,"relics_obtained":["Molten Egg 2"],"cards_obtained":["Regret"]},{"damage_healed":0.0,"max_hp_gain":0.0,"max_hp_loss":0.0,"gold_gain":0.0,"event_name":"Liars Game","player_choice":"Ignored","floor":4.0,"gold_loss":0.0,"damage_taken":0.0},{"damage_healed":0.0,"max_hp_gain":0.0,"max_hp_loss":0.0,"gold_gain":0.0,"event_name":"Shining Light","player_choice":"Entered Light","floor":11.0,"gold_loss":0.0,"damage_taken":20.0,"cards_upgraded":["Strike_R","Defend_R"]},{"damage_healed":0.0,"max_hp_gain":0.0,"max_hp_loss":0.0,"gold_gain":0.0,"event_name":"Masked Bandits","player_choice":"Fought Bandits","floor":22.0,"gold_loss":0.0,"damage_taken":0.0},{"damage_healed":0.0,"max_hp_gain":0.0,"max_hp_loss":0.0,"gold_gain":0.0,"event_name":"Back to Basics","player_choice":"Simplicity","floor":25.0,"gold_loss":0.0,"damage_taken":0.0,"cards_upgraded":["Strike_R","Strike_R","Strike_R","Strike_R","Defend_R","Defend_R","Defend_R"]},{"damage_healed":0.0,"max_hp_gain":0.0,"max_hp_loss":0.0,"gold_gain":222.0,"event_name":"Tomb of Lord Red Mask","player_choice":"Wore Mask","floor":38.0,"gold_loss":0.0,"damage_taken":0.0}],"is_beta":false,"boss_relics":[{"not_picked":["Orrery","Calling Bell"],"picked":"Runic Dome"},{"not_picked":["Fusion Hammer","Sozu"],"picked":"Runic Pyramid"}],"items_purged_floors":[3],"is_endless":false,"potions_floor_spawned":[1,5,12,20,22,24,30,31,33,35,36,37],"killed_by":"Writhing Mass","ascension_level":20}