{"gold_per_floor":[114,114,128,142,142,177,177,202,228,228],"floor_reached":10,"playtime":571,"items_purged":[],"score":76,"play_id":"df90e9fb-f07a-454d-bb75-9865dc76f3e0","local_time":"20181212005858","is_ascension_mode":false,"campfire_choices":[{"data":"Bash","floor":7,"key":"SMITH"}],"neow_cost":"TEN_PERCENT_HP_LOSS","seed_source_timestamp":485082732179600,"circlet_count":0,"master_deck":["Strike_R","Strike_R","Strike_R","Strike_R","Defend_R","Defend_R","Defend_R","Defend_R","Bash+1","Impervious","Feel No Pain","Battle Trance","Shrug It Off"],"relics":["Burning Blood","Boot","Anchor","Bronze Scales"],"potions_floor_usage":[],"damage_taken":[{"damage":2,"enemies":"Jaw Worm","floor":1,"turns":4},{"damage":2,"enemies":"2 Louse","floor":3,"turns":3},{"damage":6,"enemies":"Cultist","floor":4,"turns":4},{"damage":16,"enemies":"3 Sentries","floor":6,"turns":15},{"damage":38,"enemies":"Gremlin Nob","floor":8,"turns":5},{"damage":0,"enemies":"Exordium Wildlife","floor":10,"turns":1}],"seed_played":"-5236057234862735677","potions_obtained":[{"floor":3,"key":"Poison Potion"}],"is_trial":false,"path_per_floor":["M","?","M","M","?","E","R","E","T","M"],"character_chosen":"IRONCLAD","items_purchased":[],"campfire_rested":0,"item_purchase_floors":[],"current_hp_per_floor":[72,77,77,77,77,67,67,35,35,35],"gold":228,"neow_bonus":"THREE_RARE_CARDS","is_prod":false,"is_daily":false,"chose_seed":false,"campfire_upgraded":1,"win_rate":0,"timestamp":1544605138,"path_taken":["M","?","M","M","?","E","R","E","T","M"],"build_version":"2018-12-06","purchased_purges":0,"victory":false,"max_hp_per_floor":[72,77,77,77,77,77,77,77,77,77],"card_choices":[{"not_picked":["Dark Embrace","Immolate"],"picked":"Impervious","floor":0},{"not_picked":["Body Slam","Anger"],"picked":"Feel No Pain","floor":1},{"not_picked":["Havoc","Seeing Red","Thunderclap"],"picked":"SKIP","floor":3},{"not_picked":["Iron Wave","Blood for Blood"],"picked":"Battle Trance","floor":4},{"not_picked":["Armaments","Sever Soul","Rage"],"picked":"SKIP","floor":6},{"not_picked":["Power Through","Feed"],"picked":"Shrug It Off","floor":8}],"player_experience":49518,"relics_obtained":[{"floor":6,"key":"Boot"},{"floor":8,"key":"Anchor"},{"floor":9,"key":"Bronze Scales"}],"event_choices":[{"damage_healed":0,"gold_gain":0,"player_choice":"Donut","damage_taken":0,"max_hp_gain":5,"max_hp_loss":0,"event_name":"Big Fish","floor":2,"gold_loss":0},{"cards_removed":["Strike_R"],"damage_healed":0,"gold_gain":0,"player_choice":"Purged","damage_taken":0,"max_hp_gain":0,"max_hp_loss":0,"event_name":"Purifier","floor":5,"gold_loss":0}],"is_beta":false,"boss_relics":[],"items_purged_floors":[],"is_endless":false,"potions_floor_spawned":[3],"killed_by":"Exordium Wildlife","ascension_level":0}