{"gold_per_floor":[116,41,216,216,235,235,263,263,290,308,318,335,335,345,345,345],"floor_reached":16,"playtime":1443,"items_purged":["Strike_B"],"score":112,"play_id":"9bd38e69-b50c-42f1-aa3c-fe9c853afb95","local_time":"20190101194016","is_ascension_mode":true,"campfire_choices":[{"data":"Zap","floor":6,"key":"SMITH"},{"data":"1","floor":8,"key":"LIFT"},{"data":"2","floor":15,"key":"LIFT"}],"neow_cost":"NONE","seed_source_timestamp":443427071941016,"circlet_count":0,"master_deck":["Strike_B","Strike_B","Defend_B","Defend_B","Defend_B","Defend_B","Zap+1","Dualcast","Self Repair","Hologram","Doubt","Gash","Rebound","Go for the Eyes","Beam Cell","Cold Snap"],"relics":["Cracked Core","Girya","Oddly Smooth Stone","Vajra"],"potions_floor_usage":[7],"damage_taken":[{"damage":0,"enemies":"Small Slimes","floor":1,"turns":2},{"damage":10,"enemies":"Jaw Worm","floor":5,"turns":4},{"damage":66,"enemies":"Gremlin Nob","floor":7,"turns":5},{"damage":0,"enemies":"2 Louse","floor":10,"turns":3},{"damage":0,"enemies":"Exordium Wildlife","floor":11,"turns":2},{"damage":1,"enemies":"Blue Slaver","floor":12,"turns":4},{"damage":10,"enemies":"3 Louse","floor":14,"turns":3},{"damage":23,"enemies":"The Guardian","floor":16,"turns":9}],"seed_played":"-5401376831796579393","potions_obtained":[{"floor":5,"key":"Strength Potion"},{"floor":11,"key":"SneckoOil"},{"floor":14,"key":"SneckoOil"}],"is_trial":false,"path_per_floor":["M","$","?","T","M","R","E","R","T","M","M","M","?","M","R","B"],"character_chosen":"DEFECT","items_purchased":[],"campfire_rested":0,"item_purchase_floors":[],"current_hp_per_floor":[75,75,75,75,72,72,13,13,13,20,20,26,26,23,23,0],"gold":345,"neow_bonus":"TRANSFORM_CARD","is_prod":false,"is_daily":false,"chose_seed":false,"campfire_upgraded":1,"win_rate":0,"timestamp":1546393216,"path_taken":["M","$","?","?","M","R","E","R","T","M","M","M","?","M","R","BOSS"],"build_version":"2018-12-20","purchased_purges":1,"victory":false,"max_hp_per_floor":[75,75,75,75,75,75,75,75,75,75,75,75,75,75,75,75],"card_choices":[{"not_picked":["Stack","Ball Lightning"],"picked":"Hologram","floor":1},{"not_picked":["Skim","Stack","Redo"],"picked":"SKIP","floor":5},{"not_picked":["Stack","Reboot"],"picked":"Gash","floor":7},{"not_picked":["Steam","Coolheaded"],"picked":"Rebound","floor":10},{"not_picked":["Compile Driver","Hologram"],"picked":"Go for the Eyes","floor":11},{"not_picked":["Streamline","Turbo"],"picked":"Beam Cell","floor":12},{"not_picked":["Ball Lightning","Loop"],"picked":"Cold Snap","floor":14}],"player_experience":83794,"relics_obtained":[{"floor":4,"key":"Girya"},{"floor":7,"key":"Oddly Smooth Stone"},{"floor":9,"key":"Vajra"}],"event_choices":[{"damage_healed":0,"gold_gain":175,"player_choice":"AGREE","damage_taken":0,"max_hp_gain":0,"max_hp_loss":0,"event_name":"Liars Game","floor":3,"gold_loss":0,"cards_obtained":["Doubt"]},{"damage_healed":0,"gold_gain":0,"player_choice":"Ignored","damage_taken":0,"max_hp_gain":0,"max_hp_loss":0,"event_name":"Shining Light","floor":13,"gold_loss":0}],"is_beta":false,"boss_relics":[],"items_purged_floors":[2],"is_endless":false,"potions_floor_spawned":[5,11,14],"killed_by":"The Guardian","ascension_level":2}