{"gold_per_floor":[369,369,381,381,41,71,90,103,128,128,138,148,128,28,28,104,104,104],"floor_reached":18,"playtime":570,"items_purged":["Decay","Defend_R"],"score":292,"play_id":"c04c545a-f98d-4a6f-96b1-f2512b3f3b9d","local_time":"20181223015921","is_ascension_mode":true,"campfire_choices":[{"floor":10.0,"key":"REST"},{"data":"Whirlwind","floor":15,"key":"SMITH"}],"neow_cost":"CURSE","seed_source_timestamp":124878270363600,"circlet_count":0,"master_deck":["AscendersBane","Strike_R","Strike_R","Strike_R","Strike_R","Strike_R","Defend_R","Defend_R","Defend_R+1","Bash+1","Dropkick","Cleave","Whirlwind+1","Wild Strike","Shrug It Off","Shrug It Off"],"special_seed":0,"relics":["Burning Blood","Medical Kit","Boot","Centennial Puzzle","Eternal Feather"],"potions_floor_usage":[16,16,16,16],"damage_taken":[{"damage":8.0,"enemies":"Jaw Worm","floor":1.0,"turns":5.0},{"damage":6.0,"enemies":"2 Louse","floor":3.0,"turns":3.0},{"damage":21.0,"enemies":"Gremlin Nob","floor":6.0,"turns":4.0},{"damage":0.0,"enemies":"Small Slimes","floor":7.0,"turns":3.0},{"damage":22.0,"enemies":"Gremlin Gang","floor":8.0,"turns":7.0},{"damage":3.0,"enemies":"3 Louse","floor":11.0,"turns":2.0},{"damage":4.0,"enemies":"Looter","floor":12.0,"turns":3.0},{"damage":47,"enemies":"Hexaghost","floor":16,"turns":16},{"damage":0,"enemies":"Shell Parasite","floor":18,"turns":1}],"seed_played":"2541539947994314307","potions_obtained":[{"floor":1.0,"key":"AttackPotion"},{"floor":3.0,"key":"EssenceOfSteel"},{"floor":11.0,"key":"EntropicBrew"},{"floor":13.0,"key":"SkillPotion"}],"is_trial":false,"path_per_floor":["M","?","M","?","$","E","M","M","T","R","M","M","?","$","R","B",null,"M"],"character_chosen":"IRONCLAD","items_purchased":["Whirlwind","Medical Kit"],"campfire_rested":1,"item_purchase_floors":[5,5],"current_hp_per_floor":[66,43,43,43,43,28,34,18,18,40,43,45,45,45,45,11,59,59],"gold":104,"neow_bonus":"TWO_FIFTY_GOLD","is_prod":false,"is_daily":false,"chose_seed":false,"campfire_upgraded":1,"win_rate":0,"timestamp":1545559161,"path_taken":["M","?","M","?","$","E","M","M","T","R","M","?","?","$","R","BOSS","M"],"build_version":"2018-12-20","purchased_purges":2,"victory":false,"max_hp_per_floor":[75,75,75,75,75,75,75,75,75,75,75,75,75,75,75,75,75,75],"card_choices":[{"not_picked":["Perfected Strike","Carnage"],"picked":"Dropkick","floor":1.0},{"not_picked":["Anger","Reckless Charge"],"picked":"Cleave","floor":3.0},{"not_picked":["Bloodletting","Warcry"],"picked":"Wild Strike","floor":6.0},{"not_picked":["Perfected Strike","Corruption","Twin Strike"],"picked":"SKIP","floor":7.0},{"not_picked":["Twin Strike","Flex"],"picked":"Shrug It Off","floor":8.0},{"not_picked":["Double Tap","Iron Wave"],"picked":"Shrug It Off","floor":11.0},{"not_picked":["Clash","Warcry","Wild Strike"],"picked":"SKIP","floor":12.0}],"player_experience":171669,"relics_obtained":[{"floor":6.0,"key":"Boot"},{"floor":9.0,"key":"Centennial Puzzle"}],"event_choices":[{"damage_healed":0.0,"max_hp_gain":0.0,"max_hp_loss":0.0,"gold_gain":0.0,"event_name":"Shining Light","player_choice":"Entered Light","floor":2.0,"gold_loss":0.0,"damage_taken":23.0,"cards_upgraded":["Defend_R","Bash"]},{"damage_healed":0.0,"max_hp_gain":0.0,"max_hp_loss":0.0,"gold_gain":0.0,"event_name":"Liars Game","player_choice":"Ignored","floor":4.0,"gold_loss":0.0,"damage_taken":0.0},{"damage_healed":0.0,"max_hp_gain":0.0,"max_hp_loss":0.0,"gold_gain":0.0,"event_name":"The Woman in Blue","player_choice":"Bought 1 Potion","floor":13.0,"gold_loss":0.0,"damage_taken":0.0}],"is_beta":false,"boss_relics":[{"not_picked":["Busted Crown","Pandora\u0027s Box"],"picked":"Eternal Feather"}],"items_purged_floors":[5,14],"is_endless":false,"potions_floor_spawned":[1,3,11],"killed_by":"Shell Parasite","ascension_level":16}