{"gold_per_floor":[110,125,125,100,112,141,141,191,191,208,168],"floor_reached":11,"playtime":444,"items_purged":[],"score":146,"play_id":"a9cac7ae-0c2f-4053-933d-0869d0681a92","local_time":"20190806202948","is_ascension_mode":true,"campfire_choices":[{"data":"Uppercut","floor":7.0,"key":"SMITH"}],"neow_cost":"NONE","seed_source_timestamp":275736782937900,"circlet_count":0,"master_deck":["AscendersBane","Strike_R","Strike_R","Strike_R","Strike_R","Strike_R","Defend_R","Defend_R","Defend_R+1","Defend_R+1","Bash","Second Wind","Anger","Shrug It Off","Uppercut+1","Dropkick","Pommel Strike+1"],"special_seed":0,"relics":["Burning Blood","PreservedInsect","Dead Branch","Molten Egg 2"],"potions_floor_usage":[],"damage_taken":[{"damage":11.0,"enemies":"Jaw Worm","floor":1.0,"turns":4.0},{"damage":7.0,"enemies":"Cultist","floor":2.0,"turns":4.0},{"damage":0.0,"enemies":"2 Louse","floor":5.0,"turns":3.0},{"damage":19.0,"enemies":"3 Sentries","floor":6.0,"turns":8.0},{"damage":12,"enemies":"Large Slime","floor":10,"turns":7},{"damage":25,"enemies":"Exordium Thugs","floor":11,"turns":3}],"seed_played":"6733314623234257146","potions_obtained":[{"floor":1.0,"key":"Strength Potion"},{"floor":2.0,"key":"Energy Potion"}],"is_trial":false,"path_per_floor":["M","M","?","$","M","E","R","?","T","M","M"],"character_chosen":"IRONCLAD","items_purchased":["Shrug It Off"],"campfire_rested":0,"item_purchase_floors":[4],"current_hp_per_floor":[63,62,39,39,45,32,32,25,25,19,0],"gold":168,"neow_bonus":"RANDOM_COMMON_RELIC","is_prod":false,"is_daily":false,"chose_seed":false,"campfire_upgraded":1,"win_rate":0,"timestamp":1565148588,"path_taken":["M","M","?","$","M","E","R","?","T","M","?"],"build_version":"2019-07-17","purchased_purges":0,"victory":false,"max_hp_per_floor":[75,75,75,75,75,75,75,75,75,75,75],"card_choices":[{"not_picked":["Rage","Clash"],"picked":"Second Wind","floor":1.0},{"not_picked":["Power Through","Body Slam"],"picked":"Anger","floor":2.0},{"not_picked":["Pummel","Body Slam"],"picked":"Uppercut","floor":5.0},{"not_picked":["Perfected Strike","Thunderclap"],"picked":"Dropkick","floor":6.0},{"not_picked":["Warcry","Wild Strike+1"],"picked":"Pommel Strike+1","floor":10}],"player_experience":740896,"relics_obtained":[{"floor":6.0,"key":"Dead Branch"},{"floor":9,"key":"Molten Egg 2"}],"event_choices":[{"damage_healed":0.0,"max_hp_gain":0.0,"max_hp_loss":0.0,"gold_gain":0.0,"event_name":"Shining Light","player_choice":"Entered Light","floor":3.0,"gold_loss":0.0,"damage_taken":23.0,"cards_upgraded":["Defend_R","Defend_R"]},{"damage_healed":0,"gold_gain":50,"player_choice":"Touch","damage_taken":7,"max_hp_gain":0,"max_hp_loss":0,"event_name":"FaceTrader","floor":8,"gold_loss":0}],"is_beta":false,"boss_relics":[],"items_purged_floors":[],"is_endless":false,"potions_floor_spawned":[1,2,10],"killed_by":"Exordium Thugs","ascension_level":20}