{"gold_per_floor":[110,110,134,152,172,247,280,430,430,430,14,14,14,34,34,34],"floor_reached":16,"playtime":457,"items_purged":["Strike_R"],"score":176,"play_id":"5b755cba-4342-4141-9d64-f135f73dadaa","local_time":"20181223023634","is_ascension_mode":true,"campfire_choices":[{"data":"Flex","floor":10.0,"key":"SMITH"},{"data":"Doubt","floor":13,"key":"PURGE"},{"data":"Bash","floor":15,"key":"SMITH"}],"neow_cost":"NONE","seed_source_timestamp":127197677455000,"circlet_count":0,"master_deck":["AscendersBane","Strike_R","Strike_R","Defend_R","Defend_R","Defend_R","Defend_R","Bash+1","Twin Strike","Flex+1","Clash","Headbutt","Shrug It Off"],"special_seed":0,"relics":["Burning Blood","PreservedInsect","Ginger","Pear","Peace Pipe"],"potions_floor_usage":[16,16],"damage_taken":[{"damage":7.0,"enemies":"2 Louse","floor":1.0,"turns":4.0},{"damage":4.0,"enemies":"Jaw Worm","floor":4.0,"turns":4.0},{"damage":1.0,"enemies":"Cultist","floor":5.0,"turns":3.0},{"damage":30.0,"enemies":"3 Sentries","floor":7.0,"turns":9.0},{"damage":4,"enemies":"Exordium Wildlife","floor":14,"turns":4},{"damage":36,"enemies":"Slime Boss","floor":16,"turns":9}],"seed_played":"-1826254711902734902","potions_obtained":[{"floor":4.0,"key":"SkillPotion"},{"floor":5.0,"key":"BloodPotion"}],"is_trial":false,"path_per_floor":["M","?","T","M","M","?","E","?","T","R","$","$","R","M","R","B"],"character_chosen":"IRONCLAD","items_purchased":["Peace Pipe"],"campfire_rested":0,"item_purchase_floors":[11],"current_hp_per_floor":[67,60,60,62,67,56,32,32,42,42,42,42,42,44,44,16],"gold":34,"neow_bonus":"TRANSFORM_CARD","is_prod":false,"is_daily":false,"chose_seed":false,"campfire_upgraded":2,"win_rate":0,"timestamp":1545561394,"path_taken":["M","?","?","?","M","?","E","?","T","R","$","?","R","M","R","BOSS"],"build_version":"2018-12-20","purchased_purges":1,"victory":false,"max_hp_per_floor":[75,75,75,75,75,75,75,75,85,85,85,85,85,85,85,85],"card_choices":[{"not_picked":["Sword Boomerang","Dual Wield"],"picked":"Flex","floor":1.0},{"not_picked":["Pommel Strike","Wild Strike"],"picked":"Clash","floor":4.0},{"not_picked":["Fiend Fire","Havoc","Clothesline"],"picked":"SKIP","floor":5.0},{"not_picked":["True Grit","Thunderclap"],"picked":"Headbutt","floor":7.0},{"not_picked":["Heavy Blade","Anger"],"picked":"Shrug It Off","floor":14}],"player_experience":173744,"relics_obtained":[{"floor":3.0,"key":"PreservedInsect"},{"floor":7.0,"key":"Ginger"},{"floor":9.0,"key":"Pear"}],"event_choices":[{"cards_removed":["Strike_R"],"damage_healed":0.0,"max_hp_gain":0.0,"max_hp_loss":0.0,"gold_gain":0.0,"event_name":"Golden Wing","player_choice":"Card Removal","floor":2.0,"gold_loss":0.0,"damage_taken":7.0},{"damage_healed":0.0,"max_hp_gain":0.0,"max_hp_loss":0.0,"gold_gain":75.0,"event_name":"World of Goop","player_choice":"Gather Gold","floor":6.0,"gold_loss":0.0,"damage_taken":11.0},{"damage_healed":0.0,"max_hp_gain":0.0,"max_hp_loss":0.0,"gold_gain":150.0,"event_name":"Liars Game","player_choice":"AGREE","floor":8.0,"gold_loss":0.0,"damage_taken":0.0,"cards_obtained":["Doubt"]}],"is_beta":false,"boss_relics":[],"items_purged_floors":[11],"is_endless":false,"potions_floor_spawned":[4,5],"killed_by":"Slime Boss","ascension_level":16}