{"gold_per_floor":[365,384,401,476,489,489,12,39,121,151,169,169,169,169,169,248,248,262,273,27,27,27,56,56,56,56,56,106,131,131,145,145,222,222,240,257,557,575,192,223,223,248,248,248,283,7,21,21,21,21,21,21,21,21,48,48],"floor_reached":57,"playtime":2501,"items_purged":["Shame","Anger"],"score":3118,"play_id":"79881274-e562-466b-95e3-99e906599cbb","local_time":"20190908201351","is_ascension_mode":true,"campfire_choices":[{"data":"Headbutt","floor":6.0,"key":"SMITH"},{"data":"Battle Trance","floor":12.0,"key":"SMITH"},{"data":"Flex","floor":15.0,"key":"SMITH"},{"floor":25.0,"key":"REST"},{"data":"Demon Form","floor":27.0,"key":"SMITH"},{"data":"Brutality","floor":30.0,"key":"SMITH"},{"data":"Feed","floor":32.0,"key":"SMITH"},{"data":"Feel No Pain","floor":41.0,"key":"SMITH"},{"floor":44.0,"key":"REST"},{"floor":49.0,"key":"RECALL"},{"data":"Offering","floor":53.0,"key":"SMITH"}],"neow_cost":"PERCENT_DAMAGE","seed_source_timestamp":654492641632200,"circlet_count":0,"master_deck":["AscendersBane","Strike_R+1","Strike_R","Strike_R","Defend_R","Defend_R","Defend_R","Defend_R+1","Bash","Headbutt+1","Combust","Battle Trance+1","Cleave","Flex+1","Demon Form+1","Dual Wield+1","Apotheosis","Rage","Feed+1","Corruption","Ghostly","Ghostly","Ghostly","Brutality+1","Exhume","True Grit","Feel No Pain+1","Shrug It Off","Offering+1","Shrug It Off","Flame Barrier","Whirlwind+1","Parasite","True Grit+1","Demon Form+1"],"special_seed":0,"relics":["Burning Blood","Kunai","ClockworkSouvenir","Nunchaku","Mummified Hand","Regal Pillow","Dodecahedron","Snecko Eye","Pear","Molten Egg 2","Orichalcum","Runic Dome","PreservedInsect","The Courier","Bottled Lightning","Shuriken","Potion Belt","Ornamental Fan"],"potions_floor_usage":[56,56,56,56],"damage_taken":[{"damage":12.0,"enemies":"Cultist","floor":1.0,"turns":4.0},{"damage":8.0,"enemies":"2 Louse","floor":2.0,"turns":3.0},{"damage":4.0,"enemies":"Jaw Worm","floor":3.0,"turns":4.0},{"damage":10.0,"enemies":"2 Fungi Beasts","floor":5.0,"turns":4.0},{"damage":17.0,"enemies":"Gremlin Nob","floor":8.0,"turns":4.0},{"damage":24.0,"enemies":"Lagavulin","floor":10.0,"turns":5.0},{"damage":0.0,"enemies":"Large Slime","floor":11.0,"turns":3.0},{"damage":5.0,"enemies":"Slime Boss","floor":16.0,"turns":7.0},{"damage":53.0,"enemies":"Shell Parasite","floor":18.0,"turns":6.0},{"damage":3.0,"enemies":"Spheric Guardian","floor":19.0,"turns":3.0},{"damage":20.0,"enemies":"Gremlin Leader","floor":23.0,"turns":5.0},{"damage":0.0,"enemies":"Slavers","floor":29.0,"turns":3.0},{"damage":6.0,"enemies":"Snake Plant","floor":31.0,"turns":4.0},{"damage":18.0,"enemies":"Automaton","floor":33.0,"turns":6.0},{"damage":2.0,"enemies":"Orb Walker","floor":35.0,"turns":3.0},{"damage":20.0,"enemies":"3 Shapes","floor":36.0,"turns":3.0},{"damage":1.0,"enemies":"3 Darklings","floor":38.0,"turns":5.0},{"damage":12.0,"enemies":"Reptomancer","floor":40.0,"turns":6.0},{"damage":10.0,"enemies":"Nemesis","floor":42.0,"turns":7.0},{"damage":6.0,"enemies":"Reptomancer","floor":45.0,"turns":4.0},{"damage":8.0,"enemies":"Writhing Mass","floor":47.0,"turns":3.0},{"damage":6.0,"enemies":"Donu and Deca","floor":50.0,"turns":6.0},{"damage":26.0,"enemies":"Awakened One","floor":51.0,"turns":12.0},{"damage":33.0,"enemies":"Shield and Spear","floor":55.0,"turns":5.0},{"damage":36,"enemies":"The Heart","floor":56,"turns":8}],"seed_played":"-4653391241293599357","potions_obtained":[{"floor":1.0,"key":"SpeedPotion"},{"floor":3.0,"key":"Regen Potion"},{"floor":8.0,"key":"Regen Potion"},{"floor":10.0,"key":"SkillPotion"},{"floor":18.0,"key":"SteroidPotion"},{"floor":23.0,"key":"LiquidBronze"},{"floor":42.0,"key":"Dexterity Potion"},{"floor":47.0,"key":"BloodPotion"},{"floor":55.0,"key":"PowerPotion"}],"is_trial":false,"path_per_floor":["M","M","M","?","M","R","$","E","T","E","M","R","?","?","R","B",null,"M","M","$","?","?","E","?","R","T","R","?","E","R","M","R","B",null,"M","M","?","M","$","E","R","E","T","R","E","$","M","?","R","B","B",null,"R","$","E","B",null],"character_chosen":"IRONCLAD","items_purchased":["Kunai","ClockworkSouvenir","Apotheosis","AttackPotion","Feel No Pain","Shrug It Off","Offering","Potion Belt","Ancient Potion"],"campfire_rested":2,"item_purchase_floors":[7,7,20,20,39,39,39,46,46],"current_hp_per_floor":[44,42,44,33,29,29,29,18,18,34,40,40,17,17,17,18,61,14,17,17,27,27,13,13,40,40,40,40,42,42,42,42,30,39,46,40,40,49,49,43,43,39,39,58,58,58,56,56,56,56,36,53,53,53,30,15],"gold":48,"neow_bonus":"TWO_FIFTY_GOLD","is_prod":false,"is_daily":false,"chose_seed":false,"campfire_upgraded":8,"win_rate":0,"timestamp":1567998831,"path_taken":["M","?","M","?","M","R","$","E","T","E","M","R","?","?","R","BOSS","M","M","$","?","?","E","?","R","T","R","?","E","R","M","R","BOSS","M","M","?","M","?","E","R","E","T","R","E","$","?","?","R","BOSS","BOSS","R","$","E","BOSS"],"build_version":"2019-07-17","purchased_purges":2,"victory":true,"max_hp_per_floor":[75,75,75,75,75,75,75,75,75,75,75,75,75,75,75,75,75,75,75,75,85,85,85,42,42,42,42,42,42,42,42,42,42,42,46,54,54,58,58,58,58,58,58,58,58,58,58,58,58,58,58,58,58,58,62,62],"card_choices":[{"not_picked":["Clash","Rage","Body Slam"],"picked":"SKIP","floor":1.0},{"not_picked":["Thunderclap","Perfected Strike"],"picked":"Headbutt","floor":2.0},{"not_picked":["Infernal Blade","Thunderclap"],"picked":"Combust","floor":3.0},{"not_picked":["Corruption","Clash"],"picked":"Anger","floor":5.0},{"not_picked":["Burning Pact","Cleave"],"picked":"Battle Trance","floor":8.0},{"not_picked":["Iron Wave","Perfected Strike"],"picked":"Cleave","floor":10.0},{"not_picked":["Heavy Blade","Anger"],"picked":"Flex","floor":11.0},{"not_picked":["Offering","Feed"],"picked":"Demon Form","floor":16.0},{"not_picked":["True Grit","Twin Strike"],"picked":"Dual Wield+1","floor":18.0},{"not_picked":["Rage+1","Wild Strike","Rupture"],"picked":"SKIP","floor":19.0},{"not_picked":["True Grit","Rage"],"picked":"Corruption","floor":23.0},{"not_picked":["Flex","Spot Weakness"],"picked":"Brutality","floor":29.0},{"not_picked":["Dropkick+1","Evolve","Anger+1"],"picked":"SKIP","floor":31.0},{"not_picked":["Berserk","Feed+1"],"picked":"Exhume","floor":33.0},{"not_picked":["Headbutt+1","Combust"],"picked":"True Grit","floor":35.0},{"not_picked":["Thunderclap+1","Pommel Strike+1","Seeing Red+1"],"picked":"SKIP","floor":36.0},{"not_picked":["Carnage+1","Thunderclap+1","Wild Strike+1"],"picked":"SKIP","floor":38.0},{"not_picked":["Seeing Red","Sword Boomerang+1"],"picked":"Shrug It Off","floor":40.0},{"not_picked":["Fire Breathing","Wild Strike+1"],"picked":"Flame Barrier","floor":42.0},{"not_picked":["Blood for Blood+1","Power Through"],"picked":"Whirlwind+1","floor":45.0},{"not_picked":["Perfected Strike+1","Shrug It Off"],"picked":"True Grit+1","floor":47.0},{"not_picked":["Twin Strike+1","Berserk","Headbutt+1"],"picked":"SKIP","floor":55.0}],"player_experience":899257,"relics_obtained":[{"floor":8.0,"key":"Nunchaku"},{"floor":9.0,"key":"Mummified Hand"},{"floor":10.0,"key":"Regal Pillow"},{"floor":14.0,"key":"Dodecahedron"},{"floor":23.0,"key":"Molten Egg 2"},{"floor":29.0,"key":"Orichalcum"},{"floor":40.0,"key":"PreservedInsect"},{"floor":42.0,"key":"The Courier"},{"floor":43.0,"key":"Bottled Lightning"},{"floor":45.0,"key":"Shuriken"},{"floor":55.0,"key":"Ornamental Fan"}],"event_choices":[{"damage_healed":0.0,"max_hp_gain":0.0,"max_hp_loss":0.0,"gold_gain":75.0,"event_name":"World of Goop","player_choice":"Gather Gold","floor":4.0,"gold_loss":0.0,"damage_taken":11.0},{"damage_healed":0.0,"max_hp_gain":0.0,"max_hp_loss":0.0,"gold_gain":0.0,"event_name":"Shining Light","player_choice":"Entered Light","floor":13.0,"gold_loss":0.0,"damage_taken":23.0,"cards_upgraded":["Defend_R","Strike_R"]},{"damage_healed":0.0,"max_hp_gain":0.0,"max_hp_loss":0.0,"gold_gain":0.0,"event_name":"Wheel of Change","player_choice":"Relic","floor":14.0,"gold_loss":0.0,"damage_taken":0.0},{"damage_healed":0.0,"max_hp_gain":0.0,"max_hp_loss":0.0,"gold_gain":0.0,"event_name":"Addict","player_choice":"Stole Relic","floor":21.0,"gold_loss":0.0,"damage_taken":0.0,"relics_obtained":["Pear"],"cards_obtained":["Shame"]},{"damage_healed":0.0,"max_hp_gain":0.0,"max_hp_loss":0.0,"gold_gain":0.0,"cards_transformed":["Strike_R","Strike_R"],"event_name":"Drug Dealer","player_choice":"Became Test Subject","floor":22.0,"gold_loss":0.0,"damage_taken":0.0,"cards_obtained":["Rage","Feed"]},{"damage_healed":0.0,"max_hp_gain":0.0,"max_hp_loss":43.0,"gold_gain":0.0,"event_name":"Ghosts","player_choice":"Became a Ghost","floor":24.0,"gold_loss":0.0,"damage_taken":0.0,"cards_obtained":["Ghostly","Ghostly","Ghostly"]},{"damage_healed":0.0,"max_hp_gain":0.0,"max_hp_loss":0.0,"gold_gain":50.0,"event_name":"Nest","player_choice":"Stole From Cult","floor":28.0,"gold_loss":0.0,"damage_taken":0.0},{"damage_healed":0.0,"max_hp_gain":0.0,"max_hp_loss":0.0,"gold_gain":300.0,"event_name":"Wheel of Change","player_choice":"Gold","floor":37.0,"gold_loss":0.0,"damage_taken":0.0},{"damage_healed":0.0,"max_hp_gain":0.0,"max_hp_loss":0.0,"gold_gain":0.0,"event_name":"Duplicator","player_choice":"Copied","floor":48.0,"gold_loss":0.0,"damage_taken":0.0,"cards_obtained":["Demon Form"]}],"is_beta":false,"boss_relics":[{"not_picked":["Black Blood","White Beast Statue"],"picked":"Snecko Eye"},{"not_picked":["Tiny House","Runic Cube"],"picked":"Runic Dome"}],"items_purged_floors":[39,46],"is_endless":false,"potions_floor_spawned":[1,3,8,10,18,23,42,45,47,55],"ascension_level":20}