{"gold_per_floor":[112,37,37,52,27,60,60,60,60,88,106,126,126,159,159,232,232,242,261,22,22,37,37,57,57,57,77,127,144,144,163,163,163],"floor_reached":33,"playtime":1315,"items_purged":["Strike_R"],"score":481,"play_id":"5616b380-8b08-424d-bfa4-3863a2c40dd2","local_time":"20181218184251","is_ascension_mode":true,"campfire_choices":[{"floor":7,"key":"REST"},{"data":"Rampage","floor":13,"key":"SMITH"},{"floor":15,"key":"REST"},{"floor":23,"key":"REST"},{"floor":25,"key":"REST"},{"data":"Armaments","floor":30,"key":"SMITH"},{"floor":32,"key":"REST"}],"neow_cost":"NONE","seed_source_timestamp":298745515197300,"circlet_count":0,"master_deck":["AscendersBane","Strike_R","Strike_R","Strike_R","Defend_R","Defend_R","Defend_R","Defend_R","Bash+1","Cleave","Rampage+1","Shrug It Off","Iron Wave","Shockwave","Headbutt","Battle Trance","Fiend Fire","True Grit","Battle Trance","Armaments+1","Whirlwind"],"relics":["Burning Blood","Omamori","Mercury Hourglass","Shuriken","Strawberry","Charon\u0027s Ashes","White Beast Statue","Anchor","Pear"],"potions_floor_usage":[16,19,22,24,27],"damage_taken":[{"damage":18,"enemies":"Small Slimes","floor":1,"turns":5},{"damage":8,"enemies":"2 Louse","floor":4,"turns":2},{"damage":44,"enemies":"3 Sentries","floor":6,"turns":9},{"damage":25,"enemies":"Gremlin Nob","floor":10,"turns":4},{"damage":0,"enemies":"Cultist","floor":11,"turns":3},{"damage":11,"enemies":"Looter","floor":12,"turns":2},{"damage":22,"enemies":"Lagavulin","floor":14,"turns":5},{"damage":69,"enemies":"Hexaghost","floor":16,"turns":10},{"damage":17,"enemies":"Chosen","floor":18,"turns":5},{"damage":47,"enemies":"Shell Parasite","floor":19,"turns":7},{"damage":8,"enemies":"Centurion and Healer","floor":22,"turns":4},{"damage":2,"enemies":"Snake Plant","floor":24,"turns":3},{"damage":3,"enemies":"Chosen and Byrds","floor":27,"turns":5},{"damage":19,"enemies":"Centurion and Healer","floor":29,"turns":6},{"damage":10,"enemies":"Snake Plant","floor":31,"turns":4},{"damage":89,"enemies":"Champ","floor":33,"turns":13}],"seed_played":"-6879700458415946426","potions_obtained":[{"floor":4,"key":"SpeedPotion"},{"floor":6,"key":"Block Potion"},{"floor":18,"key":"GamblersBrew"},{"floor":19,"key":"PowerPotion"},{"floor":22,"key":"Explosive Potion"},{"floor":24,"key":"LiquidBronze"},{"floor":27,"key":"GamblersBrew"},{"floor":31,"key":"Energy Potion"}],"is_trial":false,"path_per_floor":["M","?","?","M","$","E","R","?","T","E","M","M","R","E","R","B",null,"M","M","$","$","M","R","M","R","T","M","?","M","R","M","R","B"],"character_chosen":"IRONCLAD","items_purchased":["Shrug It Off","Anchor"],"campfire_rested":5,"item_purchase_floors":[5,20],"current_hp_per_floor":[56,56,56,54,54,16,38,75,75,63,69,64,64,48,72,9,64,53,12,12,12,10,34,38,62,72,75,75,62,62,58,85,0],"gold":163,"neow_bonus":"RANDOM_COMMON_RELIC","is_prod":false,"is_daily":false,"chose_seed":false,"campfire_upgraded":2,"win_rate":0,"timestamp":1545187371,"path_taken":["M","?","?","M","$","E","R","?","T","E","M","M","R","E","R","BOSS","M","M","?","$","M","R","M","R","T","M","?","M","R","M","R","BOSS"],"build_version":"2018-12-13","purchased_purges":1,"victory":false,"max_hp_per_floor":[75,75,75,75,75,75,75,75,75,82,82,82,82,82,82,82,82,82,82,82,82,82,82,82,82,92,92,92,92,92,92,92,92],"card_choices":[{"not_picked":["True Grit","Heavy Blade"],"picked":"Cleave","floor":1},{"not_picked":["Feel No Pain","Cleave"],"picked":"Rampage","floor":4},{"not_picked":["Sword Boomerang","Flex"],"picked":"Feel No Pain","floor":6},{"not_picked":["Perfected Strike","Second Wind"],"picked":"Iron Wave","floor":10},{"not_picked":["Reckless Charge","Warcry"],"picked":"Shockwave","floor":11},{"not_picked":["Sword Boomerang","Thunderclap"],"picked":"Headbutt","floor":12},{"not_picked":["Brutality","Heavy Blade"],"picked":"Battle Trance","floor":14},{"not_picked":["Limit Break","Feed"],"picked":"Fiend Fire","floor":16},{"not_picked":["Reckless Charge","Clothesline","Thunderclap"],"picked":"SKIP","floor":18},{"not_picked":["Body Slam","Blood for Blood"],"picked":"True Grit","floor":19},{"not_picked":["Iron Wave","Perfected Strike","Shockwave"],"picked":"SKIP","floor":22},{"not_picked":["Searing Blow","Rampage","Perfected Strike"],"picked":"SKIP","floor":24},{"not_picked":["Flex","Twin Strike"],"picked":"Battle Trance","floor":27},{"not_picked":["Clothesline","Shrug It Off"],"picked":"Armaments","floor":29},{"not_picked":["Reckless Charge","Iron Wave"],"picked":"Whirlwind","floor":31}],"player_experience":150760,"relics_obtained":[{"floor":6,"key":"Mercury Hourglass"},{"floor":9,"key":"Shuriken"},{"floor":10,"key":"Strawberry"},{"floor":14,"key":"Charon\u0027s Ashes"},{"floor":26,"key":"Pear"}],"event_choices":[{"cards_removed":["Strike_R"],"damage_healed":0,"gold_gain":0,"player_choice":"Card Removal","damage_taken":0,"max_hp_gain":0,"max_hp_loss":0,"event_name":"The Cleric","floor":2,"gold_loss":75},{"damage_healed":0,"gold_gain":0,"player_choice":"Grow","damage_taken":0,"max_hp_gain":0,"max_hp_loss":0,"event_name":"Living Wall","floor":3,"gold_loss":0,"cards_upgraded":["Bash"]},{"cards_removed":["Feel No Pain"],"damage_healed":37,"gold_gain":0,"player_choice":"Offered Uncommon","damage_taken":0,"max_hp_gain":0,"max_hp_loss":0,"event_name":"Bonfire Elementals","floor":8,"gold_loss":0},{"damage_healed":0,"gold_gain":50,"player_choice":"Stole From Cult","damage_taken":0,"max_hp_gain":0,"max_hp_loss":0,"event_name":"Nest","floor":28,"gold_loss":0}],"is_beta":false,"boss_relics":[{"not_picked":["Snecko Eye","Coffee Dripper"],"picked":"White Beast Statue"}],"items_purged_floors":[20],"is_endless":false,"potions_floor_spawned":[4,6,11,12,18,19,22,24,27,29,31],"killed_by":"Champ","ascension_level":16}