{"gold_per_floor":[369,369,383,11,30,30,58,58,58,86,117,137,137,164,164,242,242,257,257,3,19,36,36],"floor_reached":23,"playtime":807,"items_purged":["Shame"],"score":437,"play_id":"862a8f14-4777-4493-8614-274666c97e44","local_time":"20190728205657","is_ascension_mode":true,"campfire_choices":[{"data":"Carnage","floor":6.0,"key":"SMITH"},{"data":"Reckless Charge","floor":8.0,"key":"SMITH"},{"floor":13,"key":"REST"},{"data":"Disarm","floor":15,"key":"SMITH"}],"neow_cost":"CURSE","seed_source_timestamp":999380036285200,"circlet_count":0,"master_deck":["AscendersBane","Strike_R","Strike_R","Strike_R","Strike_R","Strike_R","Defend_R","Defend_R","Defend_R","Defend_R","Bash","True Grit","Corruption","Carnage+1","Reckless Charge+1","Evolve","Disarm+1","Flame Barrier","True Grit","Pommel Strike+1","Fiend Fire+1","Cleave+1","Disarm","Spot Weakness","Reckless Charge+1","Metallicize+1","Cleave+1"],"special_seed":0,"relics":["Burning Blood","Spirit Poop","Medical Kit","WingedGreaves","Molten Egg 2","Dream Catcher","Happy Flower","The Courier","Runic Pyramid","Frozen Egg 2"],"potions_floor_usage":[11,11,14,23,23],"damage_taken":[{"damage":7.0,"enemies":"Jaw Worm","floor":1.0,"turns":3.0},{"damage":7.0,"enemies":"Cultist","floor":3.0,"turns":5.0},{"damage":0.0,"enemies":"2 Louse","floor":5.0,"turns":3.0},{"damage":31.0,"enemies":"Gremlin Nob","floor":7.0,"turns":4.0},{"damage":23.0,"enemies":"Lagavulin","floor":10.0,"turns":7.0},{"damage":14,"enemies":"Gremlin Nob","floor":11,"turns":3},{"damage":6,"enemies":"Red Slaver","floor":12,"turns":3},{"damage":18,"enemies":"3 Sentries","floor":14,"turns":9},{"damage":28,"enemies":"Hexaghost","floor":16,"turns":12},{"damage":13,"enemies":"Chosen","floor":18,"turns":4},{"damage":16,"enemies":"Shell Parasite","floor":21,"turns":5},{"damage":28,"enemies":"Snake Plant","floor":22,"turns":3},{"damage":37,"enemies":"Gremlin Leader","floor":23,"turns":5}],"seed_played":"811026716243266619","potions_obtained":[{"floor":1.0,"key":"Energy Potion"},{"floor":3.0,"key":"SkillPotion"},{"floor":10,"key":"Swift Potion"},{"floor":12,"key":"SkillPotion"},{"floor":16,"key":"Regen Potion"},{"floor":21,"key":"Poison Potion"}],"is_trial":false,"path_per_floor":["M","?","M","$","M","R","E","R","T","E","E","M","R","E","R","B",null,"M","?","$","M","M","E"],"character_chosen":"IRONCLAD","items_purchased":["Medical Kit","Corruption","Carnage","Disarm","Spot Weakness","Reckless Charge+1"],"campfire_rested":1,"item_purchase_floors":[4,4,4,20,20,20],"current_hp_per_floor":[67,67,66,66,72,72,47,47,47,30,22,22,44,32,32,10,59,52,52,52,42,20,0],"gold":36,"neow_bonus":"TWO_FIFTY_GOLD","is_prod":false,"is_daily":false,"chose_seed":false,"campfire_upgraded":3,"win_rate":0,"timestamp":1564372617,"path_taken":["M","?","?","$","M","R","E","R","T","E","E","M","R","E","R","BOSS","M","?","$","M","M","E"],"build_version":"2019-07-17","purchased_purges":1,"victory":false,"max_hp_per_floor":[75,75,75,75,75,75,75,75,75,75,75,75,75,75,75,75,75,75,75,75,75,75,75],"card_choices":[{"not_picked":["Wild Strike","Pommel Strike"],"picked":"True Grit","floor":1.0},{"not_picked":["Havoc","Ghostly Armor","Body Slam"],"picked":"SKIP","floor":3.0},{"not_picked":["Flex","Perfected Strike"],"picked":"Reckless Charge","floor":5.0},{"not_picked":["Dark Embrace","Iron Wave"],"picked":"Evolve","floor":7.0},{"not_picked":["Power Through","Dual Wield"],"picked":"Disarm","floor":10},{"not_picked":["Combust","Sever Soul+1","Body Slam+1"],"picked":"SKIP","floor":11},{"not_picked":["Clothesline+1","Thunderclap+1"],"picked":"Flame Barrier","floor":12},{"not_picked":["Fire Breathing","Pummel+1"],"picked":"True Grit","floor":13},{"not_picked":["Rampage+1","Heavy Blade+1"],"picked":"Pommel Strike+1","floor":14},{"not_picked":["Barricade","Limit Break"],"picked":"Fiend Fire+1","floor":16},{"not_picked":["Burning Pact","Clash+1"],"picked":"Cleave+1","floor":18},{"not_picked":["Clash+1","Blood for Blood+1"],"picked":"Metallicize+1","floor":21},{"not_picked":["Headbutt+1","Dual Wield"],"picked":"Cleave+1","floor":22}],"player_experience":714022,"relics_obtained":[{"floor":7.0,"key":"WingedGreaves"},{"floor":9.0,"key":"Molten Egg 2"},{"floor":10,"key":"Dream Catcher"},{"floor":11,"key":"Happy Flower"},{"floor":14,"key":"The Courier"}],"event_choices":[{"cards_removed":["Normality"],"damage_healed":0.0,"max_hp_gain":0.0,"max_hp_loss":0.0,"gold_gain":0.0,"event_name":"Bonfire Elementals","player_choice":"Offered Curse","floor":2.0,"gold_loss":0.0,"damage_taken":0.0,"relics_obtained":["Spirit Poop"]},{"damage_healed":0,"gold_gain":0,"player_choice":"Stole Relic","damage_taken":0,"relics_obtained":["Frozen Egg 2"],"max_hp_gain":0,"max_hp_loss":0,"event_name":"Addict","floor":19,"gold_loss":0,"cards_obtained":["Shame"]}],"is_beta":false,"boss_relics":[{"not_picked":["White Beast Statue","Empty Cage"],"picked":"Runic Pyramid"}],"items_purged_floors":[20],"is_endless":false,"potions_floor_spawned":[1,3,7,10,12,16,21,22],"killed_by":"Gremlin Leader","ascension_level":20}