{"gold_per_floor":[117,39,54,54,66,66,78,78,78,78,90,43,60,73,73,174,174,191,466,19,37,56,56,56],"floor_reached":24,"playtime":731,"items_purged":[],"score":238,"play_id":"df9c6215-9f79-4a07-9750-99f7a914dbf2","local_time":"20190112085755","is_ascension_mode":true,"campfire_choices":[{"data":"Zap","floor":6.0,"key":"SMITH"},{"data":"Loop","floor":8.0,"key":"SMITH"},{"data":"Streamline","floor":15,"key":"SMITH"},{"floor":23,"key":"REST"}],"neow_cost":"NONE","seed_source_timestamp":0,"circlet_count":0,"master_deck":["Defend_B","Defend_B","Defend_B","Zap+1","Dualcast","Beam Cell","Loop+1","Self Repair","Coolheaded","Conserve Battery","Leap","Rebound","Streamline+1","Seek","Leap","Regret","Meteor Strike","Ball Lightning+1","Genetic Algorithm+1"],"special_seed":0,"relics":["Cracked Core","Mercury Hourglass","Empty Cage","Ice Cream"],"potions_floor_usage":[21,22],"damage_taken":[{"damage":0.0,"enemies":"Cultist","floor":1.0,"turns":3.0},{"damage":11.0,"enemies":"Small Slimes","floor":3.0,"turns":3.0},{"damage":4.0,"enemies":"Jaw Worm","floor":5.0,"turns":4.0},{"damage":25.0,"enemies":"Lots of Slimes","floor":7.0,"turns":4.0},{"damage":7.0,"enemies":"Exordium Wildlife","floor":11.0,"turns":4.0},{"damage":6.0,"enemies":"Blue Slaver","floor":13.0,"turns":3.0},{"damage":5,"enemies":"Gremlin Gang","floor":14,"turns":3},{"damage":17,"enemies":"Slime Boss","floor":16,"turns":7},{"damage":21,"enemies":"Spheric Guardian","floor":18,"turns":4},{"damage":40,"enemies":"2 Thieves","floor":21,"turns":5},{"damage":15,"enemies":"Snake Plant","floor":22,"turns":4},{"damage":32,"enemies":"3 Cultists","floor":24,"turns":4}],"seed_played":"7213321602722971617","potions_obtained":[{"floor":1.0,"key":"Energy Potion"},{"floor":7.0,"key":"LiquidBronze"},{"floor":11.0,"key":"GamblersBrew"},{"floor":16,"key":"Strength Potion"},{"floor":18,"key":"Ancient Potion"},{"floor":22,"key":"FearPotion"}],"is_trial":false,"path_per_floor":["M","$","M","?","M","R","M","R","T","?","M","$","M","M","R","B",null,"M","?","$","M","M","R","M"],"character_chosen":"DEFECT","items_purchased":["Loop","Rebound","Ice Cream","Meteor Strike"],"campfire_rested":1,"item_purchase_floors":[2,12,20,20],"current_hp_per_floor":[75,75,64,57,60,60,42,42,42,42,42,42,43,45,45,35,65,51,51,51,18,10,32,0],"gold":56,"neow_bonus":"REMOVE_CARD","is_prod":false,"is_daily":false,"chose_seed":false,"campfire_upgraded":3,"win_rate":0,"timestamp":1547305075,"path_taken":["M","$","?","?","M","R","M","R","T","?","M","$","M","?","R","BOSS","M","?","$","M","M","R","?"],"build_version":"2019-01-10","purchased_purges":0,"victory":false,"max_hp_per_floor":[75,75,75,75,75,75,75,75,75,75,75,75,75,75,75,75,75,75,75,75,75,75,75,75],"card_choices":[{"not_picked":["Aggregate","Redo"],"picked":"Beam Cell","floor":1.0},{"not_picked":["Ball Lightning","Melter"],"picked":"Self Repair","floor":3.0},{"not_picked":["Tempest","Go for the Eyes"],"picked":"Coolheaded","floor":5.0},{"not_picked":["Hello World","Turbo"],"picked":"Conserve Battery","floor":7.0},{"not_picked":["Sunder","All For One"],"picked":"Leap","floor":11.0},{"not_picked":["Barrage","Compile Driver","Coolheaded"],"picked":"SKIP","floor":13.0},{"not_picked":["Hologram","Coolheaded"],"picked":"Streamline","floor":14},{"not_picked":["Fission","Hyperbeam"],"picked":"Seek","floor":16},{"not_picked":["Compile Driver","Gash"],"picked":"Leap","floor":18},{"not_picked":["Rebound","Steam Power"],"picked":"Ball Lightning+1","floor":21},{"not_picked":["Barrage","Turbo"],"picked":"Genetic Algorithm+1","floor":22}],"player_experience":132902,"relics_obtained":[{"floor":9.0,"key":"Mercury Hourglass"}],"event_choices":[{"cards_removed":["Strike_B"],"damage_healed":0.0,"max_hp_gain":0.0,"max_hp_loss":0.0,"gold_gain":0.0,"event_name":"Golden Wing","player_choice":"Card Removal","floor":4.0,"gold_loss":0.0,"damage_taken":7.0},{"cards_removed":["Defend_B"],"damage_healed":0.0,"max_hp_gain":0.0,"max_hp_loss":0.0,"gold_gain":0.0,"event_name":"Bonfire Elementals","player_choice":"Offered Basic","floor":10.0,"gold_loss":0.0,"damage_taken":0.0},{"damage_healed":0,"gold_gain":275,"player_choice":"Desecrate","damage_taken":0,"max_hp_gain":0,"max_hp_loss":0,"event_name":"Golden Shrine","floor":19,"gold_loss":0,"cards_obtained":["Regret"]}],"is_beta":false,"boss_relics":[{"not_picked":["Runic Dome","White Beast Statue"],"picked":"Empty Cage"}],"items_purged_floors":[],"is_endless":false,"potions_floor_spawned":[1,7,11,16,18,22],"killed_by":"3 Cultists","ascension_level":5}