{"gold_per_floor":[117,132,150,150,169,169,210,210,278,291,441,9,52,27,27,123,123,142,142,163,177,177,177,192,35,35,35,68,68,68],"floor_reached":30,"playtime":1047,"items_purged":["Doubt"],"score":464,"play_id":"e6970a45-6b5d-4eb6-af4f-90db23e46c04","local_time":"20181218190213","is_ascension_mode":true,"campfire_choices":[{"data":"Rampage","floor":6.0,"key":"SMITH"},{"floor":8.0,"key":"REST"},{"floor":15.0,"key":"REST"},{"floor":23,"key":"REST"},{"floor":27,"key":"REST"},{"data":"Whirlwind","floor":29,"key":"SMITH"}],"neow_cost":"NONE","seed_source_timestamp":300070499462900,"circlet_count":0,"master_deck":["AscendersBane","Strike_R","Strike_R","Strike_R","Strike_R","Defend_R","Defend_R","Defend_R","Defend_R","Bash","Impervious","Shrug It Off","Shrug It Off","Rampage+1","Inflame","Reaper","Whirlwind+1","Shrug It Off+1","Anger","Limit Break+1","Headbutt"],"special_seed":0,"relics":["Burning Blood","Golden Idol","Calipers","Pantograph","Toxic Egg 2","Oddly Smooth Stone","Lizard Tail","Regal Pillow","Mercury Hourglass","Blue Candle"],"potions_floor_usage":[21,21,28],"damage_taken":[{"damage":6.0,"enemies":"Cultist","floor":1.0,"turns":4.0},{"damage":4.0,"enemies":"Jaw Worm","floor":2.0,"turns":5.0},{"damage":0.0,"enemies":"2 Louse","floor":3.0,"turns":4.0},{"damage":2.0,"enemies":"Exordium Wildlife","floor":5.0,"turns":4.0},{"damage":37.0,"enemies":"Gremlin Nob","floor":7.0,"turns":6.0},{"damage":35.0,"enemies":"Exordium Thugs","floor":10.0,"turns":6.0},{"damage":21.0,"enemies":"3 Sentries","floor":13.0,"turns":9.0},{"damage":39.0,"enemies":"The Guardian","floor":16.0,"turns":14.0},{"damage":7.0,"enemies":"3 Byrds","floor":18.0,"turns":4.0},{"damage":20.0,"enemies":"Shell Parasite","floor":20.0,"turns":8.0},{"damage":61,"enemies":"3 Cultists","floor":21,"turns":6},{"damage":57,"enemies":"Shelled Parasite and Fungi","floor":24,"turns":8},{"damage":43,"enemies":"Slavers","floor":28,"turns":6},{"damage":37,"enemies":"Chosen and Byrds","floor":30,"turns":4}],"seed_played":"5134559411443511427","potions_obtained":[{"floor":2.0,"key":"Weak Potion"},{"floor":7.0,"key":"AttackPotion"},{"floor":13.0,"key":"Explosive Potion"},{"floor":20.0,"key":"Energy Potion"},{"floor":24,"key":"AttackPotion"}],"is_trial":false,"path_per_floor":["M","M","M","?","M","R","E","R","T","M","?","$","E","$","R","B",null,"M","?","M","M","?","R","M","$","T","R","E","R","M"],"character_chosen":"IRONCLAD","items_purchased":["Whirlwind","Toxic Egg 2","Anger","Regal Pillow"],"campfire_rested":4,"item_purchase_floors":[12,12,14,25],"current_hp_per_floor":[68,70,75,68,68,68,37,57,57,28,28,28,25,25,45,40,61,68,68,65,32,32,52,35,35,35,68,31,31,0],"gold":68,"neow_bonus":"TRANSFORM_CARD","is_prod":false,"is_daily":false,"chose_seed":false,"campfire_upgraded":2,"win_rate":0,"timestamp":1545188533,"path_taken":["M","M","?","?","M","R","E","R","T","M","?","$","E","?","R","BOSS","M","?","M","M","?","R","M","?","T","R","E","R","?"],"build_version":"2018-12-13","purchased_purges":1,"victory":false,"max_hp_per_floor":[75,75,75,68,68,68,68,68,68,68,68,68,68,68,68,68,68,68,68,68,68,68,68,68,68,68,68,68,68,68],"card_choices":[{"not_picked":["Cleave","Heavy Blade"],"picked":"Shrug It Off","floor":1.0},{"not_picked":["Pommel Strike","Twin Strike"],"picked":"Shrug It Off","floor":2.0},{"not_picked":["Armaments","Sword Boomerang"],"picked":"Rampage","floor":3.0},{"not_picked":["Iron Wave","Clothesline"],"picked":"Inflame","floor":5.0},{"not_picked":["Clothesline","Evolve","Second Wind"],"picked":"SKIP","floor":7.0},{"not_picked":["Twin Strike","Power Through"],"picked":"Reaper","floor":10.0},{"not_picked":["Twin Strike","Cleave"],"picked":"Shrug It Off+1","floor":13.0},{"not_picked":["Feed","Dark Embrace"],"picked":"Limit Break+1","floor":16.0},{"not_picked":["Cleave","Rage+1","Shrug It Off+1"],"picked":"SKIP","floor":18.0},{"not_picked":["Burning Pact+1","Body Slam","Sword Boomerang+1"],"picked":"SKIP","floor":20.0},{"not_picked":["Pommel Strike","Havoc+1","Thunderclap"],"picked":"SKIP","floor":21},{"not_picked":["Fire Breathing","True Grit+1"],"picked":"Headbutt","floor":24},{"not_picked":["Brutality","Headbutt+1","Iron Wave+1"],"picked":"SKIP","floor":28}],"player_experience":152075,"relics_obtained":[{"floor":7.0,"key":"Calipers"},{"floor":9.0,"key":"Pantograph"},{"floor":13.0,"key":"Oddly Smooth Stone"},{"floor":26,"key":"Mercury Hourglass"},{"floor":28,"key":"Blue Candle"}],"event_choices":[{"damage_healed":0.0,"max_hp_gain":0.0,"max_hp_loss":7.0,"gold_gain":0.0,"event_name":"Golden Idol","player_choice":"Lose Max HP","floor":4.0,"gold_loss":0.0,"damage_taken":0.0,"relics_obtained":["Golden Idol"]},{"damage_healed":0.0,"max_hp_gain":0.0,"max_hp_loss":0.0,"gold_gain":150.0,"event_name":"Liars Game","player_choice":"AGREE","floor":11.0,"gold_loss":0.0,"damage_taken":0.0,"cards_obtained":["Doubt"]},{"damage_healed":0.0,"max_hp_gain":0.0,"max_hp_loss":0.0,"gold_gain":0.0,"event_name":"The Mausoleum","player_choice":"Ignored","floor":19.0,"gold_loss":0.0,"damage_taken":0.0},{"damage_healed":0,"gold_gain":0,"player_choice":"Ignored","damage_taken":0,"max_hp_gain":0,"max_hp_loss":0,"event_name":"Vampires","floor":22,"gold_loss":0}],"is_beta":false,"boss_relics":[{"not_picked":["Coffee Dripper","Astrolabe"],"picked":"Lizard Tail"}],"items_purged_floors":[12],"is_endless":false,"potions_floor_spawned":[2,7,13,20,24],"killed_by":"Chosen and Byrds","ascension_level":16}