{"gold_per_floor":[119,44,57,71,71,97,97,115,115,115,115],"floor_reached":11,"playtime":556,"items_purged":["Strike_R"],"score":146,"play_id":"6aeedb22-2638-4236-9829-8ec4f6f9df8d","local_time":"20190504213748","is_ascension_mode":true,"campfire_choices":[{"data":"Spot Weakness","floor":10,"key":"SMITH"}],"neow_cost":"TEN_PERCENT_HP_LOSS","seed_source_timestamp":677909747769000,"circlet_count":0,"master_deck":["AscendersBane","Strike_R","Strike_R","Strike_R","Strike_R","Defend_R","Defend_R","Defend_R","Defend_R","Bash","Dramatic Entrance","Dramatic Entrance","Iron Wave","Spot Weakness+1","Wild Strike","Sword Boomerang"],"relics":["Burning Blood","Happy Flower","Boot"],"potions_floor_usage":[11],"damage_taken":[{"damage":0,"enemies":"Small Slimes","floor":1,"turns":3},{"damage":2,"enemies":"Jaw Worm","floor":3,"turns":3},{"damage":1,"enemies":"Cultist","floor":4,"turns":4},{"damage":46,"enemies":"Gremlin Nob","floor":6,"turns":5},{"damage":16,"enemies":"Blue Slaver","floor":8,"turns":4},{"damage":20,"enemies":"3 Sentries","floor":11,"turns":3}],"seed_played":"931467966519612670","potions_obtained":[{"floor":6,"key":"SneckoOil"}],"is_trial":false,"path_per_floor":["M","$","M","M","?","E","?","M","T","R","E"],"character_chosen":"IRONCLAD","items_purchased":[],"campfire_rested":0,"item_purchase_floors":[],"current_hp_per_floor":[68,68,68,68,68,28,28,18,18,18,0],"gold":115,"neow_bonus":"RANDOM_COLORLESS_2","is_prod":false,"is_daily":false,"chose_seed":false,"campfire_upgraded":1,"win_rate":0,"timestamp":1557020268,"path_taken":["M","$","M","M","?","E","?","M","T","R","E"],"build_version":"2019-01-23","purchased_purges":1,"victory":false,"max_hp_per_floor":[68,68,68,68,68,68,68,68,68,68,68],"card_choices":[{"not_picked":["Clash","Body Slam"],"picked":"Iron Wave","floor":1},{"not_picked":["True Grit","Whirlwind"],"picked":"Spot Weakness","floor":3},{"not_picked":["Inflame","Blood for Blood","Flex"],"picked":"SKIP","floor":4},{"not_picked":["Blood for Blood","Havoc"],"picked":"Wild Strike","floor":6},{"not_picked":["Inflame","Intimidate"],"picked":"Sword Boomerang","floor":8}],"player_experience":749382,"relics_obtained":[{"floor":6,"key":"Happy Flower"},{"floor":9,"key":"Boot"}],"event_choices":[{"damage_healed":0,"gold_gain":0,"player_choice":"Leave","damage_taken":0,"max_hp_gain":0,"max_hp_loss":0,"event_name":"The Cleric","floor":5,"gold_loss":0},{"damage_healed":0,"gold_gain":0,"player_choice":"Ignored","damage_taken":0,"max_hp_gain":0,"max_hp_loss":0,"event_name":"Liars Game","floor":7,"gold_loss":0}],"is_beta":false,"boss_relics":[],"items_purged_floors":[2],"is_endless":false,"potions_floor_spawned":[6],"killed_by":"3 Sentries","ascension_level":20}