{"gold_per_floor":[118,138,138,155,175,175,200,200,245,272,283,283,283,301,301,377,377,392,405,375,375],"floor_reached":21,"playtime":764,"items_purged":[],"score":382,"play_id":"06cc0659-9769-4324-a041-48de01ad85eb","local_time":"20190806011619","is_ascension_mode":true,"campfire_choices":[{"data":"Bash","floor":6,"key":"SMITH"},{"floor":8,"key":"REST"},{"floor":15,"key":"REST"}],"neow_cost":"NONE","seed_source_timestamp":206218028981400,"circlet_count":0,"master_deck":["AscendersBane","Strike_R","Strike_R","Defend_R","Defend_R","Defend_R","Defend_R","Bash+1","Wild Strike+1","Twin Strike","Evolve","Shrug It Off","Hemokinesis+1","Cleave+1","True Grit","Feed+1","Clothesline+1","Offering","Bloodletting+1","Shockwave+1","Hemokinesis+1","Metallicize"],"relics":["Burning Blood","Blood Vial","Molten Egg 2","Dream Catcher","Happy Flower","Astrolabe"],"potions_floor_usage":[7,10,11,16,19,21],"damage_taken":[{"damage":4,"enemies":"Small Slimes","floor":1,"turns":4},{"damage":1,"enemies":"Cultist","floor":2,"turns":3},{"damage":6,"enemies":"2 Louse","floor":4,"turns":2},{"damage":53,"enemies":"Exordium Thugs","floor":5,"turns":9},{"damage":22,"enemies":"Lagavulin","floor":7,"turns":5},{"damage":16,"enemies":"3 Sentries","floor":10,"turns":7},{"damage":18,"enemies":"Gremlin Gang","floor":11,"turns":4},{"damage":26,"enemies":"Exordium Wildlife","floor":14,"turns":5},{"damage":47,"enemies":"The Guardian","floor":16,"turns":12},{"damage":35,"enemies":"Spheric Guardian","floor":18,"turns":4},{"damage":24,"enemies":"Shell Parasite","floor":19,"turns":5},{"damage":31,"enemies":"Snake Plant","floor":21,"turns":2}],"seed_played":"-18533956164839129","potions_obtained":[{"floor":2,"key":"SteroidPotion"},{"floor":5,"key":"Block Potion"},{"floor":7,"key":"SkillPotion"},{"floor":14,"key":"SpeedPotion"},{"floor":16,"key":"Ancient Potion"},{"floor":20,"key":"Fruit Juice"},{"floor":20,"key":"FearPotion"}],"is_trial":false,"path_per_floor":["M","M","?","M","M","R","E","R","T","E","M","?","?","M","R","B",null,"M","M","?","M"],"character_chosen":"IRONCLAD","items_purchased":[],"campfire_rested":2,"item_purchase_floors":[],"current_hp_per_floor":[72,75,75,75,28,28,14,36,36,28,18,43,43,25,47,8,58,35,23,23,0],"gold":375,"neow_bonus":"RANDOM_COMMON_RELIC","is_prod":false,"is_daily":false,"chose_seed":false,"campfire_upgraded":1,"win_rate":0,"timestamp":1565079379,"path_taken":["M","M","?","M","?","R","E","R","T","E","M","?","?","M","R","BOSS","M","M","?","M"],"build_version":"2019-07-17","purchased_purges":0,"victory":false,"max_hp_per_floor":[75,75,75,75,75,75,75,75,75,75,75,75,75,75,75,75,75,79,83,83,88],"card_choices":[{"not_picked":["Sword Boomerang","Dropkick"],"picked":"Wild Strike","floor":1},{"not_picked":["Carnage","Flex"],"picked":"Twin Strike","floor":2},{"not_picked":["Reaper","Wild Strike"],"picked":"Evolve","floor":4},{"not_picked":["Headbutt","Seeing Red"],"picked":"Shrug It Off","floor":5},{"not_picked":["Havoc","Infernal Blade"],"picked":"Hemokinesis","floor":7},{"not_picked":["Pommel Strike+1","Sever Soul+1"],"picked":"Cleave+1","floor":10},{"not_picked":["Rage","Hemokinesis+1"],"picked":"True Grit","floor":11},{"not_picked":["Entrench","Hemokinesis+1"],"picked":"Feed+1","floor":14},{"not_picked":["Warcry","Shrug It Off"],"picked":"Clothesline+1","floor":15},{"not_picked":["Juggernaut","Barricade"],"picked":"Offering","floor":16},{"not_picked":["Bloodletting","Shockwave"],"picked":"Metallicize","floor":18},{"not_picked":["Flex","Pommel Strike+1","Thunderclap+1"],"picked":"SKIP","floor":19}],"player_experience":740132,"relics_obtained":[{"floor":7,"key":"Molten Egg 2"},{"floor":9,"key":"Dream Catcher"},{"floor":10,"key":"Happy Flower"}],"event_choices":[{"damage_healed":0,"gold_gain":0,"player_choice":"Upgraded","damage_taken":0,"max_hp_gain":0,"max_hp_loss":0,"event_name":"Upgrade Shrine","floor":3,"gold_loss":0,"cards_upgraded":["Wild Strike"]},{"damage_healed":25,"gold_gain":0,"player_choice":"Banana","damage_taken":0,"max_hp_gain":0,"max_hp_loss":0,"event_name":"Big Fish","floor":12,"gold_loss":0},{"damage_healed":0,"gold_gain":0,"player_choice":"Ignored","damage_taken":0,"max_hp_gain":0,"max_hp_loss":0,"event_name":"Liars Game","floor":13,"gold_loss":0},{"damage_healed":0,"gold_gain":0,"player_choice":"Bought 2 Potions","damage_taken":0,"max_hp_gain":0,"max_hp_loss":0,"event_name":"The Woman in Blue","floor":20,"gold_loss":0}],"is_beta":false,"boss_relics":[{"not_picked":["White Beast Statue","Lizard Tail"],"picked":"Astrolabe"}],"items_purged_floors":[],"is_endless":false,"potions_floor_spawned":[2,5,7,14,16],"killed_by":"Snake Plant","ascension_level":20}