{"gold_per_floor":[109,109,12,30,42,42,68,86,138,169,20,20,38,49,49,146,146,158,168,184,184,202,230,249,275,275,308,308,325,325,325,325,420,450,460,478,43,43,0,0],"floor_reached":40,"playtime":1808,"items_purged":["Strike_R"],"score":483,"play_id":"9e2d55c2-115e-46f4-a897-e2fef9778694","local_time":"20190906200159","is_ascension_mode":false,"campfire_choices":[{"data":"Armaments","floor":6,"key":"SMITH"},{"data":"Perfected Strike","floor":12,"key":"SMITH"},{"data":"Flex","floor":15,"key":"SMITH"},{"data":"Whirlwind","floor":28,"key":"SMITH"},{"floor":32,"key":"REST"}],"neow_cost":"TEN_PERCENT_HP_LOSS","seed_source_timestamp":1823955451947900,"circlet_count":0,"master_deck":["Strike_R","Strike_R","Strike_R","Strike_R","Defend_R","Defend_R","Defend_R","Defend_R","Bash","Exhume","Wild Strike","Perfected Strike+1","Twin Strike","Armaments+1","Pommel Strike","Flex+1","Pommel Strike","Whirlwind+1","Berserk","Twin Strike","Flex","Perfected Strike","Ghostly","Ghostly","Ghostly","Ghostly","Ghostly+1","Double Tap+1","Dark Embrace","Feed","Flex","Exhume","Doubt","Armaments+1"],"relics":["Burning Blood","Letter Opener","Bronze Scales","Centennial Puzzle","Lantern","Sozu","Bag of Marbles","Bag of Preparation","Omamori","Ornamental Fan","Enchiridion","Calling Bell","Tiny Chest","Kunai","WingedGreaves","War Paint","Toolbox","Red Mask"],"potions_floor_usage":[13,23,25],"damage_taken":[{"damage":0,"enemies":"2 Louse","floor":1,"turns":3},{"damage":0,"enemies":"Cultist","floor":4,"turns":3},{"damage":1,"enemies":"Jaw Worm","floor":5,"turns":2},{"damage":31,"enemies":"Lagavulin","floor":7,"turns":6},{"damage":9,"enemies":"3 Louse","floor":8,"turns":2},{"damage":3,"enemies":"Gremlin Nob","floor":10,"turns":3},{"damage":2,"enemies":"Large Slime","floor":13,"turns":3},{"damage":7,"enemies":"Gremlin Gang","floor":14,"turns":4},{"damage":49,"enemies":"The Guardian","floor":16,"turns":10},{"damage":10,"enemies":"2 Thieves","floor":18,"turns":3},{"damage":20,"enemies":"Spheric Guardian","floor":19,"turns":4},{"damage":8,"enemies":"Centurion and Healer","floor":20,"turns":3},{"damage":10,"enemies":"Shelled Parasite and Fungi","floor":22,"turns":4},{"damage":3,"enemies":"Gremlin Leader","floor":23,"turns":8},{"damage":2,"enemies":"Snecko","floor":24,"turns":4},{"damage":21,"enemies":"Book of Stabbing","floor":25,"turns":3},{"damage":3,"enemies":"Gremlin Leader","floor":27,"turns":5},{"damage":0,"enemies":"Snake Plant","floor":29,"turns":1},{"damage":16,"enemies":"Collector","floor":33,"turns":9},{"damage":11,"enemies":"3 Darklings","floor":35,"turns":5},{"damage":12,"enemies":"3 Shapes","floor":36,"turns":1},{"damage":47,"enemies":"Reptomancer","floor":40,"turns":2}],"seed_played":"-6502037492254048583","potions_obtained":[{"floor":4,"key":"Strength Potion"},{"floor":10,"key":"Weak Potion"},{"floor":13,"key":"Ancient Potion"},{"floor":16,"key":"Regen Potion"}],"is_trial":false,"path_per_floor":["M","?","$","M","M","R","E","M","T","E","$","R","M","M","R","B",null,"M","M","M","?","M","E","M","E","T","E","R","M","?","?","R","B",null,"M","M","$","?","?","E"],"character_chosen":"IRONCLAD","items_purchased":["Perfected Strike","Twin Strike","Lantern","War Paint","Toolbox"],"campfire_rested":1,"item_purchase_floors":[3,3,11,37,37],"current_hp_per_floor":[72,72,72,72,72,72,47,44,44,47,47,47,51,50,50,7,72,68,54,52,36,32,35,36,21,21,24,24,30,14,14,24,14,36,31,25,25,25,25,0],"gold":0,"neow_bonus":"THREE_RARE_CARDS","is_prod":false,"is_daily":false,"chose_seed":false,"campfire_upgraded":4,"win_rate":0,"timestamp":1567825319,"path_taken":["M","?","$","M","M","R","E","M","T","E","?","R","M","M","R","BOSS","M","M","M","?","M","E","M","E","T","E","R","M","?","?","R","BOSS","M","?","$","?","?","E"],"build_version":"2019-07-17","purchased_purges":1,"victory":false,"max_hp_per_floor":[72,72,72,72,72,72,72,72,72,72,72,72,72,72,72,72,72,72,72,72,36,36,36,36,36,36,36,36,36,36,36,36,36,36,36,36,36,36,36,36],"card_choices":[{"not_picked":["Limit Break","Dark Embrace"],"picked":"Exhume","floor":0},{"not_picked":["True Grit","Clothesline"],"picked":"Wild Strike","floor":1},{"not_picked":["Shrug It Off","Anger"],"picked":"Armaments","floor":4},{"not_picked":["Metallicize","Cleave"],"picked":"Pommel Strike","floor":5},{"not_picked":["Immolate","Power Through"],"picked":"Flex","floor":7},{"not_picked":["Warcry","Ghostly Armor","Havoc"],"picked":"SKIP","floor":8},{"not_picked":["Havoc","Feel No Pain"],"picked":"Pommel Strike","floor":10},{"not_picked":["Warcry","Disarm"],"picked":"Whirlwind","floor":13},{"not_picked":["Sword Boomerang","Clothesline","Warcry"],"picked":"SKIP","floor":14},{"not_picked":["Impervious","Brutality"],"picked":"Berserk","floor":16},{"not_picked":["Shockwave","Havoc"],"picked":"Twin Strike","floor":18},{"not_picked":["Battle Trance","Havoc+1"],"picked":"Flex","floor":19},{"not_picked":["Shrug It Off+1","Reckless Charge"],"picked":"Perfected Strike","floor":20},{"not_picked":["Disarm","True Grit"],"picked":"Double Tap","floor":22},{"not_picked":["Clash","Anger+1"],"picked":"Dark Embrace","floor":23},{"not_picked":["Iron Wave","Body Slam","True Grit"],"picked":"SKIP","floor":24},{"not_picked":["Flex","Infernal Blade+1"],"picked":"Feed","floor":25},{"not_picked":["Havoc+1","Berserk"],"picked":"Flex","floor":27},{"not_picked":["Pummel","Cleave","Metallicize"],"picked":"SKIP","floor":29},{"not_picked":["Berserk","Fiend Fire"],"picked":"Exhume","floor":33},{"not_picked":["Searing Blow","Thunderclap"],"picked":"Armaments+1","floor":35},{"not_picked":["Power Through","Anger+1","True Grit"],"picked":"SKIP","floor":36}],"player_experience":136211,"relics_obtained":[{"floor":7,"key":"Letter Opener"},{"floor":9,"key":"Bronze Scales"},{"floor":10,"key":"Centennial Puzzle"},{"floor":23,"key":"Bag of Marbles"},{"floor":25,"key":"Bag of Preparation"},{"floor":26,"key":"Omamori"},{"floor":27,"key":"Ornamental Fan"},{"floor":30,"key":"Enchiridion"},{"floor":34,"key":"Tiny Chest"},{"floor":34,"key":"Kunai"},{"floor":34,"key":"WingedGreaves"}],"event_choices":[{"damage_healed":0,"gold_gain":0,"player_choice":"Bought 0 Potions","damage_taken":0,"max_hp_gain":0,"max_hp_loss":0,"event_name":"The Woman in Blue","floor":2,"gold_loss":0},{"damage_healed":0,"gold_gain":0,"player_choice":"Became a Ghost","damage_taken":0,"max_hp_gain":0,"max_hp_loss":36,"event_name":"Ghosts","floor":21,"gold_loss":0,"cards_obtained":["Ghostly","Ghostly","Ghostly","Ghostly","Ghostly"]},{"damage_healed":0,"gold_gain":0,"player_choice":"Obtained Book","damage_taken":16,"max_hp_gain":0,"max_hp_loss":0,"event_name":"Cursed Tome","floor":30,"gold_loss":0},{"damage_healed":0,"gold_gain":0,"player_choice":"Got Potions","damage_taken":0,"max_hp_gain":0,"max_hp_loss":0,"event_name":"Lab","floor":31,"gold_loss":0},{"damage_healed":0,"gold_gain":0,"player_choice":"Ignored","damage_taken":0,"max_hp_gain":0,"max_hp_loss":0,"event_name":"Mysterious Sphere","floor":38,"gold_loss":0},{"damage_healed":0,"gold_gain":0,"player_choice":"Paid","damage_taken":0,"relics_obtained":["Red Mask"],"max_hp_gain":0,"max_hp_loss":0,"event_name":"Tomb of Lord Red Mask","floor":39,"gold_loss":43}],"is_beta":false,"boss_relics":[{"not_picked":["Fusion Hammer","Snecko Eye"],"picked":"Sozu"},{"not_picked":["Runic Cube","Lizard Tail"],"picked":"Calling Bell"}],"items_purged_floors":[37],"is_endless":false,"potions_floor_spawned":[4,10,13,16,18,19,22,24,27,35],"killed_by":"Reptomancer","ascension_level":0}