{"gold_per_floor":[112,127,127,140,140,140,183,183,183,183],"floor_reached":10,"playtime":251,"items_purged":[],"score":132,"play_id":"69566c03-9ba8-4774-9778-ef146d9f97f2","local_time":"20190814173706","is_ascension_mode":true,"campfire_choices":[{"data":"Bash","floor":6,"key":"SMITH"},{"data":"Headbutt","floor":8,"key":"SMITH"}],"neow_cost":"TEN_PERCENT_HP_LOSS","seed_source_timestamp":956778176900000,"circlet_count":0,"master_deck":["AscendersBane","Strike_R","Strike_R","Strike_R","Strike_R","Strike_R","Defend_R","Defend_R","Defend_R","Defend_R","Bash+1","Headbutt+1","Evolve","Iron Wave","Anger"],"relics":["Burning Blood","Ginger","Golden Idol","Pear","Ornamental Fan"],"potions_floor_usage":[10],"damage_taken":[{"damage":8,"enemies":"Small Slimes","floor":1,"turns":3},{"damage":1,"enemies":"2 Louse","floor":2,"turns":2},{"damage":14,"enemies":"Jaw Worm","floor":4,"turns":4},{"damage":40,"enemies":"3 Sentries","floor":7,"turns":12},{"damage":32,"enemies":"Lagavulin","floor":10,"turns":3}],"seed_played":"-6294216487946347480","potions_obtained":[{"floor":4,"key":"Poison Potion"}],"is_trial":false,"path_per_floor":["M","M","?","M","?","R","E","R","T","E"],"character_chosen":"IRONCLAD","items_purchased":[],"campfire_rested":0,"item_purchase_floors":[],"current_hp_per_floor":[66,68,62,54,54,54,30,30,30,0],"gold":183,"neow_bonus":"ONE_RARE_RELIC","is_prod":false,"is_daily":false,"chose_seed":false,"campfire_upgraded":2,"win_rate":0,"timestamp":1565829426,"path_taken":["M","M","?","M","?","R","E","R","T","E"],"build_version":"2019-07-17","purchased_purges":0,"victory":false,"max_hp_per_floor":[68,68,62,62,62,62,72,72,72,72],"card_choices":[{"not_picked":["Body Slam","Havoc"],"picked":"Headbutt","floor":1},{"not_picked":["Heavy Blade","Havoc"],"picked":"Evolve","floor":2},{"not_picked":["Havoc","Thunderclap"],"picked":"Iron Wave","floor":4},{"not_picked":["Exhume","Ghostly Armor"],"picked":"Anger","floor":7}],"player_experience":790273,"relics_obtained":[{"floor":7,"key":"Pear"},{"floor":9,"key":"Ornamental Fan"}],"event_choices":[{"damage_healed":0,"gold_gain":0,"player_choice":"Lose Max HP","damage_taken":0,"relics_obtained":["Golden Idol"],"max_hp_gain":0,"max_hp_loss":6,"event_name":"Golden Idol","floor":3,"gold_loss":0},{"damage_healed":0,"gold_gain":0,"player_choice":"Leave","damage_taken":0,"max_hp_gain":0,"max_hp_loss":0,"event_name":"The Cleric","floor":5,"gold_loss":0}],"is_beta":false,"boss_relics":[],"items_purged_floors":[],"is_endless":false,"potions_floor_spawned":[4],"killed_by":"Lagavulin","ascension_level":20}