{"gold_per_floor":[113,45,45,45,61,91,101,119,119,136,32,65,65,82,82,182,182,195,208,219,231,39,39,138,138,187,187,216,227,227,227],"floor_reached":31,"playtime":2928,"items_purged":[],"score":414,"play_id":"81713b0a-cdb3-4c46-83e2-f972781a0871","local_time":"20181110163458","is_ascension_mode":true,"campfire_choices":[{"data":"Heavy Blade","floor":13.0,"key":"SMITH"},{"data":"Decay","floor":15.0,"key":"PURGE"},{"data":"Strike_R","floor":23.0,"key":"PURGE"},{"data":"Strike_R","floor":25.0,"key":"PURGE"},{"data":"Strike_R","floor":30.0,"key":"PURGE"}],"neow_cost":"CURSE","seed_source_timestamp":1165526680447497,"circlet_count":0,"master_deck":["AscendersBane","Strike_R","Strike_R","Defend_R","Defend_R","Defend_R","Defend_R","Bash","Shrug It Off","Feel No Pain","Battle Trance+1","True Grit+1","True Grit+1","Clothesline","Inflame+1","Heavy Blade+1","Double Tap+1","Battle Trance+1","Immolate","Shrug It Off+1","Flame Barrier+1","Rampage","Ghostly Armor+1","Rupture+1","Good Instincts+1","Flex+1"],"special_seed":0,"relics":["Burning Blood","Peace Pipe","Toxic Egg 2","Self Forming Clay","Magic Flower","Frozen Egg 2","Kunai","Lizard Tail","Blood Vial","Strawberry","Happy Flower"],"potions_floor_usage":[31],"damage_taken":[{"damage":5.0,"enemies":"Cultist","floor":1.0,"turns":4.0},{"damage":12.0,"enemies":"Jaw Worm","floor":5.0,"turns":4.0},{"damage":8.0,"enemies":"3 Sentries","floor":6.0,"turns":10.0},{"damage":7.0,"enemies":"Small Slimes","floor":7.0,"turns":4.0},{"damage":0.0,"enemies":"3 Louse","floor":8.0,"turns":1.0},{"damage":13.0,"enemies":"Exordium Wildlife","floor":10.0,"turns":8.0},{"damage":12.0,"enemies":"Lagavulin","floor":12.0,"turns":8.0},{"damage":1.0,"enemies":"Looter","floor":14.0,"turns":4.0},{"damage":47.0,"enemies":"The Guardian","floor":16.0,"turns":18.0},{"damage":28.0,"enemies":"Shell Parasite","floor":18.0,"turns":10.0},{"damage":46.0,"enemies":"3 Byrds","floor":19.0,"turns":6.0},{"damage":7.0,"enemies":"Centurion and Healer","floor":20.0,"turns":10.0},{"damage":27.0,"enemies":"Snecko","floor":21.0,"turns":4.0},{"damage":28.0,"enemies":"Book of Stabbing","floor":28.0,"turns":6.0},{"damage":26.0,"enemies":"3 Cultists","floor":29.0,"turns":6.0},{"damage":49,"enemies":"Gremlin Leader","floor":31,"turns":9}],"seed_played":"-8635337012828961300","potions_obtained":[{"floor":5.0,"key":"AttackPotion"},{"floor":7.0,"key":"Explosive Potion"},{"floor":10.0,"key":"Block Potion"},{"floor":14.0,"key":"Dexterity Potion"},{"floor":20.0,"key":"LiquidBronze"},{"floor":28.0,"key":"Block Potion"}],"is_trial":false,"path_per_floor":["M","$","?","T","M","E","M","M","T","M","$","E","R","M","R","B",null,"M","M","M","M","$","R","?","R","T","?","E","M","R","E"],"character_chosen":"IRONCLAD","items_purchased":["Feel No Pain","Inflame+1","Heavy Blade","Ghostly Armor+1","Rupture+1","Good Instincts+1"],"campfire_rested":0,"item_purchase_floors":[2,11,11,22,22,22],"current_hp_per_floor":[73,73,61,61,55,53,55,64,64,60,60,57,57,65,65,27,67,48,11,13,69,69,69,69,69,69,76,60,46,46,0],"gold":227,"neow_bonus":"ONE_RARE_RELIC","is_prod":false,"is_daily":false,"chose_seed":false,"campfire_upgraded":1,"win_rate":0,"timestamp":1541885698,"path_taken":["M","$","?","?","M","E","?","M","T","M","?","E","R","M","R","BOSS","M","M","?","M","$","R","?","R","T","?","E","M","R","E"],"build_version":"2018-11-08","purchased_purges":0,"victory":false,"max_hp_per_floor":[80,80,80,80,80,80,80,80,80,80,80,80,80,80,80,80,80,80,80,80,80,80,80,80,80,80,87,87,87,87,87],"card_choices":[{"not_picked":["Perfected Strike","Sentinel"],"picked":"Shrug It Off","floor":1.0},{"not_picked":["Pommel Strike","Pummel"],"picked":"Battle Trance+1","floor":5.0},{"not_picked":["Intimidate+1","Anger"],"picked":"True Grit+1","floor":6.0},{"not_picked":["Dropkick","Pummel","Iron Wave"],"picked":"SKIP","floor":7.0},{"not_picked":["Perfected Strike","Warcry+1"],"picked":"True Grit+1","floor":8.0},{"not_picked":["Flex+1","Pommel Strike"],"picked":"Clothesline","floor":10.0},{"not_picked":["Seeing Red+1","Infernal Blade+1"],"picked":"Double Tap+1","floor":12.0},{"not_picked":["Anger","Twin Strike"],"picked":"Battle Trance+1","floor":14.0},{"not_picked":["Berserk+1","Fiend Fire"],"picked":"Immolate","floor":16.0},{"not_picked":["Pommel Strike+1","Iron Wave+1"],"picked":"Shrug It Off+1","floor":18.0},{"not_picked":["Cleave","Fire Breathing+1"],"picked":"Flame Barrier+1","floor":19.0},{"not_picked":["Thunderclap","Battle Trance+1"],"picked":"Rampage","floor":20.0},{"not_picked":["Wild Strike","Headbutt","Shrug It Off+1"],"picked":"SKIP","floor":21.0},{"not_picked":["Burning Pact+1","Body Slam","Fire Breathing+1"],"picked":"SKIP","floor":28.0},{"not_picked":["Fiend Fire","Iron Wave"],"picked":"Flex+1","floor":29.0}],"player_experience":408578,"relics_obtained":[{"floor":4.0,"key":"Self Forming Clay"},{"floor":6.0,"key":"Magic Flower"},{"floor":9.0,"key":"Frozen Egg 2"},{"floor":12.0,"key":"Kunai"},{"floor":26.0,"key":"Blood Vial"},{"floor":28.0,"key":"Happy Flower"}],"event_choices":[{"damage_healed":0.0,"max_hp_gain":0.0,"max_hp_loss":0.0,"gold_gain":0.0,"event_name":"Scrap Ooze","player_choice":"Success","floor":3.0,"gold_loss":0.0,"damage_taken":12.0,"relics_obtained":["Toxic Egg 2"]},{"damage_healed":0.0,"max_hp_gain":0.0,"max_hp_loss":0.0,"gold_gain":99.0,"event_name":"Nest","player_choice":"Stole From Cult","floor":24.0,"gold_loss":0.0,"damage_taken":0.0},{"damage_healed":0.0,"max_hp_gain":0.0,"max_hp_loss":0.0,"gold_gain":0.0,"event_name":"The Mausoleum","player_choice":"Opened","floor":27.0,"gold_loss":0.0,"damage_taken":0.0,"relics_obtained":["Strawberry"]}],"is_beta":false,"boss_relics":[{"not_picked":["Black Star","Empty Cage"],"picked":"Lizard Tail"}],"items_purged_floors":[],"is_endless":false,"potions_floor_spawned":[5,7,10,14,20,28],"killed_by":"Gremlin Leader","ascension_level":11}