{"gold_per_floor":[116,116,141,31,31,71,71,2,2,48,3,3,26,50,50,176,176,191,191,371,381,392,424,52,52,52,70,9,9,9,26,26,26],"floor_reached":33,"playtime":758,"items_purged":["Strike_R"],"score":461,"play_id":"dd09d470-e87b-447b-9a04-56f78d22f436","local_time":"20181217192837","is_ascension_mode":true,"campfire_choices":[{"data":"Searing Blow","floor":7.0,"key":"SMITH"},{"data":"Armaments","floor":12.0,"key":"SMITH"},{"data":"Searing Blow+1","floor":15.0,"key":"SMITH"},{"floor":25,"key":"REST"},{"data":"Searing Blow+2","floor":30,"key":"SMITH"},{"floor":32,"key":"REST"}],"neow_cost":"NONE","seed_source_timestamp":215470518609200,"circlet_count":0,"master_deck":["AscendersBane","Strike_R","Strike_R","Strike_R","Strike_R","Defend_R","Defend_R","Defend_R+1","Defend_R","Bash","Twin Strike+1","Searing Blow+3","Limit Break","Armaments+1","Uppercut","Battle Trance","Seeing Red","Shrug It Off"],"special_seed":0,"relics":["Burning Blood","NeowsBlessing","Bloody Idol","Ornamental Fan","Singing Bowl","Red Skull","Sozu","Regal Pillow","PreservedInsect","MealTicket","Blue Candle","Dodecahedron"],"potions_floor_usage":[],"damage_taken":[{"damage":0.0,"enemies":"Small Slimes","floor":1.0,"turns":1.0},{"damage":0.0,"enemies":"Jaw Worm","floor":3.0,"turns":1.0},{"damage":0.0,"enemies":"Gremlin Nob","floor":6.0,"turns":1.0},{"damage":0.0,"enemies":"2 Louse","floor":13.0,"turns":2.0},{"damage":1.0,"enemies":"2 Fungi Beasts","floor":14.0,"turns":5.0},{"damage":58.0,"enemies":"Hexaghost","floor":16.0,"turns":8.0},{"damage":17.0,"enemies":"3 Byrds","floor":18.0,"turns":7.0},{"damage":0.0,"enemies":"Chosen","floor":21.0,"turns":4.0},{"damage":29.0,"enemies":"Snecko","floor":22.0,"turns":5.0},{"damage":31,"enemies":"Book of Stabbing","floor":23,"turns":5},{"damage":11,"enemies":"Chosen and Byrds","floor":27,"turns":6},{"damage":23,"enemies":"Sentry and Sphere","floor":31,"turns":5},{"damage":102,"enemies":"Collector","floor":33,"turns":7}],"seed_played":"3098272817976429289","potions_obtained":[{"floor":1.0,"key":"FearPotion"},{"floor":13.0,"key":"Regen Potion"}],"is_trial":false,"path_per_floor":["M","?","M","$","?","E","R","$","T","T","$","R","M","M","R","B",null,"M","?","?","M","M","E","$","R","T","M","?","$","R","M","R","B"],"character_chosen":"IRONCLAD","items_purchased":["Searing Blow","Limit Break","Armaments","PreservedInsect","MealTicket","Shrug It Off"],"campfire_rested":2,"item_purchase_floors":[4,8,11,24,24,24],"current_hp_per_floor":[78,74,74,74,59,65,65,65,65,65,65,65,73,78,78,40,70,61,61,47,58,40,20,20,59,59,61,61,61,61,51,86,0],"gold":26,"neow_bonus":"THREE_ENEMY_KILL","is_prod":false,"is_daily":false,"chose_seed":false,"campfire_upgraded":4,"win_rate":0,"timestamp":1545103717,"path_taken":["M","?","M","$","?","E","R","?","T","?","?","R","M","M","R","BOSS","M","?","?","M","?","E","$","R","T","?","?","?","R","M","R","BOSS"],"build_version":"2018-12-13","purchased_purges":1,"victory":false,"max_hp_per_floor":[80,74,74,74,74,74,74,74,74,74,74,74,76,78,78,80,80,82,82,82,82,82,82,82,82,82,84,84,84,84,86,86,86],"card_choices":[{"not_picked":["Carnage","True Grit"],"picked":"Twin Strike","floor":1.0},{"not_picked":["Pommel Strike","Power Through","Perfected Strike"],"picked":"SKIP","floor":3.0},{"not_picked":["Shockwave","Power Through","True Grit"],"picked":"SKIP","floor":6.0},{"not_picked":["Searing Blow","Twin Strike","True Grit"],"picked":"Singing Bowl","floor":13.0},{"not_picked":["Heavy Blade","Demon Form","Flame Barrier"],"picked":"Singing Bowl","floor":14.0},{"not_picked":["Berserk","Immolate","Bludgeon"],"picked":"Singing Bowl","floor":16.0},{"not_picked":["Metallicize","Clash","Shrug It Off"],"picked":"Singing Bowl","floor":18.0},{"not_picked":["Blood for Blood","Flame Barrier"],"picked":"Uppercut","floor":21.0},{"not_picked":["Headbutt","Metallicize+1"],"picked":"Battle Trance","floor":22.0},{"not_picked":["Disarm","Clothesline+1"],"picked":"Seeing Red","floor":23},{"not_picked":["Ghostly Armor","True Grit","Second Wind"],"picked":"Singing Bowl","floor":27},{"not_picked":["Warcry","Iron Wave","Pommel Strike"],"picked":"Singing Bowl","floor":31}],"player_experience":122780,"relics_obtained":[{"floor":6.0,"key":"Ornamental Fan"},{"floor":9.0,"key":"Singing Bowl"},{"floor":10.0,"key":"Red Skull"},{"floor":23,"key":"Regal Pillow"},{"floor":26,"key":"Blue Candle"}],"event_choices":[{"damage_healed":0.0,"max_hp_gain":0.0,"max_hp_loss":6.0,"gold_gain":0.0,"event_name":"Golden Idol","player_choice":"Lose Max HP","floor":2.0,"gold_loss":0.0,"damage_taken":0.0,"relics_obtained":["Golden Idol"]},{"damage_healed":0.0,"max_hp_gain":0.0,"max_hp_loss":0.0,"gold_gain":0.0,"event_name":"Shining Light","player_choice":"Entered Light","floor":5.0,"gold_loss":0.0,"damage_taken":15.0,"cards_upgraded":["Defend_R","Twin Strike"]},{"damage_healed":0.0,"max_hp_gain":0.0,"max_hp_loss":0.0,"gold_gain":0.0,"event_name":"Forgotten Altar","player_choice":"Gave Idol","floor":19.0,"relics_lost":["Golden Idol"],"gold_loss":0.0,"damage_taken":0.0,"relics_obtained":["Bloody Idol"]},{"damage_healed":0.0,"max_hp_gain":0.0,"max_hp_loss":0.0,"gold_gain":180.0,"event_name":"Knowing Skull","player_choice":"GOLD GOLD ","floor":20.0,"potions_obtained":[],"gold_loss":0.0,"damage_taken":24.0,"cards_obtained":[]},{"damage_healed":0,"gold_gain":0,"player_choice":"Paid Gold","damage_taken":0,"relics_obtained":["Dodecahedron"],"max_hp_gain":0,"max_hp_loss":0,"event_name":"WeMeetAgain","floor":28,"gold_loss":61}],"is_beta":false,"boss_relics":[{"not_picked":["Coffee Dripper","Runic Dome"],"picked":"Sozu"}],"items_purged_floors":[4],"is_endless":false,"potions_floor_spawned":[1,13,14,22,23,27],"killed_by":"Collector","ascension_level":12}