{"gold_per_floor":[114,114,128,138,63,92,92,42,67,84,94,108,141,159,159,264,264,278,298,118,118,37,37,37,37,37,53,26,45,45,61,61,158,158,170,170,98,114,131,131,131,131,155,30,50,66,66,78,78,78],"floor_reached":50,"playtime":4390,"items_purged":["Strike_R","Strike_R","Writhe"],"score":556,"play_id":"79f65ca1-3ecc-42a3-9a03-369a7a5e4cb7","local_time":"20190831233905","is_ascension_mode":false,"campfire_choices":[{"data":"Barricade","floor":15.0,"key":"SMITH"},{"data":"Dual Wield","floor":23.0,"key":"SMITH"},{"floor":25.0,"key":"RECALL"},{"data":"Entrench","floor":30.0,"key":"SMITH"},{"floor":32.0,"key":"REST"},{"data":"Entrench","floor":40,"key":"SMITH"},{"data":"Armaments","floor":42,"key":"SMITH"},{"data":"Armaments","floor":47,"key":"SMITH"},{"floor":49,"key":"REST"}],"neow_cost":"CURSE","seed_source_timestamp":1315966171424200,"circlet_count":0,"master_deck":["Strike_R","Strike_R","Defend_R","Defend_R+1","Defend_R","Defend_R","Bash","Barricade+1","Armaments","Twin Strike+1","Iron Wave","Body Slam","Rage","Armaments+1","Flame Barrier","Entrench+1","Immolate","Bloodletting+1","Seeing Red","Dual Wield+1","Ghostly Armor","Ghostly Armor","Shrug It Off","Headbutt+1","Armaments+1","Entrench+1","Rage+1","Entrench+1"],"special_seed":0,"relics":["Burning Blood","Boot","Lantern","Calipers","Velvet Choker","Potion Belt","Lizard Tail","Regal Pillow"],"potions_floor_usage":[46,50,50],"damage_taken":[{"damage":7.0,"enemies":"Small Slimes","floor":1.0,"turns":6.0},{"damage":5.0,"enemies":"Jaw Worm","floor":3.0,"turns":8.0},{"damage":2.0,"enemies":"2 Louse","floor":4.0,"turns":4.0},{"damage":34.0,"enemies":"Gremlin Nob","floor":6.0,"turns":5.0},{"damage":3.0,"enemies":"Exordium Wildlife","floor":10.0,"turns":4.0},{"damage":0.0,"enemies":"Blue Slaver","floor":11.0,"turns":3.0},{"damage":1.0,"enemies":"Exordium Thugs","floor":12.0,"turns":6.0},{"damage":0.0,"enemies":"Lagavulin","floor":13.0,"turns":7.0},{"damage":0.0,"enemies":"Lots of Slimes","floor":14.0,"turns":5.0},{"damage":0.0,"enemies":"Slime Boss","floor":16.0,"turns":15.0},{"damage":2.0,"enemies":"Shell Parasite","floor":18.0,"turns":5.0},{"damage":26.0,"enemies":"Spheric Guardian","floor":19.0,"turns":8.0},{"damage":7.0,"enemies":"Snake Plant","floor":27.0,"turns":5.0},{"damage":8.0,"enemies":"Sentry and Sphere","floor":29.0,"turns":13.0},{"damage":17.0,"enemies":"Snecko","floor":31.0,"turns":7.0},{"damage":9.0,"enemies":"Automaton","floor":33.0,"turns":11.0},{"damage":37.0,"enemies":"3 Darklings","floor":35.0,"turns":10.0},{"damage":1,"enemies":"3 Shapes","floor":38,"turns":9},{"damage":0,"enemies":"Maw","floor":39,"turns":13},{"damage":7,"enemies":"3 Darklings","floor":45,"turns":6},{"damage":14,"enemies":"Jaw Worm Horde","floor":46,"turns":5},{"damage":7,"enemies":"Maw","floor":48,"turns":13},{"damage":153,"enemies":"Donu and Deca","floor":50,"turns":11}],"seed_played":"1050597215393609497","potions_obtained":[{"floor":1.0,"key":"Explosive Potion"},{"floor":4.0,"key":"Explosive Potion"},{"floor":11.0,"key":"PowerPotion"},{"floor":13.0,"key":"SpeedPotion"},{"floor":16.0,"key":"Energy Potion"},{"floor":19.0,"key":"Weak Potion"},{"floor":31.0,"key":"Weak Potion"},{"floor":33.0,"key":"Ancient Potion"},{"floor":45,"key":"Weak Potion"},{"floor":48,"key":"PowerPotion"}],"is_trial":false,"path_per_floor":["M","?","M","M","$","E","?","?","T","M","M","M","E","M","R","B",null,"M","M","$","?","$","R","?","R","T","M","$","M","R","M","R","B",null,"M","?","$","M","M","R","?","R","T","$","M","M","R","M","R","B"],"character_chosen":"IRONCLAD","items_purchased":["Dual Wield","Ghostly Armor","Shrug It Off","Entrench"],"campfire_rested":2,"item_purchase_floors":[20,22,28,37],"current_hp_per_floor":[79,72,73,77,77,49,33,33,33,36,42,47,53,59,59,65,80,80,60,60,60,60,60,60,60,60,59,59,57,57,46,70,67,80,49,49,49,54,60,60,60,60,60,60,59,51,51,50,80,0],"gold":78,"neow_bonus":"THREE_RARE_CARDS","is_prod":false,"is_daily":false,"chose_seed":false,"campfire_upgraded":6,"win_rate":0,"timestamp":1567319945,"path_taken":["M","?","M","M","$","E","?","?","T","M","M","M","E","?","R","BOSS","M","M","$","?","$","R","?","R","T","M","$","M","R","M","R","BOSS","M","?","$","M","M","R","?","R","T","$","M","M","R","M","R","BOSS"],"build_version":"2019-07-17","purchased_purges":3,"victory":false,"max_hp_per_floor":[80,80,80,80,80,80,80,80,80,80,80,80,80,80,80,80,80,80,80,80,80,80,80,80,80,80,80,80,80,80,80,80,80,80,80,80,80,80,80,80,80,80,80,80,80,80,80,80,80,80],"card_choices":[{"not_picked":["Dark Embrace","Reaper"],"picked":"Barricade","floor":0.0},{"not_picked":["Clash","Wild Strike","Flex"],"picked":"SKIP","floor":1.0},{"not_picked":["Heavy Blade","Sword Boomerang"],"picked":"Armaments","floor":3.0},{"not_picked":["Thunderclap","Warcry"],"picked":"Twin Strike","floor":4.0},{"not_picked":["Pommel Strike","Second Wind"],"picked":"Iron Wave","floor":6.0},{"not_picked":["Power Through","Double Tap"],"picked":"Body Slam","floor":10.0},{"not_picked":["True Grit","Battle Trance"],"picked":"Rage","floor":11.0},{"not_picked":["Thunderclap","Pummel"],"picked":"Armaments","floor":12.0},{"not_picked":["Cleave","Corruption"],"picked":"Flame Barrier","floor":13.0},{"not_picked":["Wild Strike","Pommel Strike"],"picked":"Entrench","floor":14.0},{"not_picked":["Offering","Reaper"],"picked":"Immolate","floor":16.0},{"not_picked":["Perfected Strike","Cleave+1"],"picked":"Bloodletting+1","floor":18.0},{"not_picked":["Whirlwind","Sword Boomerang+1"],"picked":"Seeing Red","floor":19.0},{"not_picked":["Combust","Searing Blow"],"picked":"Ghostly Armor","floor":27.0},{"not_picked":["Rage","Burning Pact"],"picked":"Headbutt+1","floor":29.0},{"not_picked":["Hemokinesis","Twin Strike","Heavy Blade"],"picked":"SKIP","floor":31.0},{"not_picked":["Fiend Fire","Reaper"],"picked":"Demon Form","floor":33.0},{"not_picked":["Hemokinesis+1","Disarm+1"],"picked":"Armaments","floor":35.0},{"not_picked":["Pommel Strike","Sword Boomerang","Clash"],"picked":"SKIP","floor":38},{"not_picked":["Whirlwind","Uppercut+1"],"picked":"Rage+1","floor":39},{"not_picked":["Sever Soul+1","Corruption","Perfected Strike+1"],"picked":"SKIP","floor":45},{"not_picked":["Dual Wield","Cleave+1","Twin Strike+1"],"picked":"SKIP","floor":46},{"not_picked":["Pommel Strike+1","Thunderclap"],"picked":"Entrench+1","floor":48}],"player_experience":62124,"relics_obtained":[{"floor":6.0,"key":"Boot"},{"floor":9.0,"key":"Lantern"},{"floor":13.0,"key":"Calipers"},{"floor":43,"key":"Regal Pillow"}],"event_choices":[{"cards_removed":["Decay"],"damage_healed":0.0,"max_hp_gain":0.0,"max_hp_loss":0.0,"gold_gain":0.0,"event_name":"Golden Wing","player_choice":"Card Removal","floor":2.0,"gold_loss":0.0,"damage_taken":7.0},{"damage_healed":0.0,"max_hp_gain":0.0,"max_hp_loss":0.0,"gold_gain":0.0,"event_name":"Shining Light","player_choice":"Entered Light","floor":7.0,"gold_loss":0.0,"damage_taken":16.0,"cards_upgraded":["Defend_R","Twin Strike"]},{"cards_removed":["Strike_R"],"damage_healed":0.0,"max_hp_gain":0.0,"max_hp_loss":0.0,"gold_gain":0.0,"event_name":"The Cleric","player_choice":"Card Removal","floor":8.0,"gold_loss":50.0,"damage_taken":0.0},{"damage_healed":0.0,"max_hp_gain":0.0,"max_hp_loss":0.0,"gold_gain":0.0,"event_name":"Ghosts","player_choice":"Ignored","floor":21.0,"gold_loss":0.0,"damage_taken":0.0},{"damage_healed":0.0,"max_hp_gain":0.0,"max_hp_loss":0.0,"gold_gain":0.0,"event_name":"The Mausoleum","player_choice":"Opened","floor":24.0,"gold_loss":0.0,"damage_taken":0.0,"relics_obtained":["Potion Belt"],"cards_obtained":["Writhe"]},{"damage_healed":0.0,"max_hp_gain":0.0,"max_hp_loss":0.0,"gold_gain":0.0,"event_name":"Tomb of Lord Red Mask","player_choice":"Ignored","floor":36.0,"gold_loss":0.0,"damage_taken":0.0},{"cards_removed":["Demon Form"],"damage_healed":0,"gold_gain":0,"player_choice":"Removed Power","damage_taken":0,"max_hp_gain":0,"max_hp_loss":0,"event_name":"Falling","floor":41,"gold_loss":0}],"is_beta":false,"boss_relics":[{"not_picked":["White Beast Statue","Snecko Eye"],"picked":"Velvet Choker"},{"not_picked":["Runic Cube","Mark of Pain"],"picked":"Lizard Tail"}],"items_purged_floors":[5,20,44],"is_endless":false,"potions_floor_spawned":[1,4,11,13,16,19,31,33,45,48],"killed_by":"Donu and Deca","ascension_level":0}