{"gold_per_floor":[109,122,19,29,46,46,80,80,80,90,90,90,115,19,19,123,123,136,151,36,36,53,53,68,95,95,95,120,120],"floor_reached":29,"playtime":7341,"items_purged":["Strike_B"],"score":253,"play_id":"93af55d4-32a3-4779-9078-b43e46655966","local_time":"20181220232232","is_ascension_mode":false,"campfire_choices":[{"data":"Zap","floor":6,"key":"SMITH"},{"data":"White Noise","floor":8,"key":"SMITH"},{"data":"White Noise","floor":11,"key":"SMITH"},{"data":"Beam Cell","floor":15,"key":"SMITH"},{"data":"Go for the Eyes","floor":23,"key":"SMITH"},{"floor":27,"key":"REST"}],"neow_cost":"NONE","seed_source_timestamp":1728219266613988,"circlet_count":0,"master_deck":["Strike_B","Strike_B","Strike_B","Defend_B","Defend_B","Defend_B","Defend_B","Zap+1","Dualcast","Conserve Battery","BootSequence","Go for the Eyes+1","Leap","White Noise+1","Glacier","Seek","White Noise+1","Beam Cell+1","Finesse","Seek","Skim+1","Gash","FTL","Barrage","FTL","Leap+1"],"relics":["Cracked Core","NeowsBlessing","Kunai","Pantograph","Gremlin Horn","Inserter","Pocketwatch","Lantern","Bronze Scales"],"potions_floor_usage":[24,25,25],"damage_taken":[{"damage":0,"enemies":"Small Slimes","floor":1,"turns":1},{"damage":0,"enemies":"Jaw Worm","floor":2,"turns":1},{"damage":0,"enemies":"2 Louse","floor":4,"turns":1},{"damage":18,"enemies":"Lots of Slimes","floor":5,"turns":4},{"damage":8,"enemies":"3 Sentries","floor":7,"turns":5},{"damage":0,"enemies":"Looter","floor":10,"turns":2},{"damage":31,"enemies":"Gremlin Nob","floor":13,"turns":5},{"damage":7,"enemies":"Slime Boss","floor":16,"turns":18},{"damage":0,"enemies":"Chosen","floor":18,"turns":7},{"damage":31,"enemies":"2 Thieves","floor":19,"turns":4},{"damage":9,"enemies":"Snake Plant","floor":22,"turns":5},{"damage":2,"enemies":"3 Cultists","floor":24,"turns":3},{"damage":15,"enemies":"Gremlin Leader","floor":25,"turns":6},{"damage":29,"enemies":"Slavers","floor":29,"turns":3}],"seed_played":"-2547018359498512105","potions_obtained":[{"floor":2,"key":"Strength Potion"},{"floor":7,"key":"AttackPotion"},{"floor":10,"key":"PowerPotion"},{"floor":13,"key":"Swift Potion"},{"floor":25,"key":"GamblersBrew"}],"is_trial":false,"path_per_floor":["M","M","$","M","M","R","E","R","T","M","R","?","E","$","R","B",null,"M","M","$","?","M","R","M","E","T","R","T","E"],"character_chosen":"DEFECT","items_purchased":["Go for the Eyes","Leap","Finesse","FTL"],"campfire_rested":1,"item_purchase_floors":[3,3,14,20],"current_hp_per_floor":[75,75,75,75,57,57,49,49,49,49,49,74,43,43,43,61,75,75,44,44,30,21,21,19,4,4,28,28,0],"gold":120,"neow_bonus":"THREE_ENEMY_KILL","is_prod":false,"is_daily":false,"chose_seed":false,"campfire_upgraded":5,"win_rate":0.0,"timestamp":1545369752,"path_taken":["M","M","$","M","M","R","E","R","T","M","R","?","E","$","R","BOSS","M","M","$","?","M","R","M","E","T","R","?","E"],"build_version":"2018-12-20","purchased_purges":1,"victory":false,"max_hp_per_floor":[75,75,75,75,75,75,75,75,75,75,75,75,75,75,75,75,75,75,75,75,80,80,80,80,80,80,80,80,80],"card_choices":[{"not_picked":["Aggregate","Redo"],"picked":"Conserve Battery","floor":1},{"not_picked":["Steam","Compile Driver"],"picked":"BootSequence","floor":2},{"not_picked":["Melter","Sweeping Beam"],"picked":"White Noise","floor":4},{"not_picked":["Coolheaded","Conserve Battery"],"picked":"Glacier","floor":5},{"not_picked":["Loop","Double Energy"],"picked":"Seek","floor":7},{"not_picked":["Heatsinks","Skim"],"picked":"White Noise","floor":10},{"not_picked":["Stack","Blizzard"],"picked":"Beam Cell","floor":13},{"not_picked":["Multi-Cast","Reboot"],"picked":"Seek","floor":16},{"not_picked":["Heatsinks+1","Fusion"],"picked":"Skim+1","floor":18},{"not_picked":["Aggregate+1","Stack"],"picked":"Gash","floor":19},{"not_picked":["Glacier","Compile Driver"],"picked":"Barrage","floor":22},{"not_picked":["Stack+1","Compile Driver+1"],"picked":"FTL","floor":24},{"not_picked":["Gash","Cold Snap+1"],"picked":"Leap+1","floor":25}],"player_experience":4028,"relics_obtained":[{"floor":7,"key":"Kunai"},{"floor":9,"key":"Pantograph"},{"floor":13,"key":"Gremlin Horn"},{"floor":25,"key":"Pocketwatch"},{"floor":26,"key":"Lantern"},{"floor":28,"key":"Bronze Scales"}],"event_choices":[{"damage_healed":25,"gold_gain":0,"player_choice":"Banana","damage_taken":0,"max_hp_gain":0,"max_hp_loss":0,"event_name":"Big Fish","floor":12,"gold_loss":0},{"damage_healed":0,"gold_gain":0,"player_choice":"Shed Blood","damage_taken":19,"max_hp_gain":5,"max_hp_loss":0,"event_name":"Forgotten Altar","floor":21,"gold_loss":0}],"is_beta":false,"boss_relics":[{"not_picked":["Eternal Feather","Sozu"],"picked":"Inserter"}],"items_purged_floors":[20],"is_endless":false,"potions_floor_spawned":[2,7,10,13,16,18,22,25],"killed_by":"Slavers","ascension_level":0}