{"gold_per_floor":[118,37,137,156,167,197,197,211,211,240,240,315,315,335,335,461,461,485,410,136,136,157,193,193,193],"floor_reached":25,"playtime":782,"items_purged":["Strike_R"],"score":366,"play_id":"b2b2c484-864d-44f2-8b70-e00bd2019705","local_time":"20181217184703","is_ascension_mode":true,"campfire_choices":[{"data":"Shrug It Off","floor":7.0,"key":"SMITH"},{"floor":15.0,"key":"REST"},{"floor":24,"key":"REST"}],"neow_cost":"NONE","seed_source_timestamp":212999628948500,"circlet_count":0,"master_deck":["AscendersBane","Strike_R","Strike_R","Strike_R","Defend_R","Defend_R","Defend_R","Bash","Shrug It Off+1","Spot Weakness","Inflame","Clash","Battle Trance","Armaments","Flame Barrier","Feed","Reaper"],"special_seed":0,"relics":["Burning Blood","NeowsBlessing","Boot","Mercury Hourglass","Gremlin Horn","Golden Idol","Sozu","Medical Kit","Omamori"],"potions_floor_usage":[16,23],"damage_taken":[{"damage":0.0,"enemies":"Jaw Worm","floor":1.0,"turns":1.0},{"damage":0.0,"enemies":"Cultist","floor":4.0,"turns":1.0},{"damage":0.0,"enemies":"Small Slimes","floor":5.0,"turns":1.0},{"damage":40.0,"enemies":"Lagavulin","floor":6.0,"turns":6.0},{"damage":0.0,"enemies":"2 Fungi Beasts","floor":8.0,"turns":4.0},{"damage":20.0,"enemies":"Gremlin Nob","floor":10.0,"turns":4.0},{"damage":16.0,"enemies":"Blue Slaver","floor":14.0,"turns":4.0},{"damage":39,"enemies":"Hexaghost","floor":16,"turns":11},{"damage":13,"enemies":"Shell Parasite","floor":18,"turns":6},{"damage":11,"enemies":"2 Thieves","floor":22,"turns":4},{"damage":45,"enemies":"Slavers","floor":23,"turns":6},{"damage":59,"enemies":"Book of Stabbing","floor":25,"turns":6}],"seed_played":"954154545526705627","potions_obtained":[{"floor":4.0,"key":"Energy Potion"},{"floor":5.0,"key":"SpeedPotion"},{"floor":10.0,"key":"FearPotion"},{"floor":14.0,"key":"Regen Potion"}],"is_trial":false,"path_per_floor":["M","$","?","M","M","E","R","M","T","E","?","?","?","M","R","B",null,"M","?","$","?","M","E","R","E"],"character_chosen":"IRONCLAD","items_purchased":["Spot Weakness","Medical Kit"],"campfire_rested":2,"item_purchase_floors":[2,20],"current_hp_per_floor":[78,78,78,80,80,46,46,52,52,38,31,20,20,10,32,14,59,55,55,55,55,53,17,41,0],"gold":193,"neow_bonus":"THREE_ENEMY_KILL","is_prod":false,"is_daily":false,"chose_seed":false,"campfire_upgraded":1,"win_rate":0,"timestamp":1545101223,"path_taken":["M","$","?","?","M","E","R","M","T","E","?","?","?","M","R","BOSS","M","?","$","?","M","E","R","E"],"build_version":"2018-12-13","purchased_purges":1,"victory":false,"max_hp_per_floor":[80,80,80,80,80,80,80,80,80,80,80,80,74,74,74,74,74,77,77,77,77,80,83,83,83],"card_choices":[{"not_picked":["Anger","Metallicize"],"picked":"Shrug It Off","floor":1.0},{"not_picked":["Iron Wave","Armaments"],"picked":"Inflame","floor":4.0},{"not_picked":["Perfected Strike","Heavy Blade"],"picked":"Clash","floor":5.0},{"not_picked":["Clash","Anger"],"picked":"Battle Trance","floor":6.0},{"not_picked":["Second Wind","Twin Strike"],"picked":"Armaments","floor":8.0},{"not_picked":["Body Slam","Heavy Blade"],"picked":"Flame Barrier","floor":10.0},{"not_picked":["Wild Strike","Twin Strike","Corruption"],"picked":"SKIP","floor":14.0},{"not_picked":["Immolate","Dark Embrace"],"picked":"Feed","floor":16},{"not_picked":["Clash","Thunderclap","Metallicize"],"picked":"SKIP","floor":18},{"not_picked":["Anger","Havoc","Sword Boomerang"],"picked":"SKIP","floor":22},{"not_picked":["Ghostly Armor","Perfected Strike"],"picked":"Reaper","floor":23}],"player_experience":120528,"relics_obtained":[{"floor":6.0,"key":"Boot"},{"floor":9.0,"key":"Mercury Hourglass"},{"floor":10.0,"key":"Gremlin Horn"},{"floor":23,"key":"Omamori"}],"event_choices":[{"damage_healed":0.0,"max_hp_gain":0.0,"max_hp_loss":0.0,"gold_gain":100.0,"event_name":"Golden Shrine","player_choice":"Pray","floor":3.0,"gold_loss":0.0,"damage_taken":0.0},{"cards_removed":["Strike_R"],"damage_healed":0.0,"max_hp_gain":0.0,"max_hp_loss":0.0,"gold_gain":0.0,"event_name":"Golden Wing","player_choice":"Card Removal","floor":11.0,"gold_loss":0.0,"damage_taken":7.0},{"damage_healed":0.0,"max_hp_gain":0.0,"max_hp_loss":0.0,"gold_gain":75.0,"event_name":"World of Goop","player_choice":"Gather Gold","floor":12.0,"gold_loss":0.0,"damage_taken":11.0},{"damage_healed":0.0,"max_hp_gain":0.0,"max_hp_loss":6.0,"gold_gain":0.0,"event_name":"Golden Idol","player_choice":"Lose Max HP","floor":13.0,"gold_loss":0.0,"damage_taken":0.0,"relics_obtained":["Golden Idol"]},{"cards_removed":["Defend_R"],"damage_healed":0,"gold_gain":0,"player_choice":"Gave Gold","damage_taken":0,"max_hp_gain":0,"max_hp_loss":0,"event_name":"Beggar","floor":19,"gold_loss":75},{"damage_healed":0,"gold_gain":0,"player_choice":"Ignored","damage_taken":0,"max_hp_gain":0,"max_hp_loss":0,"event_name":"Vampires","floor":21,"gold_loss":0}],"is_beta":false,"boss_relics":[{"not_picked":["Eternal Feather","Lizard Tail"],"picked":"Sozu"}],"items_purged_floors":[20],"is_endless":false,"potions_floor_spawned":[4,5,10,14,23],"killed_by":"Book of Stabbing","ascension_level":12}