{"gold_per_floor":[118,128,140,159,159,159,194,194,220,220,255,255,289,289,301,408,420,449,474,411,437,449,461,490,502,539,578,610,622,660,686,698,807,819,841,853,637,657,657,686,686,686,709,196,196,214,214,249,249,249],"floor_reached":50,"playtime":4001,"items_purged":["Strike_G","Decay"],"score":1134,"play_id":"9fe9cd0c-ea56-4199-83c6-60497e0f2553","local_time":"20181002175756","is_ascension_mode":true,"campfire_choices":[{"data":"All Out Attack","floor":6,"key":"SMITH"},{"data":"Crippling Poison","floor":12,"key":"SMITH"},{"floor":15,"key":"REST"},{"floor":23,"key":"REST"},{"floor":29,"key":"REST"},{"floor":32,"key":"REST"},{"floor":45,"key":"REST"},{"floor":49,"key":"REST"}],"neow_cost":"PERCENT_DAMAGE","seed_source_timestamp":232894010866560,"circlet_count":0,"master_deck":["Defend_G","Defend_G","Defend_G","Defend_G","Defend_G","Strike_G","Strike_G","Strike_G","Survivor","Neutralize","Deflect","Crippling Poison+1","Bouncing Flask+1","Burst","Backflip","Corpse Explosion+1","Poisoned Stab+1","Outmaneuver","Footwork","Bane","Setup+1","Night Terror","Venomology","Backflip+1","Enlightenment","Bouncing Flask","Well Laid Plans"],"relics":["Ring of the Snake","Pocketwatch","Oddly Smooth Stone","WarpedTongs","Boot","Potion Belt","Anchor","MawBank","Fusion Hammer","Matryoshka","Spirit Poop","Orichalcum","PreservedInsect","Meat on the Bone","Du-Vu Doll","Black Star","War Paint","Happy Flower","Juzu Bracelet","Strawberry","Lantern","Art of War","Bronze Scales","Bag of Preparation","Pen Nib"],"potions_floor_usage":[7,7,11,16,30,31,33,35,38,40,48,48,48,50,50,50,50],"damage_taken":[{"damage":0,"enemies":"Jaw Worm","floor":1,"turns":5},{"damage":0,"enemies":"2 Louse","floor":2,"turns":2},{"damage":0,"enemies":"Cultist","floor":3,"turns":4},{"damage":3,"enemies":"Looter","floor":4,"turns":4},{"damage":3,"enemies":"Lagavulin","floor":7,"turns":6},{"damage":8,"enemies":"Gremlin Nob","floor":11,"turns":3},{"damage":0,"enemies":"3 Sentries","floor":13,"turns":6},{"damage":0,"enemies":"The Guardian","floor":16,"turns":10},{"damage":3,"enemies":"Spheric Guardian","floor":18,"turns":3},{"damage":4,"enemies":"Shell Parasite","floor":19,"turns":4},{"damage":0,"enemies":"Cultist and Chosen","floor":21,"turns":3},{"damage":21,"enemies":"Shelled Parasite and Fungi","floor":24,"turns":5},{"damage":0,"enemies":"Gremlin Leader","floor":27,"turns":4},{"damage":0,"enemies":"Snecko","floor":28,"turns":4},{"damage":0,"enemies":"Slavers","floor":30,"turns":1},{"damage":20,"enemies":"Centurion and Healer","floor":31,"turns":4},{"damage":20,"enemies":"Collector","floor":33,"turns":7},{"damage":19,"enemies":"Orb Walker","floor":35,"turns":6},{"damage":22,"enemies":"3 Darklings","floor":38,"turns":4},{"damage":0,"enemies":"Nemesis","floor":40,"turns":7},{"damage":0,"enemies":"Maw","floor":46,"turns":6},{"damage":14,"enemies":"Giant Head","floor":48,"turns":7},{"damage":82,"enemies":"Time Eater","floor":50,"turns":10}],"seed_played":"-7604497305690875566","potions_obtained":[{"floor":1,"key":"Dexterity Potion"},{"floor":2,"key":"Poison Potion"},{"floor":4,"key":"Poison Potion"},{"floor":7,"key":"FearPotion"},{"floor":18,"key":"PowerPotion"},{"floor":19,"key":"AttackPotion"},{"floor":31,"key":"Block Potion"},{"floor":33,"key":"Energy Potion"},{"floor":35,"key":"PowerPotion"}],"is_trial":false,"path_per_floor":["M","M","M","M","?","R","E","?","T","?","E","R","E","?","R","B",null,"M","M","?","M","?","R","M","?","T","E","M","R","E","M","R","B",null,"M","?","$","M","?","E","?","?","T","$","R","M","?","E","R"],"character_chosen":"THE_SILENT","items_purchased":["War Paint","Art of War","Bronze Scales","Bouncing Flask","Weak Potion"],"campfire_rested":6,"item_purchase_floors":[37,44,44,44,44],"current_hp_per_floor":[45,45,45,42,65,65,62,62,62,62,54,54,54,47,68,68,70,67,63,63,63,63,70,49,49,49,49,49,70,70,50,70,50,65,46,46,46,36,36,36,36,36,43,43,66,66,66,52,73,0],"gold":249,"neow_bonus":"ONE_RARE_RELIC","is_prod":false,"is_daily":false,"chose_seed":false,"campfire_upgraded":2,"win_rate":0,"timestamp":1538517476,"path_taken":["M","M","M","M","?","R","E","?","T","?","E","R","E","?","R","BOSS","M","M","?","M","?","R","M","?","T","E","M","R","E","M","R","BOSS","M","?","$","M","?","E","?","?","T","$","R","M","?","E","R","BOSS"],"build_version":"2018-09-27","purchased_purges":2,"victory":false,"max_hp_per_floor":[70,70,70,70,70,70,70,70,70,70,70,70,70,70,70,70,70,70,70,70,70,70,70,70,70,70,70,70,70,70,70,70,70,70,70,70,70,70,70,70,70,70,77,77,77,77,73,73,73,73],"card_choices":[{"not_picked":["Sucker Punch","Slice"],"picked":"All Out Attack","floor":1},{"not_picked":["Poisoned Stab","Expertise"],"picked":"Deflect","floor":2},{"not_picked":["Dagger Throw","Underhanded Strike"],"picked":"Crippling Poison","floor":3},{"not_picked":["Riddle With Holes","Cloak And Dagger"],"picked":"Bouncing Flask","floor":4},{"not_picked":["Bane","Predator"],"picked":"Burst","floor":7},{"not_picked":["Dodge and Roll","Heel Hook"],"picked":"Backflip","floor":11},{"not_picked":["Grand Finale","Deadly Poison","Underhanded Strike"],"picked":"SKIP","floor":13},{"not_picked":["Burst","Wraith Form v2"],"picked":"Corpse Explosion","floor":16},{"not_picked":["Dagger Spray","Deadly Poison","Reflex"],"picked":"SKIP","floor":18},{"not_picked":["Slice","Flechettes"],"picked":"Poisoned Stab+1","floor":19},{"not_picked":["After Image","PiercingWail+1"],"picked":"Outmaneuver","floor":21},{"not_picked":["Choke","Outmaneuver"],"picked":"Footwork","floor":24},{"not_picked":["Cloak And Dagger","Tactician"],"picked":"Bane","floor":27},{"not_picked":["Dagger Throw+1","Underhanded Strike"],"picked":"Setup+1","floor":28},{"not_picked":["Acrobatics","Malaise"],"picked":"Night Terror","floor":30},{"not_picked":["Reflex+1","Dagger Spray+1","Blade Dance"],"picked":"SKIP","floor":31},{"not_picked":["Unload","Malaise"],"picked":"Venomology","floor":33},{"not_picked":["Dagger Spray","Prepared+1"],"picked":"Backflip+1","floor":35},{"not_picked":["Blade Dance+1","Dagger Throw","PiercingWail+1"],"picked":"SKIP","floor":38},{"not_picked":["The Bomb","Purity"],"picked":"Enlightenment","floor":39},{"not_picked":["Prepared+1","Storm of Steel","Underhanded Strike+1"],"picked":"SKIP","floor":40},{"not_picked":["Flying Knee+1","Dagger Spray+1","Bane"],"picked":"SKIP","floor":46},{"not_picked":["Dash","All Out Attack+1"],"picked":"Well Laid Plans","floor":48}],"player_experience":309605,"relics_obtained":[{"floor":7,"key":"Oddly Smooth Stone"},{"floor":9,"key":"Boot"},{"floor":11,"key":"Potion Belt"},{"floor":13,"key":"Anchor"},{"floor":26,"key":"Orichalcum"},{"floor":26,"key":"PreservedInsect"},{"floor":27,"key":"Meat on the Bone"},{"floor":30,"key":"Du-Vu Doll"},{"floor":40,"key":"Happy Flower"},{"floor":40,"key":"Juzu Bracelet"},{"floor":43,"key":"Strawberry"},{"floor":43,"key":"Lantern"},{"floor":48,"key":"Bag of Preparation"},{"floor":48,"key":"Pen Nib"}],"event_choices":[{"event_name":"Big Fish","player_choice":"Banana","floor":5,"damage_taken":0},{"event_name":"Accursed Blacksmith","player_choice":"Rummage","floor":8,"damage_taken":0},{"event_name":"Living Wall","player_choice":"Forget","floor":10,"damage_taken":0},{"event_name":"Scrap Ooze","player_choice":"success","floor":14,"damage_taken":7},{"event_name":"Beggar","player_choice":"Gave Gold","floor":20,"damage_taken":0},{"event_name":"The Mausoleum","player_choice":"Yes","floor":22,"damage_taken":0},{"event_name":"Bonfire Elementals","player_choice":"CURSE","floor":25,"damage_taken":0},{"event_name":"Falling","player_choice":"Removed Attack","floor":36,"damage_taken":0},{"event_name":"SensoryStone","player_choice":"Memory 1","floor":39,"damage_taken":0},{"event_name":"Tomb of Lord Red Mask","player_choice":"Ignored","floor":41,"damage_taken":0},{"event_name":"Wheel of Change","player_choice":"Curse","floor":42,"damage_taken":0},{"event_name":"Winding Halls","player_choice":"Max HP","floor":47,"damage_taken":0}],"is_beta":false,"boss_relics":[{"not_picked":["Philosopher\u0027s Stone","Pandora\u0027s Box"],"picked":"Fusion Hammer"},{"not_picked":["Sozu","Tiny House"],"picked":"Black Star"}],"items_purged_floors":[37,44],"is_endless":false,"potions_floor_spawned":[1,2,4,7,18,19,31,33,35],"killed_by":"Time Eater","ascension_level":9}