{"gold_per_floor":[117,137,137,87,106,106,106,106,152,182,182,203,216,547,547,672,735,726,747,772,790,865,865,865],"floor_reached":24,"playtime":1733,"items_purged":[],"score":227,"play_id":"9465020b-984a-4ed7-99a7-99a6d2087a33","local_time":"20190826135553","is_ascension_mode":true,"campfire_choices":[{"floor":6,"key":"RECALL"},{"data":"Undo","floor":8,"key":"SMITH"},{"data":"Capacitor","floor":15,"key":"SMITH"},{"floor":23,"key":"REST"}],"neow_cost":"NONE","seed_source_timestamp":50782153926100,"circlet_count":0,"master_deck":["Strike_B","Strike_B","Strike_B","Strike_B","Defend_B","Defend_B","Defend_B","Zap","Dualcast","Ball Lightning","Chill+1","Undo+1","FTL","Injury","Reinforced Body","Capacitor+1","Gash+1","Biased Cognition","White Noise","Coolheaded","Scrape","Gash+1"],"relics":["Cracked Core","NeowsBlessing","Bottled Flame","Golden Idol","Old Coin","Tiny House","Bronze Scales"],"potions_floor_usage":[14,16,16,24],"damage_taken":[{"damage":0,"enemies":"Jaw Worm","floor":1,"turns":1},{"damage":0,"enemies":"2 Louse","floor":2,"turns":1},{"damage":0,"enemies":"Cultist","floor":5,"turns":1},{"damage":14,"enemies":"Lagavulin","floor":10,"turns":6},{"damage":1,"enemies":"3 Louse","floor":12,"turns":4},{"damage":0,"enemies":"Exordium Thugs","floor":13,"turns":4},{"damage":21,"enemies":"3 Sentries","floor":14,"turns":8},{"damage":6,"enemies":"The Guardian","floor":16,"turns":10},{"damage":11,"enemies":"2 Thieves","floor":18,"turns":5},{"damage":9,"enemies":"Shell Parasite","floor":19,"turns":6},{"damage":11,"enemies":"Shelled Parasite and Fungi","floor":21,"turns":8},{"damage":66,"enemies":"Gremlin Leader","floor":24,"turns":7}],"seed_played":"2312902073147379038","potions_obtained":[{"floor":2,"key":"EssenceOfSteel"},{"floor":12,"key":"Poison Potion"},{"floor":13,"key":"Regen Potion"},{"floor":14,"key":"Dexterity Potion"},{"floor":17,"key":"SkillPotion"},{"floor":18,"key":"Weak Potion"}],"is_trial":false,"path_per_floor":["M","M","?","?","M","R","$","R","T","E","?","M","M","E","R","B",null,"M","M","T","M","?","R","E"],"character_chosen":"DEFECT","items_purchased":[],"campfire_rested":1,"item_purchase_floors":[],"current_hp_per_floor":[75,75,75,75,75,75,75,75,75,61,61,60,60,54,54,48,80,69,60,60,49,41,65,0],"gold":865,"neow_bonus":"THREE_ENEMY_KILL","is_prod":false,"is_daily":false,"chose_seed":false,"campfire_upgraded":2,"win_rate":0,"timestamp":1566845753,"path_taken":["M","M","?","?","M","R","?","R","T","E","?","M","?","E","R","BOSS","M","M","?","M","?","R","E"],"build_version":"2019-07-17","purchased_purges":0,"victory":false,"max_hp_per_floor":[75,75,75,75,75,75,75,75,75,75,75,75,75,75,75,75,80,80,80,80,80,80,80,80],"card_choices":[{"not_picked":["Sweeping Beam","Steam Power"],"picked":"Ball Lightning","floor":1},{"not_picked":["Turbo","Hello World"],"picked":"Chill","floor":2},{"not_picked":["Stack","Conserve Battery"],"picked":"Undo","floor":5},{"not_picked":["Static Discharge","Reboot"],"picked":"FTL","floor":10},{"not_picked":["Turbo","Loop"],"picked":"Reinforced Body","floor":12},{"not_picked":["Beam Cell","Coolheaded"],"picked":"Capacitor","floor":13},{"not_picked":["Tempest","Go for the Eyes"],"picked":"Gash","floor":14},{"not_picked":["Multi-Cast","Thunder Strike"],"picked":"Biased Cognition","floor":16},{"not_picked":["Aggregate","Compile Driver"],"picked":"White Noise","floor":17},{"not_picked":["Leap","Self Repair"],"picked":"Coolheaded","floor":18},{"not_picked":["Stack","Reprogram"],"picked":"Scrape","floor":19},{"not_picked":["Sweeping Beam+1","Rebound+1"],"picked":"Gash+1","floor":21}],"player_experience":209572,"relics_obtained":[{"floor":10,"key":"Bottled Flame"},{"floor":14,"key":"Old Coin"},{"floor":20,"key":"Bronze Scales"}],"event_choices":[{"damage_healed":0,"gold_gain":0,"player_choice":"Grow","damage_taken":0,"max_hp_gain":0,"max_hp_loss":0,"event_name":"Living Wall","floor":3,"gold_loss":0,"cards_upgraded":["Chill"]},{"cards_removed":["Defend_B"],"damage_healed":0,"gold_gain":0,"player_choice":"Card Removal","damage_taken":0,"max_hp_gain":0,"max_hp_loss":0,"event_name":"The Cleric","floor":4,"gold_loss":50},{"damage_healed":0,"gold_gain":0,"player_choice":"Take Wound","damage_taken":0,"relics_obtained":["Golden Idol"],"max_hp_gain":0,"max_hp_loss":0,"event_name":"Golden Idol","floor":11,"gold_loss":0,"cards_obtained":["Injury"]},{"damage_healed":0,"gold_gain":75,"player_choice":"Touch","damage_taken":8,"max_hp_gain":0,"max_hp_loss":0,"event_name":"FaceTrader","floor":22,"gold_loss":0}],"is_beta":false,"boss_relics":[{"not_picked":["Sozu","Cursed Key"],"picked":"Tiny House"}],"items_purged_floors":[],"is_endless":false,"potions_floor_spawned":[2,12,13,14,18,19],"killed_by":"Gremlin Leader","ascension_level":2}