{"gold_per_floor":[111,61,136,136,136,171,189,45,115,127,143,158,168,179,179,280,280,295,295,295,220,238,238,250,150,175,26,43,58,58],"floor_reached":30,"playtime":1385,"items_purged":["Pain","Writhe"],"score":284,"play_id":"7ef25e26-db7d-4f8e-acc9-b53bfc78341e","local_time":"20190909222308","is_ascension_mode":false,"campfire_choices":[{"floor":15.0,"key":"REST"},{"floor":23,"key":"REST"}],"neow_cost":"NONE","seed_source_timestamp":933452195600,"circlet_count":0,"master_deck":["Strike_R","Strike_R","Strike_R","Strike_R","Defend_R","Defend_R","Defend_R+1","Defend_R+1","Bash","Hemokinesis","Disarm","Clothesline","Rupture","Wild Strike+1","Bludgeon+1","Headbutt+1","Barricade","Body Slam+1","Hemokinesis+1","Seeing Red","Entrench","Flex+1","Fire Breathing"],"special_seed":0,"relics":["Black Blood","Strawberry","War Paint","WarpedTongs","Ancient Tea Set","Molten Egg 2","Ornamental Fan","Anchor"],"potions_floor_usage":[22,22],"damage_taken":[{"damage":1.0,"enemies":"Small Slimes","floor":1.0,"turns":4.0},{"damage":44.0,"enemies":"3 Sentries","floor":6.0,"turns":8.0},{"damage":3.0,"enemies":"2 Louse","floor":7.0,"turns":2.0},{"damage":9.0,"enemies":"Cultist","floor":10.0,"turns":3.0},{"damage":16.0,"enemies":"Red Slaver","floor":11.0,"turns":2.0},{"damage":10.0,"enemies":"Blue Slaver","floor":12.0,"turns":4.0},{"damage":5.0,"enemies":"2 Fungi Beasts","floor":13.0,"turns":2.0},{"damage":16.0,"enemies":"Gremlin Gang","floor":14.0,"turns":3.0},{"damage":5.0,"enemies":"Slime Boss","floor":16.0,"turns":4.0},{"damage":14.0,"enemies":"Spheric Guardian","floor":18.0,"turns":3.0},{"damage":31,"enemies":"3 Byrds","floor":22,"turns":7},{"damage":32,"enemies":"Cultist and Chosen","floor":24,"turns":6},{"damage":38,"enemies":"3 Cultists","floor":28,"turns":6},{"damage":20,"enemies":"Centurion and Healer","floor":29,"turns":5},{"damage":17,"enemies":"Snake Plant","floor":30,"turns":2}],"seed_played":"2061988590330983999","potions_obtained":[{"floor":1.0,"key":"Block Potion"},{"floor":7.0,"key":"SpeedPotion"},{"floor":11.0,"key":"FearPotion"},{"floor":16.0,"key":"EssenceOfSteel"},{"floor":18,"key":"Swift Potion"},{"floor":29,"key":"Ancient Potion"}],"is_trial":false,"path_per_floor":["M","?","?","?","?","E","M","$","T","M","M","M","M","M","R","B",null,"M","?","?","?","M","R","M","$","T","$","M","M","M"],"character_chosen":"IRONCLAD","items_purchased":["Rupture","Seeing Red","Entrench"],"campfire_rested":2,"item_purchase_floors":[8,27,27],"current_hp_per_floor":[87,87,76,76,76,38,41,41,41,38,28,24,25,15,41,42,87,83,83,66,66,45,72,50,50,50,50,22,12,0],"gold":58,"neow_bonus":"RANDOM_COMMON_RELIC","is_prod":false,"is_daily":false,"chose_seed":false,"campfire_upgraded":0,"win_rate":0,"timestamp":1568038988,"path_taken":["M","?","?","?","?","E","?","$","T","M","M","M","M","M","R","BOSS","M","?","?","?","M","R","M","$","T","$","M","M","M"],"build_version":"2019-07-17","purchased_purges":2,"victory":false,"max_hp_per_floor":[87,87,87,87,87,87,87,87,87,87,87,87,87,87,87,87,87,87,87,92,92,92,92,92,92,92,92,92,92,92],"card_choices":[{"not_picked":["Sword Boomerang","Whirlwind"],"picked":"Hemokinesis","floor":1.0},{"not_picked":["Sentinel","Havoc"],"picked":"Disarm","floor":6.0},{"not_picked":["Thunderclap","Wild Strike"],"picked":"Clothesline","floor":7.0},{"not_picked":["Anger+1","Cleave+1"],"picked":"Wild Strike+1","floor":10.0},{"not_picked":["Havoc","Sword Boomerang+1","Clash+1"],"picked":"SKIP","floor":11.0},{"not_picked":["Anger+1","Flex"],"picked":"Bludgeon+1","floor":12.0},{"not_picked":["Heavy Blade+1","Thunderclap+1"],"picked":"Headbutt+1","floor":13.0},{"not_picked":["Cleave+1","Clothesline+1","Thunderclap+1"],"picked":"SKIP","floor":14.0},{"not_picked":["Berserk","Impervious"],"picked":"Barricade","floor":16.0},{"not_picked":["Feel No Pain","Second Wind"],"picked":"Body Slam+1","floor":18},{"not_picked":["Headbutt+1","Uppercut+1","Twin Strike+1"],"picked":"SKIP","floor":22},{"not_picked":["Uppercut+1","Heavy Blade+1"],"picked":"Hemokinesis+1","floor":24},{"not_picked":["Armaments","Uppercut+1"],"picked":"Flex+1","floor":28},{"not_picked":["Pommel Strike+1","Sword Boomerang+1"],"picked":"Fire Breathing","floor":29}],"player_experience":340937,"relics_obtained":[{"floor":6.0,"key":"Ancient Tea Set"},{"floor":9.0,"key":"Molten Egg 2"},{"floor":26,"key":"Anchor"}],"event_choices":[{"cards_removed":["Strike_R"],"damage_healed":0.0,"max_hp_gain":0.0,"max_hp_loss":0.0,"gold_gain":0.0,"event_name":"The Cleric","player_choice":"Card Removal","floor":2.0,"gold_loss":50.0,"damage_taken":0.0},{"damage_healed":0.0,"max_hp_gain":0.0,"max_hp_loss":0.0,"gold_gain":75.0,"event_name":"World of Goop","player_choice":"Gather Gold","floor":3.0,"gold_loss":0.0,"damage_taken":11.0},{"damage_healed":0.0,"max_hp_gain":0.0,"max_hp_loss":0.0,"gold_gain":0.0,"event_name":"Big Fish","player_choice":"Box","floor":4.0,"gold_loss":0.0,"damage_taken":0.0,"relics_obtained":["War Paint"],"cards_obtained":["Regret"]},{"damage_healed":0.0,"max_hp_gain":0.0,"max_hp_loss":0.0,"gold_gain":0.0,"event_name":"Accursed Blacksmith","player_choice":"Rummage","floor":5.0,"gold_loss":0.0,"damage_taken":0.0,"relics_obtained":["WarpedTongs"],"cards_obtained":["Pain"]},{"damage_healed":0,"gold_gain":0,"player_choice":"Opened","damage_taken":0,"relics_obtained":["Ornamental Fan"],"max_hp_gain":0,"max_hp_loss":0,"event_name":"The Mausoleum","floor":19,"gold_loss":0,"cards_obtained":["Writhe"]},{"damage_healed":0,"gold_gain":0,"player_choice":"Shed Blood","damage_taken":22,"max_hp_gain":5,"max_hp_loss":0,"event_name":"Forgotten Altar","floor":20,"gold_loss":0},{"cards_removed":["Regret"],"damage_healed":0,"gold_gain":0,"player_choice":"Gave Gold","damage_taken":0,"max_hp_gain":0,"max_hp_loss":0,"event_name":"Beggar","floor":21,"gold_loss":75}],"is_beta":false,"boss_relics":[{"not_picked":["Pandora\u0027s Box","Astrolabe"],"picked":"Black Blood"}],"items_purged_floors":[8,25],"is_endless":false,"potions_floor_spawned":[1,7,11,16,18,29],"killed_by":"Snake Plant","ascension_level":0}