{"gold_per_floor":[112,131,144,69,69,69,87,122,177,16,47,97,117,131,131,207,207,219,229,229,52,52,81,81,81,129,129,158,188,246,260,260,260],"floor_reached":33,"playtime":1039,"items_purged":["Strike_R"],"score":701,"play_id":"71abc34a-1a3a-4118-97ac-5d94a245990b","local_time":"20190810033403","is_ascension_mode":true,"campfire_choices":[{"data":"Wild Strike","floor":6,"key":"SMITH"},{"data":"Combust","floor":15,"key":"SMITH"},{"data":"Immolate","floor":24,"key":"SMITH"},{"data":"Bludgeon","floor":27,"key":"SMITH"},{"floor":32,"key":"REST"}],"neow_cost":"PERCENT_DAMAGE","seed_source_timestamp":559807280307100,"circlet_count":0,"master_deck":["AscendersBane","Strike_R+1","Strike_R+1","Strike_R+1","Defend_R+1","Defend_R+1","Defend_R+1","Defend_R+1","Bash","Feed","Iron Wave","Twin Strike","Wild Strike+1","Second Wind","Shrug It Off","Uppercut","Anger","Combust+1","True Grit","Bludgeon+1","Flame Barrier+1","Immolate+1","True Grit","Impervious"],"relics":["Burning Blood","Ornamental Fan","Bag of Preparation","Orichalcum","Velvet Choker","Letter Opener","Juzu Bracelet","Red Mask","Tiny Chest"],"potions_floor_usage":[8,11,28,30],"damage_taken":[{"damage":3,"enemies":"2 Louse","floor":1,"turns":4},{"damage":2,"enemies":"Jaw Worm","floor":2,"turns":5},{"damage":7,"enemies":"Small Slimes","floor":3,"turns":4},{"damage":13,"enemies":"3 Louse","floor":7,"turns":5},{"damage":8,"enemies":"Gremlin Nob","floor":8,"turns":3},{"damage":27,"enemies":"Lagavulin","floor":11,"turns":6},{"damage":5,"enemies":"Blue Slaver","floor":13,"turns":5},{"damage":6,"enemies":"2 Fungi Beasts","floor":14,"turns":5},{"damage":45,"enemies":"Slime Boss","floor":16,"turns":9},{"damage":0,"enemies":"Chosen","floor":18,"turns":3},{"damage":26,"enemies":"2 Thieves","floor":19,"turns":5},{"damage":29,"enemies":"Slavers","floor":23,"turns":3},{"damage":26,"enemies":"Book of Stabbing","floor":28,"turns":4},{"damage":0,"enemies":"Masked Bandits","floor":29,"turns":2},{"damage":3,"enemies":"Gremlin Leader","floor":30,"turns":4},{"damage":8,"enemies":"Snecko","floor":31,"turns":5},{"damage":75,"enemies":"Automaton","floor":33,"turns":6}],"seed_played":"-6207215728337238510","potions_obtained":[{"floor":2,"key":"AttackPotion"},{"floor":8,"key":"FearPotion"},{"floor":23,"key":"SteroidPotion"},{"floor":28,"key":"Energy Potion"},{"floor":30,"key":"SteroidPotion"},{"floor":31,"key":"Ancient Potion"}],"is_trial":false,"path_per_floor":["M","M","M","?","?","R","M","E","T","$","E","?","M","M","R","B",null,"M","M","?","$","?","E","R","?","T","R","E","?","E","M","R","B"],"character_chosen":"IRONCLAD","items_purchased":["Uppercut","Immolate"],"campfire_rested":1,"item_purchase_floors":[10,21],"current_hp_per_floor":[56,63,65,65,70,70,66,64,64,64,43,43,47,50,50,11,76,82,65,65,65,65,42,42,42,42,42,22,28,31,29,59,0],"gold":260,"neow_bonus":"THREE_RARE_CARDS","is_prod":false,"is_daily":false,"chose_seed":false,"campfire_upgraded":4,"win_rate":0,"timestamp":1565433243,"path_taken":["M","M","M","?","?","R","?","E","T","$","E","?","?","M","R","BOSS","M","M","?","$","?","E","R","?","T","R","E","?","E","M","R","BOSS"],"build_version":"2019-07-17","purchased_purges":1,"victory":false,"max_hp_per_floor":[78,81,84,84,89,89,92,92,92,92,92,92,95,98,98,98,98,98,101,101,101,101,101,101,101,101,101,101,101,101,101,101,101],"card_choices":[{"not_picked":["Brutality","Offering"],"picked":"Feed","floor":0},{"not_picked":["Clothesline","Havoc"],"picked":"Iron Wave","floor":1},{"not_picked":["Body Slam","Infernal Blade"],"picked":"Twin Strike","floor":2},{"not_picked":["Warcry","Heavy Blade"],"picked":"Wild Strike","floor":3},{"not_picked":["Seeing Red","Havoc"],"picked":"Second Wind","floor":7},{"not_picked":["Brutality","Intimidate"],"picked":"Shrug It Off","floor":8},{"not_picked":["Rampage","Clash"],"picked":"Anger","floor":11},{"not_picked":["Pummel","Flex"],"picked":"Combust","floor":13},{"not_picked":["Blood for Blood","Iron Wave"],"picked":"True Grit","floor":14},{"not_picked":["Double Tap","Reaper"],"picked":"Bludgeon","floor":16},{"not_picked":["Twin Strike","Searing Blow","Cleave"],"picked":"SKIP","floor":18},{"not_picked":["Metallicize","Heavy Blade"],"picked":"Flame Barrier+1","floor":19},{"not_picked":["Sword Boomerang","Carnage","Metallicize"],"picked":"SKIP","floor":23},{"not_picked":["Clothesline","Heavy Blade"],"picked":"True Grit","floor":28},{"not_picked":["Wild Strike","Intimidate"],"picked":"Impervious","floor":30},{"not_picked":["Flex","Reckless Charge","Dual Wield+1"],"picked":"SKIP","floor":31}],"player_experience":763410,"relics_obtained":[{"floor":8,"key":"Ornamental Fan"},{"floor":9,"key":"Bag of Preparation"},{"floor":11,"key":"Orichalcum"},{"floor":23,"key":"Letter Opener"},{"floor":28,"key":"Juzu Bracelet"},{"floor":29,"key":"Red Mask"},{"floor":30,"key":"Tiny Chest"}],"event_choices":[{"cards_removed":["Strike_R"],"damage_healed":0,"gold_gain":0,"player_choice":"Card Removal","damage_taken":0,"max_hp_gain":0,"max_hp_loss":0,"event_name":"The Cleric","floor":4,"gold_loss":75},{"damage_healed":0,"gold_gain":0,"player_choice":"Donut","damage_taken":0,"max_hp_gain":5,"max_hp_loss":0,"event_name":"Big Fish","floor":5,"gold_loss":0},{"damage_healed":0,"gold_gain":50,"player_choice":"Pray","damage_taken":0,"max_hp_gain":0,"max_hp_loss":0,"event_name":"Golden Shrine","floor":12,"gold_loss":0},{"damage_healed":0,"gold_gain":0,"player_choice":"Simplicity","damage_taken":0,"max_hp_gain":0,"max_hp_loss":0,"event_name":"Back to Basics","floor":20,"gold_loss":0,"cards_upgraded":["Strike_R","Strike_R","Strike_R","Defend_R","Defend_R","Defend_R","Defend_R"]},{"damage_healed":0,"gold_gain":0,"player_choice":"Ignored","damage_taken":0,"max_hp_gain":0,"max_hp_loss":0,"event_name":"Ghosts","floor":22,"gold_loss":0},{"damage_healed":0,"gold_gain":0,"player_choice":"Fought Bandits","damage_taken":0,"max_hp_gain":0,"max_hp_loss":0,"event_name":"Masked Bandits","floor":29,"gold_loss":0}],"is_beta":false,"boss_relics":[{"not_picked":["Tiny House","Empty Cage"],"picked":"Velvet Choker"}],"items_purged_floors":[10],"is_endless":false,"potions_floor_spawned":[2,8,23,28,30,31],"killed_by":"Automaton","ascension_level":20}