{"gold_per_floor":[12,22,22,41,41,73,73,91,91,118,268,268,21,47,47,124,124,143,158,208,208,20,33,68,68,68,80,5,335,347,357,357,430,430,444,460,123,140,140,197,197,222,222,222,257,257,285,299,299,299],"floor_reached":50,"playtime":2117,"items_purged":["Doubt","Strike_R"],"score":1611,"play_id":"4b49cbad-f436-432e-b6bd-1b8cd20e9129","local_time":"20190908020307","is_ascension_mode":true,"campfire_choices":[{"data":"Cleave","floor":7,"key":"SMITH"},{"floor":12,"key":"DIG"},{"floor":15,"key":"DIG"},{"data":"Armaments","floor":25,"key":"SMITH"},{"floor":32,"key":"REST"},{"floor":41,"key":"DIG"},{"floor":44,"key":"DIG"},{"floor":49,"key":"RECALL"}],"neow_cost":"NO_GOLD","seed_source_timestamp":590449692997700,"circlet_count":0,"master_deck":["AscendersBane","Defend_R","Defend_R","Defend_R","Defend_R","Bash","Sword Boomerang","Anger","Headbutt","Cleave+1","Fiend Fire","Sword Boomerang","Immolate","Spot Weakness","Battle Trance","Armaments+1","True Grit+1","Battle Trance","Impervious","Reaper","Rupture+1","Fire Breathing+1","Warcry+1","Rage","Feel No Pain","Clothesline+1","Evolve","Feel No Pain+1","Body Slam+1"],"special_seed":0,"relics":["Burning Blood","FossilizedHelix","Shovel","Gremlin Horn","Du-Vu Doll","Unceasing Top","Darkstone Periapt","PreservedInsect","Red Skull","Happy Flower","Philosopher\u0027s Stone","Bag of Marbles","Lantern","Old Coin","Astrolabe","Dead Branch","Tiny Chest","Shuriken","Bronze Scales","Pen Nib","Ice Cream","Potion Belt"],"potions_floor_usage":[10,10,24,33,42,50],"damage_taken":[{"damage":1.0,"enemies":"Cultist","floor":1.0,"turns":4.0},{"damage":0.0,"enemies":"Jaw Worm","floor":2.0,"turns":3.0},{"damage":0.0,"enemies":"Small Slimes","floor":4.0,"turns":3.0},{"damage":48,"enemies":"Gremlin Nob","floor":6,"turns":5},{"damage":0,"enemies":"3 Louse","floor":8,"turns":2},{"damage":0,"enemies":"Lagavulin","floor":10,"turns":3},{"damage":0,"enemies":"3 Sentries","floor":14,"turns":3},{"damage":0,"enemies":"Slime Boss","floor":16,"turns":4},{"damage":19,"enemies":"2 Thieves","floor":18,"turns":3},{"damage":0,"enemies":"Chosen","floor":19,"turns":3},{"damage":27,"enemies":"Snake Plant","floor":23,"turns":4},{"damage":19,"enemies":"Book of Stabbing","floor":24,"turns":3},{"damage":0,"enemies":"Chosen and Byrds","floor":27,"turns":2},{"damage":0,"enemies":"Gremlin Leader","floor":29,"turns":1},{"damage":0,"enemies":"Centurion and Healer","floor":30,"turns":1},{"damage":18,"enemies":"Snake Plant","floor":31,"turns":2},{"damage":83,"enemies":"Automaton","floor":33,"turns":7},{"damage":0,"enemies":"3 Shapes","floor":35,"turns":8},{"damage":0,"enemies":"Orb Walker","floor":36,"turns":3},{"damage":0,"enemies":"Jaw Worm Horde","floor":38,"turns":2},{"damage":38,"enemies":"Reptomancer","floor":40,"turns":7},{"damage":0,"enemies":"Giant Head","floor":42,"turns":5},{"damage":0,"enemies":"Reptomancer","floor":45,"turns":2},{"damage":40,"enemies":"Giant Head","floor":47,"turns":9},{"damage":0,"enemies":"Maw","floor":48,"turns":5},{"damage":71,"enemies":"Donu and Deca","floor":50,"turns":6}],"seed_played":"4397445232459342910","potions_obtained":[{"floor":1.0,"key":"Regen Potion"},{"floor":8,"key":"AttackPotion"},{"floor":16,"key":"Poison Potion"},{"floor":19,"key":"Poison Potion"},{"floor":24,"key":"Swift Potion"},{"floor":27,"key":"FairyPotion"},{"floor":33,"key":"Fire Potion"},{"floor":36,"key":"Block Potion"},{"floor":42,"key":"Weak Potion"},{"floor":47,"key":"SpeedPotion"}],"is_trial":false,"path_per_floor":["M","M","$","M","?","E","R","M","T","E","?","R","$","E","R","B",null,"M","M","?","?","$","M","E","R","T","M","?","E","M","M","R","B",null,"M","M","$","M","?","E","R","E","T","R","E","?","E","M","R","B"],"character_chosen":"IRONCLAD","items_purchased":["PreservedInsect","Metallicize","Dead Branch"],"campfire_rested":1,"item_purchase_floors":[13,22,37],"current_hp_per_floor":[73,75,75,75,49,7,7,13,13,28,28,28,28,34,34,40,66,53,59,59,59,59,38,25,25,25,31,31,37,43,31,53,13,60,66,72,72,75,75,43,43,63,63,63,69,69,35,54,54,0],"gold":299,"neow_bonus":"ONE_RARE_RELIC","is_prod":false,"is_daily":false,"chose_seed":false,"campfire_upgraded":2,"win_rate":0,"timestamp":1567933387,"path_taken":["M","M","?","M","?","E","R","M","T","E","?","R","$","E","R","BOSS","M","M","?","?","$","M","E","R","T","M","?","E","M","M","R","BOSS","M","M","$","M","?","E","R","E","T","R","E","?","E","M","R","BOSS"],"build_version":"2019-07-17","purchased_purges":2,"victory":false,"max_hp_per_floor":[75,75,75,75,75,75,75,75,75,75,75,75,75,75,75,75,75,75,75,75,75,75,75,75,75,75,75,75,75,75,75,75,75,75,75,75,75,75,75,75,75,75,75,75,75,75,75,75,75,75],"card_choices":[{"not_picked":["Intimidate","Iron Wave"],"picked":"Sword Boomerang","floor":1.0},{"not_picked":["Spot Weakness","Corruption"],"picked":"Anger","floor":2.0},{"not_picked":["Perfected Strike","True Grit"],"picked":"Headbutt","floor":4.0},{"not_picked":["Havoc","Spot Weakness"],"picked":"Cleave","floor":6},{"not_picked":["Warcry","Iron Wave"],"picked":"Fiend Fire","floor":8},{"not_picked":["Carnage","Body Slam"],"picked":"Sword Boomerang","floor":10},{"not_picked":["Pommel Strike","Twin Strike","Brutality"],"picked":"SKIP","floor":14},{"not_picked":["Berserk","Barricade"],"picked":"Immolate","floor":16},{"not_picked":["Rage","Searing Blow","Iron Wave"],"picked":"SKIP","floor":18},{"not_picked":["Blood for Blood","Wild Strike+1","Havoc"],"picked":"SKIP","floor":19},{"not_picked":["Wild Strike+1","Sword Boomerang"],"picked":"Battle Trance","floor":23},{"not_picked":["True Grit","Combust"],"picked":"Armaments","floor":24},{"not_picked":["Warcry","Headbutt+1","Wild Strike"],"picked":"SKIP","floor":27},{"not_picked":["Corruption","Iron Wave"],"picked":"True Grit+1","floor":29},{"not_picked":["Battle Trance","Twin Strike","Sentinel"],"picked":"SKIP","floor":30},{"not_picked":["Twin Strike","Sentinel"],"picked":"Battle Trance","floor":30},{"not_picked":["Warcry","Blood for Blood+1"],"picked":"Impervious","floor":31},{"not_picked":["Berserk","Brutality"],"picked":"Reaper","floor":33},{"not_picked":["Rage","Dropkick+1","Sword Boomerang+1"],"picked":"SKIP","floor":35},{"not_picked":["Dropkick+1","Sword Boomerang+1"],"picked":"Rage","floor":35},{"not_picked":["True Grit","Anger"],"picked":"Feel No Pain","floor":36},{"not_picked":["Combust","Sentinel","Ghostly Armor"],"picked":"SKIP","floor":38},{"not_picked":["Spot Weakness","Brutality"],"picked":"Clothesline+1","floor":40},{"not_picked":["Sword Boomerang","Combust+1"],"picked":"Evolve","floor":42},{"not_picked":["Anger","Rupture"],"picked":"Feel No Pain+1","floor":45},{"not_picked":["Wild Strike","Perfected Strike"],"picked":"Body Slam+1","floor":47},{"not_picked":["Thunderclap","Reckless Charge","Flex"],"picked":"SKIP","floor":48}],"player_experience":887473,"relics_obtained":[{"floor":6,"key":"Gremlin Horn"},{"floor":9,"key":"Du-Vu Doll"},{"floor":10,"key":"Unceasing Top"},{"floor":12,"key":"Darkstone Periapt"},{"floor":14,"key":"Red Skull"},{"floor":15,"key":"Happy Flower"},{"floor":24,"key":"Bag of Marbles"},{"floor":26,"key":"Lantern"},{"floor":29,"key":"Old Coin"},{"floor":40,"key":"Tiny Chest"},{"floor":41,"key":"Shuriken"},{"floor":42,"key":"Bronze Scales"},{"floor":44,"key":"Pen Nib"},{"floor":45,"key":"Ice Cream"},{"floor":47,"key":"Potion Belt"}],"event_choices":[{"damage_healed":0.0,"max_hp_gain":0.0,"max_hp_loss":0.0,"gold_gain":0.0,"event_name":"Scrap Ooze","player_choice":"Success","floor":5.0,"gold_loss":0.0,"damage_taken":26.0,"relics_obtained":["Shovel"]},{"damage_healed":0,"gold_gain":150,"player_choice":"AGREE","damage_taken":0,"max_hp_gain":0,"max_hp_loss":0,"event_name":"Liars Game","floor":11,"gold_loss":0,"cards_obtained":["Doubt"]},{"damage_healed":0,"gold_gain":50,"player_choice":"Stole From Cult","damage_taken":0,"max_hp_gain":0,"max_hp_loss":0,"event_name":"Nest","floor":20,"gold_loss":0},{"damage_healed":0,"gold_gain":0,"player_choice":"Read","damage_taken":0,"max_hp_gain":0,"max_hp_loss":0,"event_name":"The Library","floor":21,"gold_loss":0,"cards_obtained":["Spot Weakness"]},{"cards_removed":["Strike_R"],"damage_healed":0,"gold_gain":0,"player_choice":"Gave Gold","damage_taken":0,"max_hp_gain":0,"max_hp_loss":0,"event_name":"Beggar","floor":28,"gold_loss":75},{"cards_removed":["Metallicize"],"damage_healed":0,"gold_gain":0,"player_choice":"Removed Power","damage_taken":0,"max_hp_gain":0,"max_hp_loss":0,"event_name":"Falling","floor":39,"gold_loss":0},{"damage_healed":0,"gold_gain":0,"player_choice":"Ignored","damage_taken":0,"max_hp_gain":0,"max_hp_loss":0,"event_name":"Tomb of Lord Red Mask","floor":46,"gold_loss":0}],"is_beta":false,"boss_relics":[{"not_picked":["Runic Dome","Fusion Hammer"],"picked":"Philosopher\u0027s Stone"},{"not_picked":["Mark of Pain","Calling Bell"],"picked":"Astrolabe"}],"items_purged_floors":[13,22],"is_endless":false,"potions_floor_spawned":[1,8,16,19,24,27,31,33,36,38,42,47],"killed_by":"Donu and Deca","ascension_level":20}