{"gold_per_floor":[111,126,141,141,1,1,1,30,30,42,58,14,27,57,57,132,132,149,149,160,85,103,103,128,140,198,227,258,270,313,350,362,374],"floor_reached":33,"playtime":1329,"items_purged":[],"score":594,"play_id":"3b7995b0-290a-43cf-af45-8290841670e9","local_time":"20190701184535","is_ascension_mode":true,"campfire_choices":[{"data":"Inflame","floor":6.0,"key":"SMITH"},{"data":"Anger","floor":15,"key":"SMITH"},{"data":"Armaments","floor":23,"key":"SMITH"},{"data":"Battle Trance","floor":25,"key":"SMITH"},{"data":"Heavy Blade","floor":29,"key":"SMITH"},{"data":"Body Slam","floor":32,"key":"SMITH"}],"neow_cost":"NONE","seed_source_timestamp":459208803741800,"circlet_count":0,"master_deck":["AscendersBane","Strike_R","Strike_R","Strike_R","Defend_R","Defend_R","Defend_R","Defend_R","Bash+1","Twin Strike","Battle Trance+1","Iron Wave","Inflame+1","Anger+1","Pommel Strike","Corruption","Sentinel","Offering","Reaper","Heavy Blade+1","Armaments+1","Metallicize+1","Burning Pact","Body Slam+1"],"special_seed":0,"relics":["Burning Blood","Shuriken","Meat on the Bone","Bottled Flame","Runic Pyramid","MawBank","Ancient Tea Set","Regal Pillow","Oddly Smooth Stone"],"potions_floor_usage":[16,24,28,30,30],"damage_taken":[{"damage":17.0,"enemies":"Cultist","floor":1.0,"turns":4.0},{"damage":14.0,"enemies":"Jaw Worm","floor":2.0,"turns":4.0},{"damage":18.0,"enemies":"Small Slimes","floor":3.0,"turns":4.0},{"damage":30.0,"enemies":"Lagavulin","floor":8.0,"turns":5.0},{"damage":11.0,"enemies":"Blue Slaver","floor":10.0,"turns":3.0},{"damage":4.0,"enemies":"Red Slaver","floor":11.0,"turns":3.0},{"damage":18.0,"enemies":"Exordium Thugs","floor":13.0,"turns":4.0},{"damage":8.0,"enemies":"Gremlin Nob","floor":14.0,"turns":3.0},{"damage":45,"enemies":"Slime Boss","floor":16,"turns":8},{"damage":11,"enemies":"Chosen","floor":18,"turns":4},{"damage":35,"enemies":"2 Thieves","floor":20,"turns":4},{"damage":10,"enemies":"Centurion and Healer","floor":22,"turns":5},{"damage":51,"enemies":"Slavers","floor":24,"turns":5},{"damage":35,"enemies":"Snake Plant","floor":27,"turns":4},{"damage":6,"enemies":"3 Cultists","floor":28,"turns":5},{"damage":45,"enemies":"Gremlin Leader","floor":30,"turns":7},{"damage":99,"enemies":"Collector","floor":33,"turns":7}],"seed_played":"-6296022459397814637","potions_obtained":[{"floor":1.0,"key":"Energy Potion"},{"floor":8.0,"key":"Regen Potion"},{"floor":16,"key":"Dexterity Potion"},{"floor":24,"key":"Fruit Juice"},{"floor":28,"key":"Energy Potion"}],"is_trial":false,"path_per_floor":["M","M","M","?","$","R","?","E","T","M","M","$","M","E","R","B",null,"M","?","M","?","M","R","E","R","T","M","M","R","E","T","R","B"],"character_chosen":"IRONCLAD","items_purchased":["Inflame","Anger","Sentinel"],"campfire_rested":0,"item_purchase_floors":[5,5,12],"current_hp_per_floor":[64,56,44,37,37,37,37,13,13,20,34,34,34,44,44,22,67,71,71,60,60,66,66,57,57,57,50,67,67,66,66,66,0],"gold":374,"neow_bonus":"TEN_PERCENT_HP_BONUS","is_prod":false,"is_daily":false,"chose_seed":false,"campfire_upgraded":6,"win_rate":0,"timestamp":1562031935,"path_taken":["M","M","M","?","$","R","?","E","T","M","?","$","M","E","R","BOSS","M","?","M","?","M","R","E","R","T","M","M","R","E","?","R","BOSS"],"build_version":"2019-07-01","purchased_purges":0,"victory":false,"max_hp_per_floor":[82,82,82,82,82,82,82,82,82,82,82,82,82,82,82,82,82,82,82,82,82,82,82,82,82,82,82,87,87,87,87,87,87],"card_choices":[{"not_picked":["Shockwave","Heavy Blade"],"picked":"Twin Strike","floor":1.0},{"not_picked":["Cleave","Twin Strike"],"picked":"Battle Trance","floor":2.0},{"not_picked":["Dropkick","Warcry"],"picked":"Iron Wave","floor":3.0},{"not_picked":["Brutality","Intimidate","Battle Trance"],"picked":"SKIP","floor":8.0},{"not_picked":["Blood for Blood","Sword Boomerang"],"picked":"Pommel Strike","floor":10.0},{"not_picked":["Sever Soul","Hemokinesis"],"picked":"Corruption","floor":11.0},{"not_picked":["Sentinel","Twin Strike"],"picked":"Offering","floor":14},{"not_picked":["Limit Break","Offering"],"picked":"Reaper","floor":16},{"not_picked":["Body Slam","Iron Wave"],"picked":"Heavy Blade","floor":18},{"not_picked":["Ghostly Armor","Sword Boomerang","Havoc"],"picked":"SKIP","floor":20},{"not_picked":["Thunderclap","Headbutt","Power Through"],"picked":"SKIP","floor":22},{"not_picked":["Warcry","Clothesline"],"picked":"Metallicize+1","floor":24},{"not_picked":["Twin Strike","Cleave"],"picked":"Burning Pact","floor":27},{"not_picked":["Cleave","Heavy Blade","Pommel Strike"],"picked":"SKIP","floor":28},{"not_picked":["Wild Strike","Cleave"],"picked":"Body Slam","floor":30}],"player_experience":641701,"relics_obtained":[{"floor":8.0,"key":"Shuriken"},{"floor":9.0,"key":"Meat on the Bone"},{"floor":14,"key":"Bottled Flame"},{"floor":24,"key":"MawBank"},{"floor":26,"key":"Ancient Tea Set"},{"floor":30,"key":"Regal Pillow"},{"floor":31,"key":"Oddly Smooth Stone"}],"event_choices":[{"cards_removed":["Strike_R"],"damage_healed":0.0,"max_hp_gain":0.0,"max_hp_loss":0.0,"gold_gain":0.0,"event_name":"Golden Wing","player_choice":"Card Removal","floor":4.0,"gold_loss":0.0,"damage_taken":7.0},{"damage_healed":0.0,"max_hp_gain":0.0,"max_hp_loss":0.0,"gold_gain":0.0,"event_name":"Upgrade Shrine","player_choice":"Upgraded","floor":7.0,"gold_loss":0.0,"damage_taken":0.0,"cards_upgraded":["Bash"]},{"damage_healed":0,"gold_gain":0,"player_choice":"Read","damage_taken":0,"max_hp_gain":0,"max_hp_loss":0,"event_name":"The Library","floor":19,"gold_loss":0,"cards_obtained":["Armaments"]},{"cards_removed":["Strike_R"],"damage_healed":0,"gold_gain":0,"player_choice":"Gave Gold","damage_taken":0,"max_hp_gain":0,"max_hp_loss":0,"event_name":"Beggar","floor":21,"gold_loss":75}],"is_beta":false,"boss_relics":[{"not_picked":["Runic Dome","Orrery"],"picked":"Runic Pyramid"}],"items_purged_floors":[],"is_endless":false,"potions_floor_spawned":[1,8,10,16,22,24,28],"killed_by":"Collector","ascension_level":20}