{"gold_per_floor":[110,110,130,145,36,36,51,51,51,62,81,94,35,66,66,161,161,179,192,203,203],"floor_reached":21,"playtime":1846,"items_purged":["Strike_G"],"score":185,"play_id":"25c5722f-0e8f-4b0e-9f53-1f91573a6313","local_time":"20190305023242","is_ascension_mode":false,"campfire_choices":[{"data":"Defend_G","floor":6,"key":"SMITH"},{"floor":15,"key":"REST"}],"neow_cost":"NONE","seed_source_timestamp":192442400905300,"circlet_count":0,"master_deck":["Defend_G","Defend_G+1","Defend_G","Defend_G","Defend_G+1","Strike_G","Strike_G","Strike_G","Survivor","Neutralize","Infinite Blades","PiercingWail","Poisoned Stab","Bouncing Flask","Acrobatics","Deadly Poison","Footwork","Backflip","Crippling Poison","Deadly Poison+1","Escape Plan"],"relics":["Ring of the Serpent","Ninja Scroll","Vajra","Unceasing Top","Peace Pipe"],"potions_floor_usage":[16,16,20],"damage_taken":[{"damage":0,"enemies":"2 Louse","floor":1,"turns":2},{"damage":0,"enemies":"Cultist","floor":3,"turns":3},{"damage":0,"enemies":"Small Slimes","floor":4,"turns":3},{"damage":0,"enemies":"3 Louse","floor":7,"turns":4},{"damage":0,"enemies":"2 Fungi Beasts","floor":10,"turns":3},{"damage":3,"enemies":"Exordium Thugs","floor":11,"turns":4},{"damage":1,"enemies":"3 Louse","floor":12,"turns":3},{"damage":17,"enemies":"Gremlin Nob","floor":14,"turns":4},{"damage":22,"enemies":"The Guardian","floor":16,"turns":9},{"damage":2,"enemies":"Chosen","floor":18,"turns":5},{"damage":0,"enemies":"Shell Parasite","floor":19,"turns":5},{"damage":39,"enemies":"3 Cultists","floor":20,"turns":7},{"damage":34,"enemies":"Cultist and Chosen","floor":21,"turns":4}],"seed_played":"41180686697177077","potions_obtained":[{"floor":1,"key":"Regen Potion"},{"floor":10,"key":"GamblersBrew"},{"floor":14,"key":"LiquidBronze"},{"floor":19,"key":"Block Potion"}],"is_trial":false,"path_per_floor":["M","?","M","M","$","R","M","?","T","M","M","M","?","E","R","B",null,"M","M","M","M"],"character_chosen":"THE_SILENT","items_purchased":["Bouncing Flask"],"campfire_rested":1,"item_purchase_floors":[5],"current_hp_per_floor":[70,52,52,52,52,52,52,52,52,52,49,48,48,31,52,45,70,68,68,29,0],"gold":203,"neow_bonus":"TRANSFORM_CARD","is_prod":false,"is_daily":false,"chose_seed":false,"campfire_upgraded":1,"win_rate":0,"timestamp":1551733362,"path_taken":["M","?","M","M","$","R","M","?","T","M","M","?","?","E","R","BOSS","M","M","M","M"],"build_version":"2019-01-23","purchased_purges":1,"victory":false,"max_hp_per_floor":[70,70,70,70,70,70,70,70,70,70,70,70,70,70,70,70,70,70,70,70,70],"card_choices":[{"not_picked":["Dash","Expertise"],"picked":"PiercingWail","floor":1},{"not_picked":["Dodge and Roll","Skewer"],"picked":"Poisoned Stab","floor":3},{"not_picked":["Underhanded Strike","Distraction","Slice"],"picked":"SKIP","floor":4},{"not_picked":["Skewer","Flechettes"],"picked":"Acrobatics","floor":7},{"not_picked":["Predator","Blur"],"picked":"Deadly Poison","floor":10},{"not_picked":["Tactician","PiercingWail"],"picked":"Footwork","floor":11},{"not_picked":["Acrobatics","Sucker Punch"],"picked":"Backflip","floor":12},{"not_picked":["Tools of the Trade","PiercingWail","Acrobatics"],"picked":"SKIP","floor":14},{"not_picked":["Flying Knee","Underhanded Strike"],"picked":"Crippling Poison","floor":18},{"not_picked":["PiercingWail","Flechettes"],"picked":"Deadly Poison+1","floor":19},{"not_picked":["Dagger Spray+1","Terror+1"],"picked":"Escape Plan","floor":20}],"player_experience":47550,"relics_obtained":[{"floor":9,"key":"Vajra"},{"floor":14,"key":"Peace Pipe"}],"event_choices":[{"damage_healed":0,"gold_gain":0,"player_choice":"Success","damage_taken":18,"relics_obtained":["Ninja Scroll"],"max_hp_gain":0,"max_hp_loss":0,"event_name":"Scrap Ooze","floor":2,"gold_loss":0},{"damage_healed":0,"gold_gain":0,"player_choice":"Upgraded","damage_taken":0,"max_hp_gain":0,"max_hp_loss":0,"event_name":"Upgrade Shrine","floor":8,"gold_loss":0,"cards_upgraded":["Defend_G"]},{"damage_healed":0,"gold_gain":0,"player_choice":"Paid Gold","damage_taken":0,"relics_obtained":["Unceasing Top"],"max_hp_gain":0,"max_hp_loss":0,"event_name":"WeMeetAgain","floor":13,"gold_loss":59}],"is_beta":false,"boss_relics":[{"not_picked":["WristBlade","Black Star"],"picked":"Ring of the Serpent"}],"items_purged_floors":[5],"is_endless":false,"potions_floor_spawned":[1,10,14,19],"killed_by":"Cultist and Chosen","ascension_level":0}