{"gold_per_floor":[116,116,167,84,143,172,45,70,70,70,70,97,172,192,192,268,268,284,199,199,211,35,35,69,84,110,110,385,385],"floor_reached":29,"playtime":679,"items_purged":[],"score":610,"play_id":"c54d39dd-76fc-44d5-9589-a3ef2c331a19","local_time":"20190728230056","is_ascension_mode":true,"campfire_choices":[{"data":"Combust","floor":10.0,"key":"SMITH"},{"data":"Headbutt","floor":15.0,"key":"SMITH"},{"floor":23.0,"key":"REST"},{"floor":27.0,"key":"REST"}],"neow_cost":"NONE","seed_source_timestamp":1006902114152200,"circlet_count":0,"master_deck":["AscendersBane","Strike_R","Strike_R","Strike_R","Strike_R","Strike_R","Defend_R","Defend_R","Defend_R","Defend_R","Bash","Uppercut+1","Spot Weakness","Reaper","True Grit","Combust+1","Headbutt+1","True Grit","Offering","Immolate","Shrug It Off","Sword Boomerang","True Grit+1","Regret"],"special_seed":0,"relics":["Burning Blood","NeowsBlessing","Potion Belt","Torii","Juzu Bracelet","Regal Pillow","The Courier","Philosopher\u0027s Stone","Red Skull","Enchiridion","OrangePellets","PreservedInsect","Centennial Puzzle"],"potions_floor_usage":[],"damage_taken":[{"damage":0.0,"enemies":"Small Slimes","floor":1.0,"turns":1.0},{"damage":0.0,"enemies":"Lagavulin","floor":6.0,"turns":1.0},{"damage":0.0,"enemies":"Gremlin Nob","floor":8.0,"turns":1.0},{"damage":19.0,"enemies":"Lagavulin","floor":12.0,"turns":6.0},{"damage":2.0,"enemies":"Jaw Worm","floor":14.0,"turns":4.0},{"damage":61.0,"enemies":"Slime Boss","floor":16.0,"turns":12.0},{"damage":33.0,"enemies":"Spheric Guardian","floor":18.0,"turns":4.0},{"damage":23.0,"enemies":"Shell Parasite","floor":21.0,"turns":2.0},{"damage":46.0,"enemies":"Book of Stabbing","floor":24.0,"turns":5.0},{"damage":17.0,"enemies":"Chosen and Byrds","floor":25.0,"turns":5.0},{"damage":101,"enemies":"Masked Bandits","floor":29,"turns":4}],"seed_played":"8594061866517418139","potions_obtained":[{"floor":6.0,"key":"Explosive Potion"},{"floor":8.0,"key":"Fire Potion"},{"floor":16.0,"key":"PowerPotion"},{"floor":18.0,"key":"GamblersBrew"}],"is_trial":false,"path_per_floor":["M","?","T","$","?","E","$","E","T","R","?","E","?","M","R","B",null,"M","?","?","M","$","R","E","M","T","R","?","?"],"character_chosen":"IRONCLAD","items_purchased":["Spot Weakness","True Grit","Combust","OrangePellets"],"campfire_rested":2,"item_purchase_floors":[4,7,7,22],"current_hp_per_floor":[74,74,74,74,74,75,75,75,75,75,80,74,63,76,76,30,68,45,45,24,12,12,51,11,10,10,49,49,0],"gold":385,"neow_bonus":"THREE_ENEMY_KILL","is_prod":false,"is_daily":false,"chose_seed":false,"campfire_upgraded":2,"win_rate":0,"timestamp":1564380056,"path_taken":["M","?","?","$","?","E","$","E","T","R","?","E","?","M","R","BOSS","M","?","?","M","$","R","E","M","T","R","?","?"],"build_version":"2019-07-17","purchased_purges":0,"victory":false,"max_hp_per_floor":[75,75,75,75,75,75,75,75,75,75,80,80,80,80,80,80,80,80,80,80,80,80,80,80,80,80,80,80,80],"card_choices":[{"not_picked":["Headbutt","Second Wind"],"picked":"Uppercut","floor":1.0},{"not_picked":["Battle Trance","Clothesline"],"picked":"Reaper","floor":6.0},{"not_picked":["Clothesline","Thunderclap"],"picked":"Headbutt","floor":8.0},{"not_picked":["Blood for Blood","Armaments"],"picked":"True Grit","floor":12.0},{"not_picked":["Clash","Shrug It Off"],"picked":"Offering","floor":14.0},{"not_picked":["Dark Embrace","Berserk"],"picked":"Immolate","floor":16.0},{"not_picked":["Spot Weakness","Havoc","Warcry"],"picked":"SKIP","floor":18.0},{"not_picked":["Carnage","Searing Blow"],"picked":"Shrug It Off","floor":21.0},{"not_picked":["Second Wind+1","Rage"],"picked":"Sword Boomerang","floor":24.0},{"not_picked":["Shrug It Off","Pommel Strike"],"picked":"True Grit+1","floor":25.0}],"player_experience":716904,"relics_obtained":[{"floor":3.0,"key":"Potion Belt"},{"floor":6.0,"key":"Torii"},{"floor":8.0,"key":"Juzu Bracelet"},{"floor":9.0,"key":"Regal Pillow"},{"floor":12.0,"key":"The Courier"},{"floor":20.0,"key":"Enchiridion"},{"floor":24.0,"key":"PreservedInsect"},{"floor":26.0,"key":"Centennial Puzzle"}],"event_choices":[{"damage_healed":0.0,"max_hp_gain":0.0,"max_hp_loss":0.0,"gold_gain":0.0,"event_name":"Living Wall","player_choice":"Grow","floor":2.0,"gold_loss":0.0,"damage_taken":0.0,"cards_upgraded":["Uppercut"]},{"damage_healed":0.0,"max_hp_gain":0.0,"max_hp_loss":0.0,"gold_gain":59.0,"event_name":"Golden Wing","player_choice":"Gained Gold","floor":5.0,"gold_loss":0.0,"damage_taken":0.0},{"damage_healed":0.0,"max_hp_gain":5.0,"max_hp_loss":0.0,"gold_gain":0.0,"event_name":"Big Fish","player_choice":"Donut","floor":11.0,"gold_loss":0.0,"damage_taken":0.0},{"damage_healed":0.0,"max_hp_gain":0.0,"max_hp_loss":0.0,"gold_gain":75.0,"event_name":"World of Goop","player_choice":"Gather Gold","floor":13.0,"gold_loss":0.0,"damage_taken":11.0},{"damage_healed":0.0,"max_hp_gain":0.0,"max_hp_loss":0.0,"gold_gain":0.0,"event_name":"Addict","player_choice":"Obtained Relic","floor":19.0,"gold_loss":85.0,"damage_taken":0.0,"relics_obtained":["Red Skull"]},{"damage_healed":0.0,"max_hp_gain":0.0,"max_hp_loss":0.0,"gold_gain":0.0,"event_name":"Cursed Tome","player_choice":"Obtained Book","floor":20.0,"gold_loss":0.0,"damage_taken":21.0},{"damage_healed":0.0,"max_hp_gain":0.0,"max_hp_loss":0.0,"gold_gain":275.0,"event_name":"Golden Shrine","player_choice":"Desecrate","floor":28.0,"gold_loss":0.0,"damage_taken":0.0,"cards_obtained":["Regret"]},{"damage_healed":0,"gold_gain":0,"player_choice":"Fought Bandits","damage_taken":0,"max_hp_gain":0,"max_hp_loss":0,"event_name":"Masked Bandits","floor":29,"gold_loss":0}],"is_beta":false,"boss_relics":[{"not_picked":["Busted Crown","Astrolabe"],"picked":"Philosopher\u0027s Stone"}],"items_purged_floors":[],"is_endless":false,"potions_floor_spawned":[6,8,16,18],"killed_by":"Masked Bandits","ascension_level":20}