{"gold_per_floor":[113,133,149,166,33,33,47,82,109,121,150,162,190,202,214,326,338,360,59,59,77,50,50,50],"floor_reached":24,"playtime":932,"items_purged":["Strike_B"],"score":248,"play_id":"4bb1a87c-baa2-451d-896a-8a29cccb55a7","local_time":"20190107204336","is_ascension_mode":true,"campfire_choices":[{"data":"Zap","floor":6,"key":"SMITH"},{"data":"Bandage Up","floor":12,"key":"SMITH"},{"floor":15,"key":"REST"},{"data":"Defragment","floor":23,"key":"SMITH"}],"neow_cost":"NONE","seed_source_timestamp":966110256433971,"circlet_count":0,"master_deck":["Strike_B","Defend_B","Defend_B","Defend_B","Defend_B","Zap+1","Dualcast","Redo+1","Beam Cell","Loop","Undo+1","Capacitor","Bandage Up+1","Consume+1","BootSequence","Leap","Gash+1","Echo Form","Ball Lightning+1","Defragment+1","Cold Snap+1","Hologram","Reinforced Body","Shame","Coolheaded","Gash+1"],"relics":["Cracked Core","Molten Egg 2","MawBank","Runic Dome","War Paint"],"potions_floor_usage":[8,8,16,16],"damage_taken":[{"damage":6,"enemies":"Cultist","floor":1,"turns":3},{"damage":2,"enemies":"Jaw Worm","floor":2,"turns":3},{"damage":0,"enemies":"2 Louse","floor":3,"turns":2},{"damage":37,"enemies":"Large Slime","floor":4,"turns":7},{"damage":11,"enemies":"3 Louse","floor":7,"turns":4},{"damage":12,"enemies":"Lagavulin","floor":8,"turns":6},{"damage":3,"enemies":"Blue Slaver","floor":11,"turns":3},{"damage":10,"enemies":"Gremlin Gang","floor":13,"turns":6},{"damage":9,"enemies":"Hexaghost","floor":16,"turns":9},{"damage":50,"enemies":"Shell Parasite","floor":18,"turns":6},{"damage":0,"enemies":"Chosen","floor":21,"turns":4},{"damage":24,"enemies":"Centurion and Healer","floor":24,"turns":2}],"seed_played":"-2475766465259857744","potions_obtained":[{"floor":3,"key":"PowerPotion"},{"floor":4,"key":"Poison Potion"},{"floor":7,"key":"GamblersBrew"},{"floor":8,"key":"FearPotion"},{"floor":13,"key":"Dexterity Potion"},{"floor":21,"key":"EssenceOfSteel"}],"is_trial":false,"path_per_floor":["M","M","M","M","$","R","M","E","T","?","M","R","M","?","R","B",null,"M","$","?","M","$","R","M"],"character_chosen":"DEFECT","items_purchased":["Capacitor","Bandage Up","Defragment","Cold Snap+1","Hologram","Reinforced Body","Gash+1"],"campfire_rested":1,"item_purchase_floors":[5,5,19,19,19,19,22],"current_hp_per_floor":[69,67,67,30,30,30,23,15,15,15,12,12,8,1,23,20,61,17,17,17,23,23,23,0],"gold":50,"neow_bonus":"REMOVE_CARD","is_prod":false,"is_daily":false,"chose_seed":false,"campfire_upgraded":3,"win_rate":0,"timestamp":1546915416,"path_taken":["M","M","?","M","$","R","M","E","T","?","M","R","M","?","R","BOSS","M","$","?","M","$","R","M"],"build_version":"2019-01-03v4","purchased_purges":1,"victory":false,"max_hp_per_floor":[75,75,75,75,75,75,75,75,75,75,75,75,75,75,75,75,75,75,75,75,75,75,75,75],"card_choices":[{"not_picked":["Turbo","Hello World"],"picked":"Redo","floor":1},{"not_picked":["BootSequence","Turbo"],"picked":"Beam Cell","floor":2},{"not_picked":["Heatsinks","White Noise"],"picked":"Loop","floor":3},{"not_picked":["Compile Driver","Reinforced Body"],"picked":"Undo","floor":4},{"not_picked":["Darkness","Streamline"],"picked":"Consume","floor":7},{"not_picked":["Meteor Strike","Thunder Strike"],"picked":"BootSequence","floor":8},{"not_picked":["Chill","Hologram"],"picked":"Leap","floor":11},{"not_picked":["Hello World","Skim"],"picked":"Gash+1","floor":13},{"not_picked":["Meteor Strike+1","Multi-Cast"],"picked":"Echo Form","floor":16},{"not_picked":["Skim","Reprogram"],"picked":"Ball Lightning+1","floor":18},{"not_picked":["Hello World","Turbo"],"picked":"Coolheaded","floor":21}],"player_experience":126380,"relics_obtained":[{"floor":8,"key":"Molten Egg 2"},{"floor":9,"key":"MawBank"}],"event_choices":[{"damage_healed":0,"gold_gain":0,"player_choice":"Grow","damage_taken":0,"max_hp_gain":0,"max_hp_loss":0,"event_name":"Living Wall","floor":10,"gold_loss":0,"cards_upgraded":["Redo"]},{"cards_removed":["Strike_B"],"damage_healed":0,"gold_gain":0,"player_choice":"Card Removal","damage_taken":7,"max_hp_gain":0,"max_hp_loss":0,"event_name":"Golden Wing","floor":14,"gold_loss":0},{"damage_healed":0,"gold_gain":0,"player_choice":"Stole Relic","damage_taken":0,"relics_obtained":["War Paint"],"max_hp_gain":0,"max_hp_loss":0,"event_name":"Addict","floor":20,"gold_loss":0,"cards_obtained":["Shame"]}],"is_beta":false,"boss_relics":[{"not_picked":["Velvet Choker","Tiny House"],"picked":"Runic Dome"}],"items_purged_floors":[19],"is_endless":false,"potions_floor_spawned":[3,4,7,8,13,21],"killed_by":"Centurion and Healer","ascension_level":5}