{"gold_per_floor":[115,131,111,30,6,38,50,50,50,50,77,97,112,168,168,245,245,261,273,198,214,214,214,214,214,214,226,226,226,244,254,254,326,326,345,364,264,279,292,320,320,334,415,426,426,72,72,100,100,100],"floor_reached":50,"playtime":1781,"items_purged":["Defend_R","Bash"],"score":1035,"play_id":"513321fc-d352-41fc-a244-cc7a19b0716b","local_time":"20181223153558","is_ascension_mode":true,"campfire_choices":[{"data":"Armaments","floor":8.0,"key":"SMITH"},{"data":"True Grit","floor":10.0,"key":"SMITH"},{"data":"Perfected Strike","floor":15.0,"key":"SMITH"},{"floor":23.0,"key":"REST"},{"data":"Perfected Strike","floor":32.0,"key":"SMITH"},{"floor":41.0,"key":"REST"},{"floor":47.0,"key":"REST"},{"floor":49.0,"key":"REST"}],"neow_cost":"NONE","seed_source_timestamp":172035324409700,"circlet_count":0,"master_deck":["AscendersBane","Strike_R+1","Strike_R+1","Strike_R+1","Strike_R+1","Strike_R+1","Defend_R+1","Defend_R+1","Defend_R+1","Armaments+1","Perfected Strike","Feel No Pain","True Grit+1","Perfected Strike+1","Headbutt","Offering","Cleave","Perfected Strike","Perfected Strike+1","Seeing Red","Immolate","Uppercut+1","Pommel Strike"],"special_seed":0,"relics":["Burning Blood","NeowsBlessing","Mango","Ginger","Torii","Frozen Egg 2","Velvet Choker","Mercury Hourglass","Lizard Tail","Anchor","Dodecahedron","Regal Pillow","Ancient Tea Set","Meat on the Bone"],"potions_floor_usage":[50],"damage_taken":[{"damage":0.0,"enemies":"Small Slimes","floor":1.0,"turns":1.0},{"damage":0.0,"enemies":"Cultist","floor":2.0,"turns":1.0},{"damage":0.0,"enemies":"Lagavulin","floor":6.0,"turns":1.0},{"damage":4.0,"enemies":"Jaw Worm","floor":7.0,"turns":4.0},{"damage":20.0,"enemies":"3 Sentries","floor":11.0,"turns":9.0},{"damage":19.0,"enemies":"Exordium Thugs","floor":12.0,"turns":6.0},{"damage":7.0,"enemies":"Large Slime","floor":13.0,"turns":6.0},{"damage":11.0,"enemies":"3 Sentries","floor":14.0,"turns":11.0},{"damage":28.0,"enemies":"Hexaghost","floor":16.0,"turns":14.0},{"damage":7.0,"enemies":"Spheric Guardian","floor":18.0,"turns":3.0},{"damage":26.0,"enemies":"2 Thieves","floor":19.0,"turns":3.0},{"damage":31.0,"enemies":"Snake Plant","floor":21.0,"turns":4.0},{"damage":7.0,"enemies":"Sentry and Sphere","floor":27.0,"turns":4.0},{"damage":0.0,"enemies":"Slavers","floor":28.0,"turns":1.0},{"damage":1.0,"enemies":"Chosen and Byrds","floor":30.0,"turns":4.0},{"damage":12.0,"enemies":"Shelled Parasite and Fungi","floor":31.0,"turns":3.0},{"damage":58.0,"enemies":"Automaton","floor":33.0,"turns":10.0},{"damage":2.0,"enemies":"Orb Walker","floor":35.0,"turns":3.0},{"damage":6.0,"enemies":"3 Shapes","floor":36.0,"turns":2.0},{"damage":22.0,"enemies":"3 Darklings","floor":38.0,"turns":2.0},{"damage":16.0,"enemies":"Spire Growth","floor":39.0,"turns":3.0},{"damage":120.0,"enemies":"Giant Head","floor":40.0,"turns":8.0},{"damage":16.0,"enemies":"Transient","floor":42.0,"turns":5.0},{"damage":16.0,"enemies":"3 Darklings","floor":44.0,"turns":3.0},{"damage":0.0,"enemies":"Maw","floor":45.0,"turns":1.0},{"damage":19.0,"enemies":"Nemesis","floor":48.0,"turns":5.0},{"damage":92,"enemies":"Time Eater","floor":50,"turns":9}],"seed_played":"4599775067700213392","potions_obtained":[{"floor":3.0,"key":"FairyPotion"},{"floor":6.0,"key":"FearPotion"},{"floor":18.0,"key":"SmokeBomb"},{"floor":19.0,"key":"Regen Potion"},{"floor":27.0,"key":"Dexterity Potion"},{"floor":30.0,"key":"PowerPotion"},{"floor":35.0,"key":"Strength Potion"},{"floor":42.0,"key":"Dexterity Potion"},{"floor":44.0,"key":"SmokeBomb"}],"is_trial":false,"path_per_floor":["M","M","?","$","$","E","M","R","T","R","E","M","M","?","R","B",null,"M","M","$","M","$","R","?","$","T","M","E","?","M","M","R","B",null,"M","M","$","M","M","E","R","M","T","M","M","$","R","E","R","B"],"character_chosen":"IRONCLAD","items_purchased":["Feel No Pain","True Grit","Pommel Strike","Regal Pillow","Ancient Tea Set"],"campfire_rested":4,"item_purchase_floors":[4,5,46,46,46],"current_hp_per_floor":[74,75,75,75,75,89,89,89,89,89,75,62,61,56,56,34,75,74,54,54,38,38,64,64,64,64,63,69,89,89,83,83,31,75,79,79,79,63,53,17,43,33,33,23,29,29,70,57,89,0],"gold":100,"neow_bonus":"THREE_ENEMY_KILL","is_prod":false,"is_daily":false,"chose_seed":false,"campfire_upgraded":4,"win_rate":0,"timestamp":1545608158,"path_taken":["M","M","?","?","$","E","M","R","T","R","E","?","M","?","R","BOSS","M","M","$","M","$","R","?","?","T","M","E","?","M","M","R","BOSS","M","M","$","M","M","E","R","M","T","M","M","$","R","E","R","BOSS"],"build_version":"2018-12-20","purchased_purges":2,"victory":false,"max_hp_per_floor":[75,75,75,75,75,89,89,89,89,89,89,89,89,89,89,89,89,89,89,89,89,89,89,89,89,89,89,89,89,89,89,89,89,89,89,89,89,89,89,89,89,89,89,89,89,89,89,89,89,89],"card_choices":[{"not_picked":["Flex","Havoc"],"picked":"Armaments","floor":1.0},{"not_picked":["Rupture","Havoc"],"picked":"Perfected Strike","floor":2.0},{"not_picked":["True Grit","Infernal Blade"],"picked":"Perfected Strike","floor":6.0},{"not_picked":["Evolve","True Grit","Armaments"],"picked":"SKIP","floor":7.0},{"not_picked":["Sever Soul","Pummel"],"picked":"Headbutt","floor":11.0},{"not_picked":["Combust","Intimidate","Burning Pact"],"picked":"SKIP","floor":12.0},{"not_picked":["Clothesline","Iron Wave","Shrug It Off"],"picked":"SKIP","floor":13.0},{"not_picked":["Demon Form+1","Double Tap"],"picked":"Offering","floor":16.0},{"not_picked":["Searing Blow","Warcry"],"picked":"Cleave","floor":18.0},{"not_picked":["Infernal Blade","Dropkick","Thunderclap"],"picked":"SKIP","floor":19.0},{"not_picked":["Sword Boomerang","Pommel Strike"],"picked":"Perfected Strike","floor":21.0},{"not_picked":["Heavy Blade","Flame Barrier"],"picked":"Perfected Strike","floor":27.0},{"not_picked":["Rage","Impervious"],"picked":"Seeing Red","floor":30.0},{"not_picked":["Anger","Dropkick","Disarm"],"picked":"SKIP","floor":31.0},{"not_picked":["Juggernaut+1","Exhume"],"picked":"Immolate","floor":33.0},{"not_picked":["Heavy Blade","Iron Wave","Ghostly Armor"],"picked":"SKIP","floor":35.0},{"not_picked":["Sword Boomerang","Whirlwind"],"picked":"Uppercut+1","floor":36.0},{"not_picked":["Armaments","Second Wind","Hemokinesis"],"picked":"SKIP","floor":38.0},{"not_picked":["Combust+1","Clothesline","Spot Weakness"],"picked":"SKIP","floor":39.0},{"not_picked":["Clash","Clothesline","Disarm"],"picked":"SKIP","floor":40.0},{"not_picked":["Sword Boomerang","Thunderclap","Clothesline"],"picked":"SKIP","floor":42.0},{"not_picked":["Brutality+1","Disarm+1","Headbutt"],"picked":"SKIP","floor":44.0},{"not_picked":["Heavy Blade","Ghostly Armor+1","Hemokinesis"],"picked":"SKIP","floor":48.0}],"player_experience":182832,"relics_obtained":[{"floor":6.0,"key":"Mango"},{"floor":9.0,"key":"Ginger"},{"floor":11.0,"key":"Torii"},{"floor":26.0,"key":"Mercury Hourglass"},{"floor":40.0,"key":"Anchor"},{"floor":43.0,"key":"Dodecahedron"},{"floor":48.0,"key":"Meat on the Bone"}],"event_choices":[{"damage_healed":0.0,"max_hp_gain":0.0,"max_hp_loss":0.0,"gold_gain":0.0,"event_name":"The Woman in Blue","player_choice":"Bought 1 Potion","floor":3.0,"gold_loss":0.0,"damage_taken":0.0},{"damage_healed":0.0,"max_hp_gain":0.0,"max_hp_loss":0.0,"gold_gain":0.0,"event_name":"Dead Adventurer","player_choice":"Searched \u00272\u0027 times","floor":14.0,"gold_loss":0.0,"damage_taken":0.0,"relics_obtained":["Frozen Egg 2"]},{"damage_healed":0.0,"max_hp_gain":0.0,"max_hp_loss":0.0,"gold_gain":0.0,"event_name":"Back to Basics","player_choice":"Simplicity","floor":24.0,"gold_loss":0.0,"damage_taken":0.0,"cards_upgraded":["Strike_R","Strike_R","Strike_R","Strike_R","Strike_R","Defend_R","Defend_R","Defend_R"]},{"damage_healed":20.0,"max_hp_gain":0.0,"max_hp_loss":0.0,"gold_gain":0.0,"event_name":"Wheel of Change","player_choice":"Full Heal","floor":29.0,"gold_loss":0.0,"damage_taken":0.0}],"is_beta":false,"boss_relics":[{"not_picked":["Fusion Hammer","Runic Cube"],"picked":"Velvet Choker"},{"not_picked":["Busted Crown","Astrolabe"],"picked":"Lizard Tail"}],"items_purged_floors":[20,37],"is_endless":false,"potions_floor_spawned":[6,12,14,16,18,19,27,30,35,42,44,45],"killed_by":"Time Eater","ascension_level":16}