{"gold_per_floor":[112,129,129,129,76,76,110,110,110,129,94,104,135,135,135,206,206,217,217,217,66,10,38,38,70,70,35,64,74,74,87,87,163,163,179,196,296,296,312,345,356,356,356,375,375,243,274,286,286,286,286,286,286,19,48,48],"floor_reached":56,"playtime":3008,"items_purged":["Exhume","Cleave"],"score":2046,"play_id":"eb3924c5-6923-440b-8e20-d377e7faa3c9","local_time":"20190805232512","is_ascension_mode":true,"campfire_choices":[{"data":"Perfected Strike","floor":6.0,"key":"SMITH"},{"data":"Bash","floor":8.0,"key":"SMITH"},{"data":"Perfected Strike","floor":15.0,"key":"SMITH"},{"data":"Uppercut","floor":24.0,"key":"SMITH"},{"data":"Perfected Strike","floor":32.0,"key":"SMITH"},{"data":"Perfected Strike","floor":42.0,"key":"SMITH"},{"data":"True Grit","floor":45.0,"key":"SMITH"},{"floor":49.0,"key":"RECALL"},{"data":"Feel No Pain","floor":53.0,"key":"SMITH"}],"neow_cost":"NONE","seed_source_timestamp":197086060825500,"circlet_count":0,"master_deck":["AscendersBane","Strike_R+1","Strike_R+1","Strike_R+1","Defend_R+1","Defend_R+1","Defend_R+1","Defend_R+1","Bash+1","Pommel Strike","Pommel Strike","Perfected Strike+1","Perfected Strike+1","Pommel Strike","Perfected Strike","Combust","True Grit","Uppercut+1","Shrug It Off","Perfected Strike+1","Perfected Strike+1","Reaper","Pommel Strike+1","True Grit+1","Perfected Strike+1","Feel No Pain+1","True Grit","Second Wind","Shrug It Off+1","Impervious"],"special_seed":0,"relics":["Burning Blood","Pantograph","Happy Flower","Mango","Snecko Eye","MutagenicStrength","Meat on the Bone","Lantern","Bottled Tornado","Torii","Bag of Preparation","Velvet Choker","Peace Pipe","Pocketwatch","Mummified Hand","Anchor"],"potions_floor_usage":[56],"damage_taken":[{"damage":7.0,"enemies":"2 Louse","floor":1.0,"turns":2.0},{"damage":7.0,"enemies":"Small Slimes","floor":2.0,"turns":3.0},{"damage":8.0,"enemies":"Gremlin Nob","floor":7.0,"turns":3.0},{"damage":2.0,"enemies":"Jaw Worm","floor":10.0,"turns":3.0},{"damage":6.0,"enemies":"2 Fungi Beasts","floor":12.0,"turns":3.0},{"damage":12.0,"enemies":"3 Sentries","floor":13.0,"turns":6.0},{"damage":62.0,"enemies":"The Guardian","floor":16.0,"turns":10.0},{"damage":6.0,"enemies":"Spheric Guardian","floor":18.0,"turns":3.0},{"damage":35.0,"enemies":"Slavers","floor":23.0,"turns":6.0},{"damage":14.0,"enemies":"Book of Stabbing","floor":25.0,"turns":2.0},{"damage":20.0,"enemies":"2 Thieves","floor":27.0,"turns":5.0},{"damage":22.0,"enemies":"Slavers","floor":28.0,"turns":3.0},{"damage":0.0,"enemies":"Snake Plant","floor":29.0,"turns":2.0},{"damage":0.0,"enemies":"3 Cultists","floor":31.0,"turns":3.0},{"damage":78.0,"enemies":"Automaton","floor":33.0,"turns":7.0},{"damage":22.0,"enemies":"3 Darklings","floor":35.0,"turns":3.0},{"damage":1.0,"enemies":"Orb Walker","floor":36.0,"turns":2.0},{"damage":20.0,"enemies":"Mind Bloom Boss Battle","floor":37.0,"turns":4.0},{"damage":0.0,"enemies":"Transient","floor":39.0,"turns":6.0},{"damage":0.0,"enemies":"Giant Head","floor":40.0,"turns":4.0},{"damage":9.0,"enemies":"Writhing Mass","floor":41.0,"turns":3.0},{"damage":0.0,"enemies":"Sphere and 2 Shapes","floor":44.0,"turns":2.0},{"damage":0.0,"enemies":"Nemesis","floor":47.0,"turns":1.0},{"damage":0.0,"enemies":"Spire Growth","floor":48.0,"turns":2.0},{"damage":29.0,"enemies":"Donu and Deca","floor":50.0,"turns":8.0},{"damage":82.0,"enemies":"Time Eater","floor":51.0,"turns":8.0},{"damage":66.0,"enemies":"Shield and Spear","floor":55.0,"turns":5.0},{"damage":87,"enemies":"The Heart","floor":56,"turns":5}],"seed_played":"-4018214791829369370","potions_obtained":[{"floor":1.0,"key":"Poison Potion"},{"floor":7.0,"key":"LiquidBronze"},{"floor":12.0,"key":"Explosive Potion"},{"floor":16.0,"key":"SteroidPotion"},{"floor":18.0,"key":"Ancient Potion"},{"floor":31.0,"key":"AttackPotion"},{"floor":40.0,"key":"FearPotion"}],"is_trial":false,"path_per_floor":["M","M","?","?","$","R","E","R","T","M","?","M","E","?","R","B",null,"M","?","?","$","?","E","R","E","T","M","E","M","?","M","R","B",null,"M","M","?","?","M","E","M","R","T","M","R","$","E","M","R","B","B",null,"R","$","E","B"],"character_chosen":"IRONCLAD","items_purchased":["Explosive Potion","Combust","True Grit","Cleave","True Grit","Impervious"],"campfire_rested":0,"item_purchase_floors":[5,21,21,21,46,54],"current_hp_per_floor":[67,66,59,36,36,36,34,34,34,38,56,56,64,64,64,33,75,75,75,75,75,75,58,58,62,62,60,56,62,62,68,68,29,74,66,71,75,75,87,89,86,86,86,89,89,89,89,89,89,71,31,75,75,75,29,0],"gold":48,"neow_bonus":"TRANSFORM_CARD","is_prod":false,"is_daily":false,"chose_seed":false,"campfire_upgraded":8,"win_rate":0,"timestamp":1565072712,"path_taken":["M","M","?","?","?","R","E","R","T","M","?","M","E","?","R","BOSS","M","?","?","$","?","E","R","E","T","M","E","?","?","M","R","BOSS","M","M","?","?","?","E","M","R","T","M","R","$","E","M","R","BOSS","BOSS","R","$","E","BOSS"],"build_version":"2019-07-17","purchased_purges":2,"victory":false,"max_hp_per_floor":[75,75,75,75,75,75,75,75,75,75,75,75,89,89,89,89,89,89,89,89,89,89,89,89,89,89,89,89,89,89,89,89,89,89,89,89,89,89,89,89,89,89,89,89,89,89,89,89,89,89,89,89,89,89,89,89],"card_choices":[{"not_picked":["Blood for Blood","Flex"],"picked":"Pommel Strike","floor":1.0},{"not_picked":["Body Slam","Sword Boomerang"],"picked":"Perfected Strike","floor":2.0},{"not_picked":["Cleave","Iron Wave","Clash"],"picked":"SKIP","floor":7.0},{"not_picked":["Sword Boomerang","Limit Break","Bloodletting"],"picked":"SKIP","floor":10.0},{"not_picked":["Corruption","Burning Pact"],"picked":"Perfected Strike","floor":12.0},{"not_picked":["Battle Trance","Havoc"],"picked":"Pommel Strike","floor":13.0},{"not_picked":["Dark Embrace","Feed"],"picked":"Exhume","floor":16.0},{"not_picked":["Inflame","Clothesline"],"picked":"Perfected Strike","floor":18.0},{"not_picked":["Clash","Heavy Blade"],"picked":"Uppercut","floor":23.0},{"not_picked":["Searing Blow+1","Heavy Blade"],"picked":"Shrug It Off","floor":25.0},{"not_picked":["Twin Strike","Heavy Blade"],"picked":"Perfected Strike","floor":27.0},{"not_picked":["Power Through","Flex+1"],"picked":"Perfected Strike+1","floor":28.0},{"not_picked":["Clash","Iron Wave","Heavy Blade"],"picked":"SKIP","floor":29.0},{"not_picked":["Searing Blow","Combust","Headbutt"],"picked":"SKIP","floor":31.0},{"not_picked":["Limit Break","Feed"],"picked":"Reaper","floor":33.0},{"not_picked":["Evolve","Armaments","Anger"],"picked":"SKIP","floor":35.0},{"not_picked":["Searing Blow+1","Anger"],"picked":"Pommel Strike+1","floor":36.0},{"not_picked":["Heavy Blade","Armaments"],"picked":"True Grit","floor":37.0},{"not_picked":["Infernal Blade","Berserk","Metallicize"],"picked":"SKIP","floor":39.0},{"not_picked":["Thunderclap+1","Flex"],"picked":"Perfected Strike","floor":40.0},{"not_picked":["Power Through","Metallicize+1"],"picked":"Feel No Pain","floor":41.0},{"not_picked":["Iron Wave+1","Sword Boomerang","Wild Strike+1"],"picked":"SKIP","floor":44.0},{"not_picked":["Havoc","Searing Blow+1"],"picked":"Second Wind","floor":47.0},{"not_picked":["Cleave","Hemokinesis+1"],"picked":"Shrug It Off+1","floor":48.0},{"not_picked":["Hemokinesis+1","Ghostly Armor","Sword Boomerang"],"picked":"SKIP","floor":55.0}],"player_experience":735673,"relics_obtained":[{"floor":7.0,"key":"Pantograph"},{"floor":9.0,"key":"Happy Flower"},{"floor":13.0,"key":"Mango"},{"floor":23.0,"key":"Lantern"},{"floor":25.0,"key":"Bottled Tornado"},{"floor":26.0,"key":"Torii"},{"floor":28.0,"key":"Bag of Preparation"},{"floor":37.0,"key":"Peace Pipe"},{"floor":40.0,"key":"Pocketwatch"},{"floor":47.0,"key":"Mummified Hand"},{"floor":55.0,"key":"Anchor"}],"event_choices":[{"cards_removed":["Strike_R"],"damage_healed":0.0,"max_hp_gain":0.0,"max_hp_loss":0.0,"gold_gain":0.0,"event_name":"Golden Wing","player_choice":"Card Removal","floor":3.0,"gold_loss":0.0,"damage_taken":7.0},{"damage_healed":0.0,"max_hp_gain":0.0,"max_hp_loss":0.0,"gold_gain":0.0,"event_name":"Shining Light","player_choice":"Entered Light","floor":4.0,"gold_loss":0.0,"damage_taken":23.0,"cards_upgraded":["Defend_R","Strike_R"]},{"damage_healed":18.0,"max_hp_gain":0.0,"max_hp_loss":0.0,"gold_gain":0.0,"event_name":"The Cleric","player_choice":"Healed","floor":11.0,"gold_loss":35.0,"damage_taken":0.0},{"damage_healed":0.0,"max_hp_gain":0.0,"max_hp_loss":0.0,"gold_gain":0.0,"event_name":"Liars Game","player_choice":"Ignored","floor":14.0,"gold_loss":0.0,"damage_taken":0.0},{"damage_healed":0.0,"max_hp_gain":0.0,"max_hp_loss":0.0,"gold_gain":0.0,"event_name":"Drug Dealer","player_choice":"Inject Mutagens","floor":19.0,"gold_loss":0.0,"damage_taken":0.0,"relics_obtained":["MutagenicStrength"]},{"damage_healed":0.0,"max_hp_gain":0.0,"max_hp_loss":0.0,"gold_gain":0.0,"event_name":"Back to Basics","player_choice":"Simplicity","floor":20.0,"gold_loss":0.0,"damage_taken":0.0,"cards_upgraded":["Strike_R","Strike_R","Defend_R","Defend_R","Defend_R"]},{"damage_healed":0.0,"max_hp_gain":0.0,"max_hp_loss":0.0,"gold_gain":0.0,"event_name":"WeMeetAgain","player_choice":"Paid Gold","floor":22.0,"gold_loss":56.0,"damage_taken":0.0,"relics_obtained":["Meat on the Bone"]},{"damage_healed":0.0,"max_hp_gain":0.0,"max_hp_loss":0.0,"gold_gain":0.0,"event_name":"Ghosts","player_choice":"Ignored","floor":30.0,"gold_loss":0.0,"damage_taken":0.0},{"damage_healed":0.0,"max_hp_gain":0.0,"max_hp_loss":0.0,"gold_gain":0.0,"event_name":"MindBloom","player_choice":"Fight","floor":37.0,"gold_loss":0.0,"damage_taken":0.0},{"damage_healed":0.0,"max_hp_gain":0.0,"max_hp_loss":0.0,"gold_gain":0.0,"event_name":"Lab","player_choice":"Got Potions","floor":38.0,"gold_loss":0.0,"damage_taken":0.0}],"is_beta":false,"boss_relics":[{"not_picked":["Runic Cube","Mark of Pain"],"picked":"Snecko Eye"},{"not_picked":["Lizard Tail","Empty Cage"],"picked":"Velvet Choker"}],"items_purged_floors":[46,54],"is_endless":false,"potions_floor_spawned":[1,7,12,16,18,25,27,31,35,39,40,44],"killed_by":"The Heart","ascension_level":20}