{"gold_per_floor":[99,99,99,99,99,99,99,99,99,99,99,49,49,49,49,49,49,49,49,49,49,49,49,49,49,49,49,49,49,49,49,49,49,49,49,49,49,49,3,3,3,3,3,3,3,3,3,3,3,3],"floor_reached":50,"playtime":4282,"items_purged":[],"score":600,"play_id":"e6237b0c-0ee9-4ae9-be57-36c5a618b98f","local_time":"20190904143625","is_ascension_mode":false,"campfire_choices":[{"data":"Terror","floor":6,"key":"SMITH"},{"data":"Well Laid Plans","floor":15,"key":"SMITH"},{"data":"Footwork","floor":23,"key":"SMITH"},{"data":"Noxious Fumes","floor":27,"key":"SMITH"},{"floor":32,"key":"REST"},{"data":"Defend_G","floor":40,"key":"SMITH"},{"data":"Infinite Blades","floor":42,"key":"SMITH"},{"data":"Defend_G","floor":44,"key":"SMITH"},{"data":"Defend_G","floor":46,"key":"SMITH"},{"data":"Defend_G","floor":49,"key":"SMITH"}],"neow_cost":"NONE","seed_source_timestamp":401871690681018,"circlet_count":0,"master_deck":["Strike_G","Strike_G","Strike_G","Strike_G","Defend_G+1","Defend_G","Defend_G+1","Defend_G+1","Defend_G+1","Survivor","Neutralize","All Out Attack","Skewer+1","Terror+1","Quick Slash","Deflect","Footwork+1","Backflip+1","Well Laid Plans+1","Bullet Time+1","Dodge and Roll+1","Noxious Fumes+1","Infinite Blades+1","Dodge and Roll+1","Caltrops+1","Infinite Blades+1","Blur+1","Footwork+1","Deflect+1","Dodge and Roll+1"],"relics":["Ectoplasm","Bag of Marbles","Toxic Egg 2","Kunai","White Beast Statue","Letter Opener","Bag of Preparation","Art of War","Pantograph","Shuriken"],"potions_floor_usage":[7,7,14,16,22,25,28,29,29,30,33,35,36,41,47,47,48,50],"damage_taken":[{"damage":0,"enemies":"Cultist","floor":1,"turns":4},{"damage":0,"enemies":"Small Slimes","floor":2,"turns":2},{"damage":1,"enemies":"2 Louse","floor":3,"turns":2},{"damage":2,"enemies":"Large Slime","floor":4,"turns":4},{"damage":0,"enemies":"Gremlin Nob","floor":7,"turns":2},{"damage":0,"enemies":"Blue Slaver","floor":8,"turns":2},{"damage":0,"enemies":"Red Slaver","floor":10,"turns":1},{"damage":10,"enemies":"Lots of Slimes","floor":13,"turns":4},{"damage":0,"enemies":"Gremlin Gang","floor":14,"turns":4},{"damage":0,"enemies":"Slime Boss","floor":16,"turns":7},{"damage":0,"enemies":"Shell Parasite","floor":18,"turns":4},{"damage":12,"enemies":"Spheric Guardian","floor":20,"turns":6},{"damage":6,"enemies":"Snake Plant","floor":22,"turns":3},{"damage":15,"enemies":"Book of Stabbing","floor":25,"turns":6},{"damage":0,"enemies":"3 Cultists","floor":28,"turns":4},{"damage":0,"enemies":"Shelled Parasite and Fungi","floor":29,"turns":5},{"damage":10,"enemies":"Snake Plant","floor":30,"turns":4},{"damage":13,"enemies":"Snecko","floor":31,"turns":5},{"damage":12,"enemies":"Collector","floor":33,"turns":12},{"damage":0,"enemies":"3 Shapes","floor":35,"turns":6},{"damage":5,"enemies":"Orb Walker","floor":36,"turns":4},{"damage":0,"enemies":"Reptomancer","floor":41,"turns":1},{"damage":13,"enemies":"Maw","floor":45,"turns":7},{"damage":8,"enemies":"Spire Growth","floor":47,"turns":5},{"damage":9,"enemies":"4 Shapes","floor":48,"turns":8},{"damage":80,"enemies":"Time Eater","floor":50,"turns":10}],"seed_played":"2680840096744378252","potions_obtained":[{"floor":1,"key":"AttackPotion"},{"floor":3,"key":"SteroidPotion"},{"floor":8,"key":"Swift Potion"},{"floor":13,"key":"Swift Potion"},{"floor":14,"key":"Ancient Potion"},{"floor":18,"key":"Explosive Potion"},{"floor":20,"key":"AttackPotion"},{"floor":22,"key":"EssenceOfSteel"},{"floor":25,"key":"Weak Potion"},{"floor":28,"key":"Fire Potion"},{"floor":29,"key":"LiquidBronze"},{"floor":30,"key":"GhostInAJar"},{"floor":31,"key":"Explosive Potion"},{"floor":33,"key":"SpeedPotion"},{"floor":35,"key":"Regen Potion"},{"floor":36,"key":"SmokeBomb"},{"floor":45,"key":"AttackPotion"},{"floor":47,"key":"Dexterity Potion"},{"floor":48,"key":"GhostInAJar"}],"is_trial":false,"path_per_floor":["M","M","M","M","?","R","E","M","T","M","?","?","M","M","R","B",null,"M","?","M","?","M","R","$","E","T","R","M","M","M","M","R","B",null,"M","M","?","T","$","R","E","R","T","R","M","R","M","M","R","B"],"character_chosen":"THE_SILENT","items_purchased":["Deflect+1"],"campfire_rested":1,"item_purchase_floors":[39],"current_hp_per_floor":[70,70,69,67,67,67,67,67,67,67,64,64,54,54,54,54,70,70,70,58,58,52,52,52,37,37,37,37,37,27,14,35,23,70,70,65,65,65,65,65,65,65,65,65,52,52,58,49,49,0],"gold":3,"neow_bonus":"BOSS_RELIC","is_prod":false,"is_daily":false,"chose_seed":false,"campfire_upgraded":9,"win_rate":0,"timestamp":1567587985,"path_taken":["M","M","?","M","?","R","E","M","T","?","?","?","M","M","R","BOSS","M","?","M","?","?","R","?","E","T","R","M","?","M","M","R","BOSS","M","?","?","?","$","R","E","R","T","R","M","R","?","?","R","BOSS"],"build_version":"2019-07-17","purchased_purges":0,"victory":false,"max_hp_per_floor":[70,70,70,70,70,70,70,70,70,70,70,70,70,70,70,70,70,70,70,70,70,70,70,70,70,70,70,70,70,70,70,70,70,70,70,70,66,66,66,66,66,66,66,66,66,66,66,66,66,66],"card_choices":[{"not_picked":["Dagger Throw","Deadly Poison"],"picked":"All Out Attack","floor":1},{"not_picked":["All Out Attack","Prepared"],"picked":"Skewer","floor":2},{"not_picked":["Slice","Underhanded Strike"],"picked":"Terror","floor":3},{"not_picked":["Distraction","Poisoned Stab"],"picked":"Quick Slash","floor":4},{"not_picked":["Masterful Stab","Tactician"],"picked":"Deflect","floor":7},{"not_picked":["Outmaneuver","Slice","Dagger Spray"],"picked":"SKIP","floor":8},{"not_picked":["Prepared+1","Quick Slash"],"picked":"Footwork","floor":10},{"not_picked":["Eviscerate","All Out Attack"],"picked":"Backflip+1","floor":13},{"not_picked":["Tactician+1","Sucker Punch"],"picked":"Well Laid Plans","floor":14},{"not_picked":["Storm of Steel+1","Envenom"],"picked":"Bullet Time+1","floor":16},{"not_picked":["Outmaneuver+1","Skewer"],"picked":"Dodge and Roll+1","floor":18},{"not_picked":["Flying Knee+1","Dagger Throw","Slice"],"picked":"SKIP","floor":20},{"not_picked":["Reflex+1","Bane","Distraction+1"],"picked":"SKIP","floor":22},{"not_picked":["PiercingWail+1","Tactician+1","Poisoned Stab"],"picked":"SKIP","floor":25},{"not_picked":["Accuracy","Skewer"],"picked":"Infinite Blades","floor":28},{"not_picked":["Dagger Throw","Tactician+1"],"picked":"Dodge and Roll+1","floor":29},{"not_picked":["Storm of Steel+1","Flying Knee"],"picked":"Caltrops+1","floor":30},{"not_picked":["Flying Knee+1","Endless Agony"],"picked":"Infinite Blades+1","floor":31},{"not_picked":["Deadly Poison+1","Blade Dance+1"],"picked":"Blur+1","floor":35},{"not_picked":["Dagger Throw+1","Prepared+1"],"picked":"Footwork+1","floor":36},{"not_picked":["Acrobatics+1","Eviscerate+1","Blade Dance+1"],"picked":"SKIP","floor":45},{"not_picked":["Heel Hook+1","Caltrops"],"picked":"Dodge and Roll+1","floor":47},{"not_picked":["Bane+1","Backstab+1","Slice"],"picked":"SKIP","floor":48}],"player_experience":243573,"relics_obtained":[{"floor":7,"key":"Bag of Marbles"},{"floor":9,"key":"Toxic Egg 2"},{"floor":25,"key":"Bag of Preparation"},{"floor":26,"key":"Art of War"},{"floor":38,"key":"Pantograph"},{"floor":43,"key":"Shuriken"}],"event_choices":[{"damage_healed":0,"gold_gain":0,"player_choice":"Upgraded","damage_taken":0,"max_hp_gain":0,"max_hp_loss":0,"event_name":"Upgrade Shrine","floor":5,"gold_loss":0,"cards_upgraded":["Skewer"]},{"damage_healed":0,"gold_gain":0,"player_choice":"Success","damage_taken":3,"relics_obtained":["Kunai"],"max_hp_gain":0,"max_hp_loss":0,"event_name":"Scrap Ooze","floor":11,"gold_loss":0},{"cards_removed":["Strike_G"],"damage_healed":0,"gold_gain":0,"player_choice":"Card Removal","damage_taken":0,"max_hp_gain":0,"max_hp_loss":0,"event_name":"The Cleric","floor":12,"gold_loss":50},{"damage_healed":0,"gold_gain":0,"player_choice":"Read","damage_taken":0,"max_hp_gain":0,"max_hp_loss":0,"event_name":"The Library","floor":19,"gold_loss":0,"cards_obtained":["Noxious Fumes"]},{"damage_healed":0,"gold_gain":0,"player_choice":"Gave Potion","damage_taken":0,"relics_obtained":["Letter Opener"],"max_hp_gain":0,"max_hp_loss":0,"event_name":"WeMeetAgain","floor":21,"gold_loss":0},{"damage_healed":0,"gold_gain":0,"player_choice":"Max HP","damage_taken":0,"max_hp_gain":0,"max_hp_loss":4,"event_name":"Winding Halls","floor":37,"gold_loss":0}],"is_beta":false,"boss_relics":[{"not_picked":["Runic Pyramid","Coffee Dripper"],"picked":"White Beast Statue"},{"not_picked":["Empty Cage","Velvet Choker","Cursed Key"]}],"items_purged_floors":[],"is_endless":false,"potions_floor_spawned":[1,3,8,13,14,18,20,22,25,28,29,30,31,33,35,36,41,45,47,48],"killed_by":"Time Eater","ascension_level":0}