{"gold_per_floor":[110,38,213,229,255,285,285,313,313,42,54,54,54,4,4,108,108,123,140,160,176,187,187,516,172,221,232,232,243,243,262,262,360,360,375,78,97,197,72,99,99,111,157,175,175,201,219,236,236,236],"floor_reached":51,"playtime":3352,"items_purged":["Doubt","Strike_B","Defend_B"],"score":1012,"play_id":"2befc88c-2960-4762-bf07-446ec13cf9c7","local_time":"20190107004647","is_ascension_mode":true,"campfire_choices":[{"data":"Zap","floor":7,"key":"SMITH"},{"floor":15,"key":"REST"},{"data":"Defragment","floor":23,"key":"SMITH"},{"data":"Capacitor","floor":28,"key":"SMITH"},{"floor":32,"key":"REST"},{"data":"Blizzard","floor":41,"key":"SMITH"},{"floor":49,"key":"REST"}],"neow_cost":"NONE","seed_source_timestamp":891874995976165,"circlet_count":0,"master_deck":["Strike_B+1","Defend_B","Defend_B","Defend_B+1","Zap+1","Dualcast","BootSequence","Blizzard+1","Leap","Reinforced Body","Glacier","Defragment+1","Rebound","Good Instincts","Chill","Capacitor+1","Core Surge","Leap","Conserve Battery+1","Leap","Cold Snap","Chill","Consume+1","Coolheaded+1","Trip","Self Repair","Leap+1","Cold Snap","Leap+1","Reboot","Cold Snap+1","Blizzard+1","Glacier","Cold Snap+1","Cold Snap+1","Cold Snap+1","Glacier"],"relics":["Cracked Core","NeowsBlessing","Lantern","Bronze Scales","Letter Opener","Prayer Wheel","Turnip","Sozu","Old Coin","Anchor","Oddly Smooth Stone","Nuclear Battery","Ice Cream","Shovel","Ancient Tea Set","Juzu Bracelet","Vajra"],"potions_floor_usage":[8,42],"damage_taken":[{"damage":0,"enemies":"Jaw Worm","floor":1,"turns":1},{"damage":0,"enemies":"Small Slimes","floor":4,"turns":1},{"damage":0,"enemies":"3 Sentries","floor":6,"turns":1},{"damage":17,"enemies":"Lagavulin","floor":8,"turns":8},{"damage":0,"enemies":"2 Louse","floor":11,"turns":2},{"damage":7,"enemies":"Slime Boss","floor":16,"turns":12},{"damage":12,"enemies":"2 Thieves","floor":18,"turns":4},{"damage":0,"enemies":"Chosen","floor":19,"turns":4},{"damage":8,"enemies":"Snake Plant","floor":20,"turns":5},{"damage":3,"enemies":"Centurion and Healer","floor":21,"turns":11},{"damage":16,"enemies":"Snecko","floor":22,"turns":6},{"damage":3,"enemies":"Slavers","floor":24,"turns":5},{"damage":0,"enemies":"Chosen and Byrds","floor":27,"turns":5},{"damage":0,"enemies":"Centurion and Healer","floor":29,"turns":10},{"damage":0,"enemies":"Snecko","floor":31,"turns":7},{"damage":16,"enemies":"Champ","floor":33,"turns":15},{"damage":0,"enemies":"Orb Walker","floor":35,"turns":5},{"damage":0,"enemies":"3 Darklings","floor":37,"turns":5},{"damage":17,"enemies":"Mind Bloom Boss Battle","floor":38,"turns":12},{"damage":12,"enemies":"Giant Head","floor":40,"turns":15},{"damage":13,"enemies":"Transient","floor":42,"turns":5},{"damage":0,"enemies":"4 Shapes","floor":44,"turns":3},{"damage":38,"enemies":"Reptomancer","floor":46,"turns":9},{"damage":2,"enemies":"Jaw Worm Horde","floor":47,"turns":5},{"damage":0,"enemies":"3 Darklings","floor":48,"turns":4},{"damage":7,"enemies":"Time Eater","floor":50,"turns":17}],"seed_played":"9155147971780552849","potions_obtained":[{"floor":1,"key":"FocusPotion"},{"floor":16,"key":"Swift Potion"}],"is_trial":false,"path_per_floor":["M","$","?","M","T","E","R","E","T","$","M","?","?","?","R","B",null,"M","M","M","M","M","R","E","$","T","M","R","M","?","M","R","B",null,"M","$","M","?","$","E","R","M","T","M","?","E","M","M","R","B",null],"character_chosen":"DEFECT","items_purchased":["Blizzard","Defragment","Rebound","Good Instincts","Trip","Anchor","Ice Cream"],"campfire_rested":3,"item_purchase_floors":[2,10,10,10,25,25,36],"current_hp_per_floor":[75,75,75,75,75,75,75,58,58,58,58,43,25,25,47,40,75,63,63,55,52,36,36,33,33,33,33,33,40,40,47,69,60,75,75,75,75,65,65,60,60,54,54,54,54,23,28,35,56,56],"gold":236,"neow_bonus":"THREE_ENEMY_KILL","is_prod":false,"is_daily":false,"chose_seed":false,"campfire_upgraded":4,"win_rate":0,"timestamp":1546843607,"path_taken":["M","$","?","M","?","E","R","E","T","$","M","?","?","?","R","BOSS","M","M","M","M","M","R","E","$","T","M","R","M","?","M","R","BOSS","M","$","M","?","$","E","R","M","T","M","?","E","M","M","R","BOSS"],"build_version":"2019-01-03v4","purchased_purges":3,"victory":true,"max_hp_per_floor":[75,75,75,75,75,75,75,75,75,75,75,75,75,75,75,75,75,75,75,75,75,75,75,75,75,75,75,75,75,75,75,75,75,75,75,75,75,75,75,75,75,75,75,75,71,71,71,71,71,71],"card_choices":[{"not_picked":["Hello World","Steam"],"picked":"BootSequence","floor":1},{"not_picked":["Reprogram","Self Repair"],"picked":"Leap","floor":4},{"not_picked":["Gash","Compile Driver"],"picked":"Reinforced Body","floor":6},{"not_picked":["Scrape","Thunder Strike"],"picked":"Glacier","floor":8},{"not_picked":["Beam Cell","Heatsinks"],"picked":"Chill","floor":11},{"not_picked":["Steam Power","Turbo"],"picked":"Capacitor","floor":11},{"not_picked":["Meteor Strike","Thunder Strike"],"picked":"Core Surge","floor":16},{"not_picked":["Redo","Go for the Eyes"],"picked":"Leap","floor":18},{"not_picked":["Turbo","Redo","Reprogram"],"picked":"SKIP","floor":18},{"not_picked":["Steam","White Noise"],"picked":"Conserve Battery+1","floor":19},{"not_picked":["Gash+1","Beam Cell","Aggregate"],"picked":"SKIP","floor":19},{"not_picked":["Compile Driver","Rainbow"],"picked":"Leap","floor":20},{"not_picked":["Compile Driver","Storm","Darkness"],"picked":"SKIP","floor":20},{"not_picked":["Beam Cell","Rebound"],"picked":"Cold Snap","floor":21},{"not_picked":["Stack","Doom and Gloom+1"],"picked":"Chill","floor":21},{"not_picked":["Skim","Sweeping Beam+1"],"picked":"Consume+1","floor":22},{"not_picked":["Conserve Battery","Hello World+1","Capacitor"],"picked":"SKIP","floor":22},{"not_picked":["Beam Cell","Leap"],"picked":"Coolheaded+1","floor":24},{"not_picked":["FTL","Auto Shields"],"picked":"Self Repair","floor":27},{"not_picked":["Compile Driver","Turbo+1","Redo"],"picked":"SKIP","floor":27},{"not_picked":["Consume","Meteor Strike"],"picked":"Leap+1","floor":29},{"not_picked":["Streamline","Turbo+1"],"picked":"Cold Snap","floor":29},{"not_picked":["Ball Lightning","Lockon"],"picked":"Leap+1","floor":31},{"not_picked":["Self Repair","Gash","Aggregate+1"],"picked":"SKIP","floor":31},{"not_picked":["Machine Learning","Electrodynamics"],"picked":"Reboot","floor":33},{"not_picked":["Skim","Beam Cell"],"picked":"Cold Snap+1","floor":35},{"not_picked":["Recycle","Redo","Ball Lightning"],"picked":"SKIP","floor":35},{"not_picked":["Barrage","Auto Shields"],"picked":"Blizzard+1","floor":37},{"not_picked":["Steam","Hologram","Auto Shields"],"picked":"SKIP","floor":37},{"not_picked":["Go for the Eyes","Conserve Battery","Compile Driver"],"picked":"SKIP","floor":40},{"not_picked":["Rebound+1","Compile Driver"],"picked":"Glacier","floor":42},{"not_picked":["Multi-Cast","Turbo","Stack"],"picked":"SKIP","floor":42},{"not_picked":["Steam+1","Leap"],"picked":"Cold Snap+1","floor":44},{"not_picked":["Streamline","Ball Lightning","Compile Driver+1"],"picked":"SKIP","floor":44},{"not_picked":["Ball Lightning+1","Compile Driver"],"picked":"Cold Snap+1","floor":46},{"not_picked":["Sweeping Beam+1","Streamline+1"],"picked":"Cold Snap+1","floor":47},{"not_picked":["Core Surge","Chaos","Reprogram+1"],"picked":"SKIP","floor":47},{"not_picked":["Core Surge","Chaos","Reprogram+1"],"picked":"SKIP","floor":47},{"not_picked":["Loop","Barrage+1"],"picked":"Glacier","floor":48},{"not_picked":["Barrage+1","Leap","Redo"],"picked":"SKIP","floor":48}],"player_experience":113762,"relics_obtained":[{"floor":5,"key":"Lantern"},{"floor":6,"key":"Bronze Scales"},{"floor":8,"key":"Letter Opener"},{"floor":9,"key":"Prayer Wheel"},{"floor":24,"key":"Old Coin"},{"floor":26,"key":"Oddly Smooth Stone"},{"floor":38,"key":"Shovel"},{"floor":40,"key":"Ancient Tea Set"},{"floor":43,"key":"Juzu Bracelet"},{"floor":46,"key":"Vajra"}],"event_choices":[{"damage_healed":0,"gold_gain":175,"player_choice":"AGREE","damage_taken":0,"max_hp_gain":0,"max_hp_loss":0,"event_name":"Liars Game","floor":3,"gold_loss":0,"cards_obtained":["Doubt"]},{"damage_healed":0,"gold_gain":0,"player_choice":"Entered Light","damage_taken":15,"max_hp_gain":0,"max_hp_loss":0,"event_name":"Shining Light","floor":12,"gold_loss":0,"cards_upgraded":["Strike_B","Defend_B"]},{"damage_healed":0,"gold_gain":0,"player_choice":"Success","damage_taken":18,"relics_obtained":["Turnip"],"max_hp_gain":0,"max_hp_loss":0,"event_name":"Scrap Ooze","floor":13,"gold_loss":0},{"cards_removed":["Strike_B"],"damage_healed":0,"gold_gain":0,"player_choice":"Card Removal","damage_taken":0,"max_hp_gain":0,"max_hp_loss":0,"event_name":"The Cleric","floor":14,"gold_loss":50},{"cards_removed":["Strike_B"],"damage_healed":0,"gold_gain":0,"player_choice":"Elegance","damage_taken":0,"max_hp_gain":0,"max_hp_loss":0,"event_name":"Back to Basics","floor":30,"gold_loss":0},{"damage_healed":0,"gold_gain":0,"player_choice":"Fight","damage_taken":0,"max_hp_gain":0,"max_hp_loss":0,"event_name":"MindBloom","floor":38,"gold_loss":0},{"damage_healed":0,"gold_gain":0,"player_choice":"Max HP","damage_taken":0,"max_hp_gain":0,"max_hp_loss":4,"event_name":"Winding Halls","floor":45,"gold_loss":0}],"is_beta":false,"boss_relics":[{"not_picked":["Runic Dome","Inserter"],"picked":"Sozu"},{"not_picked":["Fusion Hammer","Velvet Choker"],"picked":"Nuclear Battery"}],"items_purged_floors":[10,25,39],"is_endless":false,"potions_floor_spawned":[1,16,18,27,29,35,40,46],"ascension_level":4}