{"gold_per_floor":[117,40,56,71,85,118,118,128,206,206,222,242,44,59,59,157,157,167,177,189,17,30,30,46,46],"floor_reached":25,"playtime":1278,"items_purged":["Strike_B"],"score":306,"play_id":"2c99d5b3-f2e6-4b9c-8d16-3a376d9530d5","local_time":"20190817211303","is_ascension_mode":true,"campfire_choices":[{"data":"Zap","floor":7,"key":"SMITH"},{"data":"Self Repair","floor":10,"key":"SMITH"},{"data":"Blind","floor":15,"key":"SMITH"},{"floor":23,"key":"REST"}],"neow_cost":"NONE","seed_source_timestamp":1045147613353029,"circlet_count":0,"master_deck":["Strike_B","Strike_B","Strike_B","Defend_B","Defend_B","Defend_B","Defend_B","Zap+1","Dualcast","Compile Driver","Coolheaded","Steam","Sweeping Beam","Go for the Eyes","Leap","Go for the Eyes","Self Repair+1","Hologram","Rebound","Blind+1","Flash of Steel","Ball Lightning","Thunder Strike","Beam Cell","Storm","Scrape+1","Defragment","Gash","Dark Shackles","Hello World+1","Gash+1"],"relics":["Cracked Core","Ornamental Fan","The Courier","Inserter"],"potions_floor_usage":[6,16,16],"damage_taken":[{"damage":1,"enemies":"Cultist","floor":1,"turns":4},{"damage":5,"enemies":"Small Slimes","floor":3,"turns":3},{"damage":2,"enemies":"Jaw Worm","floor":4,"turns":3},{"damage":0,"enemies":"Exordium Wildlife","floor":5,"turns":3},{"damage":22,"enemies":"Lagavulin","floor":6,"turns":8},{"damage":7,"enemies":"Red Slaver","floor":8,"turns":4},{"damage":0,"enemies":"2 Fungi Beasts","floor":11,"turns":4},{"damage":4,"enemies":"3 Louse","floor":12,"turns":3},{"damage":0,"enemies":"Large Slime","floor":14,"turns":6},{"damage":9,"enemies":"Hexaghost","floor":16,"turns":9},{"damage":15,"enemies":"Spheric Guardian","floor":18,"turns":6},{"damage":24,"enemies":"2 Thieves","floor":19,"turns":5},{"damage":23,"enemies":"Snecko","floor":20,"turns":5},{"damage":26,"enemies":"Snake Plant","floor":22,"turns":5},{"damage":18,"enemies":"Chosen and Byrds","floor":24,"turns":6},{"damage":28,"enemies":"Centurion and Healer","floor":25,"turns":5}],"seed_played":"4763404880693891664","potions_obtained":[{"floor":0,"key":"SmokeBomb"},{"floor":0,"key":"EssenceOfSteel"},{"floor":0,"key":"PowerPotion"},{"floor":3,"key":"Swift Potion"},{"floor":6,"key":"FearPotion"},{"floor":8,"key":"AttackPotion"},{"floor":18,"key":"SpeedPotion"}],"is_trial":false,"path_per_floor":["M","$","M","M","M","E","R","M","T","R","M","M","$","M","R","B",null,"M","M","M","$","M","R","M","M"],"character_chosen":"DEFECT","items_purchased":["Coolheaded","Steam","Blind","Flash of Steel","Defragment","Gash","Dark Shackles"],"campfire_rested":1,"item_purchase_floors":[2,2,13,13,21,21,21],"current_hp_per_floor":[67,67,62,60,60,38,38,31,31,31,41,47,47,57,57,58,71,66,52,39,39,23,45,27,0],"gold":46,"neow_bonus":"THREE_SMALL_POTIONS","is_prod":false,"is_daily":false,"chose_seed":false,"campfire_upgraded":3,"win_rate":0,"timestamp":1566094383,"path_taken":["M","$","M","M","M","E","R","M","T","R","M","M","$","?","R","BOSS","M","M","M","$","?","R","M","M"],"build_version":"2019-07-17","purchased_purges":1,"victory":false,"max_hp_per_floor":[75,75,75,75,75,75,75,75,75,75,75,75,75,75,75,75,75,75,75,75,75,75,75,75,75],"card_choices":[{"not_picked":["Double Energy","Scrape"],"picked":"Compile Driver","floor":1},{"not_picked":["Turbo","Barrage"],"picked":"Sweeping Beam","floor":3},{"not_picked":["Turbo","Rip and Tear"],"picked":"Go for the Eyes","floor":4},{"not_picked":["Redo","Hyperbeam"],"picked":"Leap","floor":5},{"not_picked":["Barrage","Steam"],"picked":"Go for the Eyes","floor":6},{"not_picked":["Hello World","Leap"],"picked":"Self Repair","floor":8},{"not_picked":["Consume","Redo"],"picked":"Hologram","floor":11},{"not_picked":["Skim","Chill"],"picked":"Rebound","floor":12},{"not_picked":["Redo","Stack"],"picked":"Ball Lightning","floor":14},{"not_picked":["Core Surge","Multi-Cast"],"picked":"Thunder Strike","floor":16},{"not_picked":["Steam","Chill"],"picked":"Beam Cell","floor":18},{"not_picked":["Coolheaded","Stack"],"picked":"Storm","floor":19},{"not_picked":["Coolheaded","Barrage"],"picked":"Scrape+1","floor":20},{"not_picked":["Conserve Battery","Barrage"],"picked":"Hello World+1","floor":22},{"not_picked":["Hologram","Chaos"],"picked":"Gash+1","floor":24}],"player_experience":323288,"relics_obtained":[{"floor":6,"key":"Ornamental Fan"},{"floor":9,"key":"The Courier"}],"event_choices":[],"is_beta":false,"boss_relics":[{"not_picked":["Coffee Dripper","Pandora\u0027s Box"],"picked":"Inserter"}],"items_purged_floors":[13],"is_endless":false,"potions_floor_spawned":[3,4,6,8,18],"killed_by":"Centurion and Healer","ascension_level":9}