{"gold_per_floor":[115,134,153,153,153,153,164,164,164,182,182,182,200,230,230,327,327,339,339,328,328,328,328,328,328,413,446,446,466,466,482,482,580,580,598,598],"floor_reached":36,"playtime":3622,"items_purged":[],"score":420,"play_id":"e4caf159-bdab-4f63-a9ee-dc95b42fc99c","local_time":"20190827132913","is_ascension_mode":true,"campfire_choices":[{"floor":6,"key":"RECALL"},{"floor":8,"key":"REST"},{"data":"Hologram","floor":12,"key":"SMITH"},{"data":"Conserve Battery","floor":15,"key":"SMITH"},{"floor":23,"key":"REST"},{"floor":25,"key":"REST"},{"floor":32,"key":"REST"}],"neow_cost":"NONE","seed_source_timestamp":44599450774400,"circlet_count":0,"master_deck":["Strike_B+1","Strike_B+1","Defend_B+1","Defend_B+1","Zap+1","Dualcast","Conserve Battery+1","Cold Snap","Hologram+1","Go for the Eyes","FTL","Cold Snap","Barrage","Biased Cognition","Coolheaded+1","Leap","Sweeping Beam","Melter","Glacier","Force Field","Gash+1","Blizzard+1","Seek","Chill"],"relics":["Cracked Core","WingedGreaves","Potion Belt","Fusion Hammer","Tiny Chest","Incense Burner","Meat on the Bone","Snecko Eye"],"potions_floor_usage":[14,16,16,16,27,36],"damage_taken":[{"damage":2,"enemies":"2 Louse","floor":1,"turns":3},{"damage":0,"enemies":"Small Slimes","floor":2,"turns":2},{"damage":0,"enemies":"Cultist","floor":3,"turns":3},{"damage":11,"enemies":"Exordium Wildlife","floor":7,"turns":4},{"damage":6,"enemies":"Blue Slaver","floor":10,"turns":3},{"damage":0,"enemies":"Looter","floor":13,"turns":3},{"damage":21,"enemies":"3 Sentries","floor":14,"turns":8},{"damage":21,"enemies":"Hexaghost","floor":16,"turns":12},{"damage":0,"enemies":"Shell Parasite","floor":18,"turns":4},{"damage":9,"enemies":"2 Thieves","floor":20,"turns":4},{"damage":16,"enemies":"Book of Stabbing","floor":27,"turns":6},{"damage":5,"enemies":"Sentry and Sphere","floor":29,"turns":3},{"damage":1,"enemies":"Centurion and Healer","floor":31,"turns":8},{"damage":68,"enemies":"Champ","floor":33,"turns":16},{"damage":12,"enemies":"Orb Walker","floor":35,"turns":4},{"damage":74,"enemies":"2 Orb Walkers","floor":36,"turns":8}],"seed_played":"3015918493597937547","potions_obtained":[{"floor":1,"key":"EssenceOfSteel"},{"floor":7,"key":"PowerPotion"},{"floor":13,"key":"Regen Potion"},{"floor":14,"key":"Ancient Potion"},{"floor":20,"key":"Fruit Juice"},{"floor":33,"key":"Weak Potion"}],"is_trial":false,"path_per_floor":["M","M","M","?","?","R","M","R","T","M","?","R","M","E","R","B",null,"M","?","M","?","?","R","?","R","T","E","?","M","T","M","R","B",null,"M","?"],"character_chosen":"DEFECT","items_purchased":[],"campfire_rested":4,"item_purchase_floors":[],"current_hp_per_floor":[73,73,73,55,55,55,44,66,66,60,60,60,60,54,54,33,75,75,75,66,66,66,75,75,75,75,64,56,51,51,50,74,18,80,68,0],"gold":598,"neow_bonus":"UPGRADE_CARD","is_prod":false,"is_daily":false,"chose_seed":false,"campfire_upgraded":2,"win_rate":0,"timestamp":1566930553,"path_taken":["M","M","M","?","?","R","M","R","T","M","?","R","?","E","R","BOSS","M","?","M","?","?","R","?","R","T","E","?","?","?","M","R","BOSS","M","?"],"build_version":"2019-07-17","purchased_purges":0,"victory":false,"max_hp_per_floor":[75,75,75,75,75,75,75,75,75,75,75,75,75,75,75,75,75,75,75,75,75,75,75,75,75,75,80,80,80,80,80,80,80,80,80,80],"card_choices":[{"not_picked":["BootSequence","Stack"],"picked":"Conserve Battery","floor":1},{"not_picked":["Ball Lightning","Barrage"],"picked":"Cold Snap","floor":2},{"not_picked":["Reinforced Body","Static Discharge"],"picked":"Hologram","floor":3},{"not_picked":["Streamline","Coolheaded"],"picked":"Go for the Eyes","floor":7},{"not_picked":["Turbo","Sweeping Beam"],"picked":"FTL","floor":10},{"not_picked":["Stack","Reboot"],"picked":"Cold Snap","floor":13},{"not_picked":["Self Repair","Conserve Battery"],"picked":"Barrage","floor":14},{"not_picked":["Multi-Cast","Thunder Strike"],"picked":"Biased Cognition","floor":16},{"not_picked":["Turbo","Ball Lightning"],"picked":"Coolheaded+1","floor":18},{"not_picked":["Sweeping Beam","Conserve Battery"],"picked":"Melter","floor":20},{"not_picked":["Conserve Battery","Tempest"],"picked":"Force Field","floor":27},{"not_picked":["Barrage+1","Sweeping Beam"],"picked":"Gash+1","floor":29},{"not_picked":["Leap","Redo"],"picked":"Blizzard+1","floor":31},{"not_picked":["Rainbow","Meteor Strike"],"picked":"Seek","floor":33},{"not_picked":["Genetic Algorithm","Rebound"],"picked":"Chill","floor":35}],"player_experience":218026,"relics_obtained":[{"floor":14,"key":"Potion Belt"},{"floor":26,"key":"Tiny Chest"},{"floor":27,"key":"Incense Burner"},{"floor":30,"key":"Meat on the Bone"}],"event_choices":[{"damage_healed":0,"gold_gain":0,"player_choice":"Success","damage_taken":18,"relics_obtained":["WingedGreaves"],"max_hp_gain":0,"max_hp_loss":0,"event_name":"Scrap Ooze","floor":4,"gold_loss":0},{"cards_removed":["Strike_B"],"damage_healed":0,"gold_gain":0,"player_choice":"Forget","damage_taken":0,"max_hp_gain":0,"max_hp_loss":0,"event_name":"Living Wall","floor":5,"gold_loss":0},{"cards_removed":["Defend_B"],"damage_healed":0,"gold_gain":0,"player_choice":"Offered Basic","damage_taken":0,"max_hp_gain":0,"max_hp_loss":0,"event_name":"Bonfire Elementals","floor":11,"gold_loss":0},{"damage_healed":0,"gold_gain":0,"cards_transformed":["Defend_B","Strike_B"],"player_choice":"Became Test Subject","damage_taken":0,"max_hp_gain":0,"max_hp_loss":0,"event_name":"Drug Dealer","floor":19,"gold_loss":0,"cards_obtained":["Leap","Sweeping Beam"]},{"damage_healed":0,"gold_gain":0,"player_choice":"Read","damage_taken":0,"max_hp_gain":0,"max_hp_loss":0,"event_name":"The Library","floor":21,"gold_loss":0,"cards_obtained":["Glacier"]},{"damage_healed":0,"gold_gain":0,"player_choice":"Simplicity","damage_taken":0,"max_hp_gain":0,"max_hp_loss":0,"event_name":"Back to Basics","floor":22,"gold_loss":0,"cards_upgraded":["Strike_B","Strike_B","Defend_B","Defend_B"]},{"damage_healed":0,"gold_gain":0,"player_choice":"Ignored","damage_taken":0,"max_hp_gain":0,"max_hp_loss":0,"event_name":"Ghosts","floor":24,"gold_loss":0},{"damage_healed":0,"gold_gain":0,"player_choice":"","damage_taken":8,"max_hp_gain":0,"max_hp_loss":0,"event_name":"Knowing Skull","floor":28,"potions_obtained":[],"gold_loss":0,"cards_obtained":[]},{"damage_healed":0,"gold_gain":0,"player_choice":"Fight","damage_taken":0,"max_hp_gain":0,"max_hp_loss":0,"event_name":"Mysterious Sphere","floor":36,"gold_loss":0}],"is_beta":false,"boss_relics":[{"not_picked":["Coffee Dripper","Empty Cage"],"picked":"Fusion Hammer"},{"not_picked":["Pandora\u0027s Box","Calling Bell"],"picked":"Snecko Eye"}],"items_purged_floors":[],"is_endless":false,"potions_floor_spawned":[1,7,13,14,20,33],"killed_by":"2 Orb Walkers","ascension_level":2}