{"gold_per_floor":[109,128,128,144,154,184,184,216,241,241,211,228,245,47,47,147,147,161,187,202,202,31,31,59,72,72,72,92,92,54,54,54,54],"floor_reached":33,"playtime":1847,"items_purged":["Strike_R","Strike_R"],"score":399,"play_id":"3a68ae02-019b-4413-83a4-83e8a0b00ab9","local_time":"20190617144222","is_ascension_mode":true,"campfire_choices":[{"data":"Shrug It Off","floor":7,"key":"SMITH"},{"data":"Flex","floor":10,"key":"SMITH"},{"data":"Sword Boomerang","floor":15,"key":"SMITH"},{"data":"Metallicize","floor":23,"key":"SMITH"},{"data":"Flame Barrier","floor":27,"key":"SMITH"},{"floor":32,"key":"REST"}],"neow_cost":"NONE","seed_source_timestamp":4313432790943,"circlet_count":0,"master_deck":["Strike_R","Strike_R","Strike_R","Defend_R","Defend_R","Defend_R","Defend_R","Bash","Madness+1","Disarm","Pummel","Iron Wave","Shrug It Off+1","Reckless Charge","Flex+1","Infernal Blade","Flame Barrier+1","Sword Boomerang+1","Fiend Fire","Juggernaut","Spot Weakness","Ghostly Armor","Shrug It Off+1","Metallicize+1","Flame Barrier","Flame Barrier+1","Shrug It Off","Decay","Metallicize"],"relics":["Burning Blood","Potion Belt","Anchor","Philosopher\u0027s Stone","Bronze Scales","Centennial Puzzle","Singing Bowl","Nloth\u0027s Gift"],"potions_floor_usage":[6,8,16,16,20,33],"damage_taken":[{"damage":4,"enemies":"Jaw Worm","floor":1,"turns":4},{"damage":8,"enemies":"Cultist","floor":2,"turns":4},{"damage":7,"enemies":"2 Louse","floor":4,"turns":3},{"damage":13,"enemies":"Gremlin Gang","floor":5,"turns":5},{"damage":35,"enemies":"3 Sentries","floor":6,"turns":10},{"damage":14,"enemies":"Gremlin Nob","floor":8,"turns":3},{"damage":6,"enemies":"Looter","floor":11,"turns":4},{"damage":0,"enemies":"3 Louse","floor":12,"turns":3},{"damage":4,"enemies":"Red Slaver","floor":13,"turns":3},{"damage":8,"enemies":"Hexaghost","floor":16,"turns":9},{"damage":0,"enemies":"Spheric Guardian","floor":18,"turns":3},{"damage":25,"enemies":"3 Byrds","floor":20,"turns":4},{"damage":22,"enemies":"Book of Stabbing","floor":24,"turns":5},{"damage":11,"enemies":"Snake Plant","floor":25,"turns":3},{"damage":21,"enemies":"Shelled Parasite and Fungi","floor":28,"turns":5},{"damage":45,"enemies":"Automaton","floor":33,"turns":6}],"seed_played":"8847521806827602257","potions_obtained":[{"floor":2,"key":"AttackPotion"},{"floor":5,"key":"Fire Potion"},{"floor":6,"key":"Energy Potion"},{"floor":8,"key":"GamblersBrew"},{"floor":16,"key":"Dexterity Potion"},{"floor":20,"key":"FearPotion"},{"floor":25,"key":"Fire Potion"}],"is_trial":false,"path_per_floor":["M","M","?","M","M","E","R","E","T","R","M","M","M","$","R","B",null,"M","T","M","?","$","R","E","M","T","R","M","?","$","?","R","B"],"character_chosen":"IRONCLAD","items_purchased":["Fiend Fire","Weak Potion","Metallicize","Metallicize"],"campfire_rested":1,"item_purchase_floors":[14,14,22,30],"current_hp_per_floor":[74,72,72,71,64,35,35,27,27,27,27,33,35,35,35,33,68,74,74,55,55,55,55,39,34,34,34,19,19,19,19,43,0],"gold":54,"neow_bonus":"RANDOM_COLORLESS","is_prod":false,"is_daily":false,"chose_seed":false,"campfire_upgraded":5,"win_rate":0,"timestamp":1560807742,"path_taken":["M","M","?","M","M","E","R","E","T","R","M","M","?","$","R","BOSS","M","?","M","?","$","R","E","?","T","R","M","?","$","?","R","BOSS"],"build_version":"2019-01-23","purchased_purges":2,"victory":false,"max_hp_per_floor":[80,80,80,80,80,80,80,80,80,80,80,80,80,80,80,80,80,80,80,80,80,80,80,80,80,80,80,80,80,80,80,80,80],"card_choices":[{"not_picked":["Hemokinesis","Sever Soul"],"picked":"Disarm","floor":1},{"not_picked":["Reckless Charge","Iron Wave"],"picked":"Pummel","floor":2},{"not_picked":["Heavy Blade","Fire Breathing"],"picked":"Iron Wave","floor":4},{"not_picked":["Heavy Blade","Metallicize"],"picked":"Shrug It Off","floor":5},{"not_picked":["Hemokinesis","Clash"],"picked":"Reckless Charge","floor":6},{"not_picked":["Clothesline","Blood for Blood"],"picked":"Flex","floor":8},{"not_picked":["Clothesline","Warcry"],"picked":"Infernal Blade","floor":11},{"not_picked":["Iron Wave","Sever Soul"],"picked":"Flame Barrier","floor":12},{"not_picked":["Body Slam","Havoc"],"picked":"Sword Boomerang","floor":13},{"not_picked":["Brutality","Immolate"],"picked":"Juggernaut","floor":16},{"not_picked":["Sword Boomerang","Pummel"],"picked":"Spot Weakness","floor":18},{"not_picked":["Heavy Blade+1","Headbutt+1"],"picked":"Ghostly Armor","floor":20},{"not_picked":["Perfected Strike","Dropkick"],"picked":"Flame Barrier","floor":24},{"not_picked":["Warcry","Rage"],"picked":"Flame Barrier+1","floor":25},{"not_picked":["Rupture","Twin Strike"],"picked":"Shrug It Off","floor":28}],"player_experience":328724,"relics_obtained":[{"floor":6,"key":"Happy Flower"},{"floor":8,"key":"Potion Belt"},{"floor":9,"key":"Anchor"},{"floor":19,"key":"Bronze Scales"},{"floor":24,"key":"Centennial Puzzle"},{"floor":26,"key":"Singing Bowl"}],"event_choices":[{"damage_healed":0,"gold_gain":0,"player_choice":"Forge","damage_taken":0,"max_hp_gain":0,"max_hp_loss":0,"event_name":"Accursed Blacksmith","floor":3,"gold_loss":0,"cards_upgraded":["Madness"]},{"damage_healed":0,"gold_gain":0,"player_choice":"Copied","damage_taken":0,"max_hp_gain":0,"max_hp_loss":0,"event_name":"Duplicator","floor":21,"gold_loss":0,"cards_obtained":["Shrug It Off"]},{"damage_healed":0,"gold_gain":0,"player_choice":"Smashed Altar","damage_taken":0,"max_hp_gain":0,"max_hp_loss":0,"event_name":"Forgotten Altar","floor":29,"gold_loss":0,"cards_obtained":["Decay"]},{"damage_healed":0,"gold_gain":0,"player_choice":"Traded Relic","damage_taken":0,"relics_obtained":["Nloth\u0027s Gift"],"max_hp_gain":0,"max_hp_loss":0,"event_name":"N\u0027loth","floor":31,"relics_lost":["Happy Flower"],"gold_loss":0}],"is_beta":false,"boss_relics":[{"not_picked":["Black Blood","Empty Cage"],"picked":"Philosopher\u0027s Stone"}],"items_purged_floors":[14,22],"is_endless":false,"potions_floor_spawned":[2,5,6,8,16,20,25],"killed_by":"Automaton","ascension_level":9}