{"gold_per_floor":[112,71,21,37,37,37,37,37,37,1,76,104,104,124,124,225,225,225,225,225,225,225,225,15,15,15,15,15,15,15,15,15,15],"floor_reached":33,"playtime":3303,"items_purged":["Strike_B"],"score":259,"play_id":"e2f744cb-2c4c-4c7d-a4ba-3650db8bf7f3","local_time":"20181221001751","is_ascension_mode":false,"campfire_choices":[{"data":"Zap","floor":6,"key":"SMITH"},{"data":"Streamline","floor":8,"key":"SMITH"},{"data":"Scrape","floor":13,"key":"SMITH"},{"floor":15,"key":"REST"},{"data":"Creative AI","floor":23,"key":"SMITH"},{"data":"Chill","floor":29,"key":"SMITH"},{"data":"Gash","floor":32,"key":"SMITH"}],"neow_cost":"CURSE","seed_source_timestamp":1735565006252409,"circlet_count":0,"master_deck":["Strike_B","Strike_B","Strike_B","Defend_B+1","Defend_B","Defend_B+1","Defend_B+1","Zap+1","Dualcast","Streamline+1","FTL","Leap+1","Reprogram","Scrape+1","Hologram","Creative AI+1","Gash+1","FTL","Beam Cell","Bandage Up","Beam Cell","Chill+1","Ball Lightning+1","Shame","Steam"],"relics":["Cracked Core","Orichalcum","Pear","Ectoplasm","Nloth\u0027s Gift","PreservedInsect","Dodecahedron","War Paint"],"potions_floor_usage":[33],"damage_taken":[{"damage":10,"enemies":"Small Slimes","floor":1,"turns":3},{"damage":1,"enemies":"Jaw Worm","floor":4,"turns":3},{"damage":14,"enemies":"3 Sentries","floor":12,"turns":6},{"damage":0,"enemies":"Cultist","floor":14,"turns":2},{"damage":16,"enemies":"Slime Boss","floor":16,"turns":10},{"damage":14,"enemies":"Shell Parasite","floor":18,"turns":4},{"damage":2,"enemies":"Chosen","floor":21,"turns":4},{"damage":7,"enemies":"Snecko","floor":25,"turns":4},{"damage":33,"enemies":"Gremlin Leader","floor":27,"turns":5},{"damage":4,"enemies":"Sentry and Sphere","floor":31,"turns":4},{"damage":47,"enemies":"Automaton","floor":33,"turns":6}],"seed_played":"5763441572806266581","potions_obtained":[{"floor":4,"key":"Poison Potion"},{"floor":16,"key":"Poison Potion"},{"floor":18,"key":"Ancient Potion"}],"is_trial":false,"path_per_floor":["M","$","?","M","?","R","?","R","T","$","?","E","R","M","R","B",null,"M","?","?","M","?","R","$","M","T","E","?","R","?","M","R","B"],"character_chosen":"DEFECT","items_purchased":["FTL","Reprogram","Bandage Up","Beam Cell"],"campfire_rested":1,"item_purchase_floors":[2,10,24,24],"current_hp_per_floor":[65,65,65,64,64,64,49,49,49,49,38,34,34,34,59,43,85,71,71,71,69,69,69,69,66,66,37,37,37,37,37,37,0],"gold":15,"neow_bonus":"ONE_RARE_RELIC","is_prod":false,"is_daily":false,"chose_seed":false,"campfire_upgraded":6,"win_rate":0.0,"timestamp":1545373071,"path_taken":["M","$","?","M","?","R","?","R","T","?","?","E","R","M","R","BOSS","M","?","?","?","?","R","$","M","T","E","?","R","?","?","R","BOSS"],"build_version":"2018-12-20","purchased_purges":1,"victory":false,"max_hp_per_floor":[75,75,75,75,75,75,75,75,75,75,75,85,85,85,85,85,85,85,85,85,85,85,85,85,85,85,85,85,85,85,85,85,85],"card_choices":[{"not_picked":["Conserve Battery","Stack"],"picked":"Streamline","floor":1},{"not_picked":["Conserve Battery","Stack"],"picked":"Leap","floor":4},{"not_picked":["Force Field","Compile Driver"],"picked":"Scrape","floor":12},{"not_picked":["Cold Snap","Heatsinks"],"picked":"Hologram","floor":14},{"not_picked":["Fission","Echo Form"],"picked":"Creative AI","floor":16},{"not_picked":["Steam Power","Leap"],"picked":"Gash","floor":18},{"not_picked":["Rebound","Undo"],"picked":"FTL","floor":21},{"not_picked":["Compile Driver","Ball Lightning"],"picked":"Chill","floor":25},{"not_picked":["Barrage","Tempest"],"picked":"Ball Lightning+1","floor":27},{"not_picked":["Conserve Battery","Beam Cell"],"picked":"Steam","floor":31}],"player_experience":11369,"relics_obtained":[{"floor":9,"key":"Orichalcum"},{"floor":12,"key":"Pear"},{"floor":26,"key":"PreservedInsect"},{"floor":27,"key":"Dodecahedron"}],"event_choices":[{"cards_removed":["Doubt"],"damage_healed":0,"gold_gain":0,"player_choice":"Card Removal","damage_taken":0,"max_hp_gain":0,"max_hp_loss":0,"event_name":"The Cleric","floor":3,"gold_loss":50},{"damage_healed":0,"gold_gain":0,"player_choice":"Ignored","damage_taken":0,"max_hp_gain":0,"max_hp_loss":0,"event_name":"Liars Game","floor":5,"gold_loss":0},{"damage_healed":0,"gold_gain":0,"player_choice":"Entered Light","damage_taken":15,"max_hp_gain":0,"max_hp_loss":0,"event_name":"Shining Light","floor":7,"gold_loss":0,"cards_upgraded":["Defend_B","Defend_B"]},{"damage_healed":0,"gold_gain":75,"player_choice":"Gather Gold","damage_taken":11,"max_hp_gain":0,"max_hp_loss":0,"event_name":"World of Goop","floor":11,"gold_loss":0},{"damage_healed":0,"gold_gain":99,"player_choice":"Stole From Cult","damage_taken":0,"max_hp_gain":0,"max_hp_loss":0,"event_name":"Nest","floor":19,"gold_loss":0},{"damage_healed":0,"gold_gain":0,"player_choice":"Traded Relic","damage_taken":0,"relics_obtained":["Nloth\u0027s Gift"],"max_hp_gain":0,"max_hp_loss":0,"event_name":"N\u0027loth","floor":20,"relics_lost":["Unceasing Top"],"gold_loss":0},{"damage_healed":0,"gold_gain":0,"player_choice":"Read","damage_taken":0,"max_hp_gain":0,"max_hp_loss":0,"event_name":"The Library","floor":22,"gold_loss":0,"cards_obtained":["Beam Cell"]},{"damage_healed":0,"gold_gain":0,"player_choice":"Stole Relic","damage_taken":0,"relics_obtained":["War Paint"],"max_hp_gain":0,"max_hp_loss":0,"event_name":"Addict","floor":28,"gold_loss":0,"cards_obtained":["Shame"]},{"damage_healed":0,"gold_gain":0,"player_choice":"Ignored","damage_taken":0,"max_hp_gain":0,"max_hp_loss":0,"event_name":"Beggar","floor":30,"gold_loss":0}],"is_beta":false,"boss_relics":[{"not_picked":["Fusion Hammer","Runic Pyramid"],"picked":"Ectoplasm"}],"items_purged_floors":[24],"is_endless":false,"potions_floor_spawned":[4,16,18],"killed_by":"Automaton","ascension_level":0}