{"gold_per_floor":[113,123,123,138,158,158,9,21,21,21,40,52,52,52,52,52],"floor_reached":16,"playtime":447,"items_purged":[],"score":165,"play_id":"92543ee8-808d-458e-b592-8eac6e93497b","local_time":"20181218143532","is_ascension_mode":true,"campfire_choices":[{"floor":6,"key":"REST"},{"floor":10,"key":"REST"},{"data":"Strike_R","floor":15,"key":"SMITH"}],"neow_cost":"NONE","seed_source_timestamp":284776564009800,"circlet_count":0,"master_deck":["AscendersBane","Strike_R","Strike_R+1","Strike_R","Strike_R","Strike_R","Defend_R","Defend_R","Defend_R","Defend_R","Bash","Demon Form","True Grit","Shrug It Off","Body Slam","Dual Wield","Juggernaut","Iron Wave","Reaper"],"relics":["Burning Blood","Dodecahedron","Toxic Egg 2"],"potions_floor_usage":[],"damage_taken":[{"damage":8,"enemies":"Jaw Worm","floor":1,"turns":5},{"damage":16,"enemies":"Small Slimes","floor":2,"turns":3},{"damage":3,"enemies":"Cultist","floor":4,"turns":4},{"damage":6,"enemies":"Blue Slaver","floor":5,"turns":6},{"damage":46,"enemies":"Large Slime","floor":8,"turns":10},{"damage":14,"enemies":"Looter","floor":11,"turns":5},{"damage":14,"enemies":"Blue Slaver","floor":12,"turns":5},{"damage":0,"enemies":"Slime Boss","floor":16,"turns":1}],"seed_played":"4893399587792982765","potions_obtained":[{"floor":2,"key":"FearPotion"},{"floor":12,"key":"Block Potion"}],"is_trial":false,"path_per_floor":["M","M","?","M","M","R","$","M","T","R","M","M","?","?","R","B"],"character_chosen":"IRONCLAD","items_purchased":["Juggernaut"],"campfire_rested":2,"item_purchase_floors":[7],"current_hp_per_floor":[66,56,30,33,33,55,55,15,15,37,29,21,21,21,21,21],"gold":52,"neow_bonus":"ONE_RANDOM_RARE_CARD","is_prod":false,"is_daily":false,"chose_seed":false,"campfire_upgraded":1,"win_rate":0,"timestamp":1545172532,"path_taken":["M","M","?","M","M","R","$","M","T","R","M","M","?","?","R","BOSS"],"build_version":"2018-12-13","purchased_purges":0,"victory":false,"max_hp_per_floor":[75,75,75,75,75,75,75,75,75,75,75,75,75,75,75,75],"card_choices":[{"not_picked":["Warcry","Searing Blow"],"picked":"True Grit","floor":1},{"not_picked":["Ghostly Armor","Twin Strike"],"picked":"Shrug It Off","floor":2},{"not_picked":["Twin Strike","Clothesline"],"picked":"Body Slam","floor":4},{"not_picked":["Twin Strike","Fire Breathing"],"picked":"Dual Wield","floor":5},{"not_picked":["Sword Boomerang","Pommel Strike"],"picked":"Iron Wave","floor":8},{"not_picked":["Clash","Pommel Strike","Flex+1"],"picked":"SKIP","floor":11},{"not_picked":["Thunderclap","Whirlwind"],"picked":"Reaper","floor":12}],"player_experience":140389,"relics_obtained":[{"floor":9,"key":"Toxic Egg 2"}],"event_choices":[{"damage_healed":0,"gold_gain":0,"player_choice":"Success","damage_taken":26,"relics_obtained":["Dodecahedron"],"max_hp_gain":0,"max_hp_loss":0,"event_name":"Scrap Ooze","floor":3,"gold_loss":0},{"damage_healed":0,"gold_gain":0,"player_choice":"Searched \u00270\u0027 times","damage_taken":0,"max_hp_gain":0,"max_hp_loss":0,"event_name":"Dead Adventurer","floor":13,"gold_loss":0},{"damage_healed":0,"gold_gain":0,"player_choice":"Ignored","damage_taken":0,"max_hp_gain":0,"max_hp_loss":0,"event_name":"Upgrade Shrine","floor":14,"gold_loss":0}],"is_beta":false,"boss_relics":[],"items_purged_floors":[],"is_endless":false,"potions_floor_spawned":[2,12],"killed_by":"Slime Boss","ascension_level":15}