{"gold_per_floor":[111,121,37,37,57,90,90,109,109,129,143,154,154,167,167,272,272,292,319,330,346,191,191,204,214,268,281,281,281,381,393,393,495,495,510,523,523,188,206,206,206,11,11,11,28,28,41,60,60,60],"floor_reached":50,"playtime":2360,"items_purged":["Strike_B","Strike_B","Strike_B"],"score":477,"play_id":"afdaeb51-b23a-4643-ab9b-9de597ba3f5d","local_time":"20181227005250","is_ascension_mode":false,"campfire_choices":[{"data":"Zap","floor":7,"key":"SMITH"},{"data":"Seek","floor":13,"key":"SMITH"},{"data":"Streamline","floor":15,"key":"SMITH"},{"data":"Sunder","floor":23,"key":"SMITH"},{"data":"Hologram","floor":29,"key":"SMITH"},{"floor":32,"key":"REST"},{"data":"Amplify","floor":40,"key":"SMITH"},{"data":"Apotheosis","floor":44,"key":"SMITH"},{"floor":49,"key":"REST"}],"neow_cost":"NONE","seed_source_timestamp":2256991787245389,"circlet_count":0,"master_deck":["Defend_B","Defend_B","Defend_B","Defend_B","Zap+1","Dualcast","Streamline+1","Leap","Sunder+1","Cold Snap","Leap","Seek+1","Hologram+1","Steam","Leap","Amplify+1","Rebound","Defragment+1","Beam Cell+1","Defragment+1","Heatsinks+1","Hello World+1","Heatsinks+1","Creative AI+1","Leap+1","Beam Cell+1","Storm+1","Defragment+1","Hello World+1","Apotheosis+1","Capacitor+1","Heatsinks+1","BootSequence+1","Static Discharge+1"],"relics":["Cracked Core","Strawberry","Ancient Tea Set","Frozen Egg 2","Sozu","Oddly Smooth Stone","Tiny Chest","Ginger","Philosopher\u0027s Stone","DollysMirror","Juzu Bracelet"],"potions_floor_usage":[16,16,33,50],"damage_taken":[{"damage":5,"enemies":"2 Louse","floor":1,"turns":3},{"damage":0,"enemies":"Cultist","floor":2,"turns":2},{"damage":0,"enemies":"Small Slimes","floor":5,"turns":2},{"damage":28,"enemies":"Gremlin Nob","floor":6,"turns":4},{"damage":5,"enemies":"Looter","floor":8,"turns":2},{"damage":8,"enemies":"3 Louse","floor":10,"turns":3},{"damage":0,"enemies":"Exordium Wildlife","floor":11,"turns":2},{"damage":4,"enemies":"Looter","floor":12,"turns":2},{"damage":0,"enemies":"Exordium Thugs","floor":14,"turns":4},{"damage":30,"enemies":"Hexaghost","floor":16,"turns":10},{"damage":6,"enemies":"Spheric Guardian","floor":18,"turns":4},{"damage":0,"enemies":"Chosen","floor":20,"turns":3},{"damage":0,"enemies":"Snecko","floor":21,"turns":6},{"damage":0,"enemies":"Cultist and Chosen","floor":24,"turns":5},{"damage":10,"enemies":"Sentry and Sphere","floor":25,"turns":5},{"damage":16,"enemies":"3 Cultists","floor":27,"turns":5},{"damage":0,"enemies":"Snecko","floor":31,"turns":3},{"damage":39,"enemies":"Champ","floor":33,"turns":10},{"damage":19,"enemies":"3 Darklings","floor":35,"turns":5},{"damage":6,"enemies":"3 Shapes","floor":36,"turns":5},{"damage":4,"enemies":"Spire Growth","floor":39,"turns":3},{"damage":20,"enemies":"Jaw Worm Horde","floor":45,"turns":3},{"damage":18,"enemies":"3 Darklings","floor":47,"turns":4},{"damage":5,"enemies":"Writhing Mass","floor":48,"turns":4},{"damage":36,"enemies":"Time Eater","floor":50,"turns":2}],"seed_played":"-5818654696005456092","potions_obtained":[{"floor":2,"key":"Strength Potion"},{"floor":6,"key":"PowerPotion"},{"floor":11,"key":"SpeedPotion"},{"floor":16,"key":"EssenceOfSteel"}],"is_trial":false,"path_per_floor":["M","M","$","?","M","E","R","M","T","M","M","M","R","M","R","B",null,"M","T","M","M","$","R","M","M","T","M","?","R","?","M","R","B",null,"M","M","?","$","M","R","?","$","T","R","M","?","M","M","R","B"],"character_chosen":"DEFECT","items_purchased":["Sunder","Cold Snap","Defragment+1","Storm+1","DollysMirror","Capacitor+1"],"campfire_rested":2,"item_purchase_floors":[3,3,22,38,38,42],"current_hp_per_floor":[77,77,77,77,77,49,49,44,44,36,36,32,32,32,32,2,82,76,76,76,76,76,76,76,66,66,50,50,50,50,50,74,35,82,63,57,57,57,53,53,53,53,53,53,33,33,15,10,33,0],"gold":60,"neow_bonus":"RANDOM_COMMON_RELIC","is_prod":false,"is_daily":false,"chose_seed":false,"campfire_upgraded":7,"win_rate":0.0,"timestamp":1545893570,"path_taken":["M","M","$","?","M","E","R","M","T","M","M","?","R","M","R","BOSS","M","?","M","M","$","R","M","?","T","M","?","R","?","M","R","BOSS","M","?","?","$","M","R","?","?","T","R","M","?","M","M","R","BOSS"],"build_version":"2018-12-20","purchased_purges":3,"victory":false,"max_hp_per_floor":[82,82,82,82,82,82,82,82,82,82,82,82,82,82,82,82,82,82,82,82,82,82,82,82,82,82,82,82,82,82,82,82,82,82,82,82,78,78,78,78,78,78,78,78,78,78,78,78,78,78],"card_choices":[{"not_picked":["Chaos","Stack"],"picked":"Streamline","floor":1},{"not_picked":["Ball Lightning","Streamline"],"picked":"Leap","floor":2},{"not_picked":["Loop","Conserve Battery"],"picked":"Leap","floor":5},{"not_picked":["Barrage","Leap"],"picked":"Seek","floor":6},{"not_picked":["Coolheaded","Sweeping Beam"],"picked":"Hologram","floor":8},{"not_picked":["Force Field","Blizzard"],"picked":"Sweeping Beam","floor":10},{"not_picked":["Sweeping Beam","Aggregate"],"picked":"Steam","floor":11},{"not_picked":["Beam Cell","Sweeping Beam"],"picked":"Leap","floor":12},{"not_picked":["Sweeping Beam","All For One","Steam"],"picked":"SKIP","floor":14},{"not_picked":["Reboot","Fission"],"picked":"Amplify","floor":16},{"not_picked":["Leap","Gash"],"picked":"Rebound","floor":18},{"not_picked":["Steam","Redo+1"],"picked":"Defragment+1","floor":20},{"not_picked":["Ball Lightning","Double Energy"],"picked":"Beam Cell+1","floor":21},{"not_picked":["Beam Cell","Redo"],"picked":"Heatsinks+1","floor":24},{"not_picked":["Aggregate","Beam Cell"],"picked":"Hello World+1","floor":25},{"not_picked":["Coolheaded+1","Tempest"],"picked":"Heatsinks+1","floor":27},{"not_picked":["Streamline","Coolheaded","Tempest"],"picked":"SKIP","floor":31},{"not_picked":["Fission","Multi-Cast"],"picked":"Creative AI+1","floor":33},{"not_picked":["Streamline","Tempest+1"],"picked":"Leap+1","floor":35},{"not_picked":["Auto Shields","Chaos"],"picked":"Beam Cell+1","floor":36},{"not_picked":["Gash+1","Ball Lightning"],"picked":"Hello World+1","floor":39},{"not_picked":["PanicButton","Bandage Up"],"picked":"Apotheosis","floor":41},{"not_picked":["Coolheaded","Auto Shields"],"picked":"Heatsinks+1","floor":45},{"not_picked":["Darkness+1","Cold Snap"],"picked":"BootSequence+1","floor":47},{"not_picked":["Leap+1","Beam Cell"],"picked":"Static Discharge+1","floor":48}],"player_experience":26709,"relics_obtained":[{"floor":6,"key":"Ancient Tea Set"},{"floor":9,"key":"Frozen Egg 2"},{"floor":19,"key":"Oddly Smooth Stone"},{"floor":26,"key":"Tiny Chest"},{"floor":43,"key":"Juzu Bracelet"}],"event_choices":[{"cards_removed":["Strike_B"],"damage_healed":0,"gold_gain":0,"player_choice":"Purged","damage_taken":0,"max_hp_gain":0,"max_hp_loss":0,"event_name":"Purifier","floor":4,"gold_loss":0},{"damage_healed":0,"gold_gain":0,"player_choice":"Opened","damage_taken":0,"relics_obtained":["Ginger"],"max_hp_gain":0,"max_hp_loss":0,"event_name":"The Mausoleum","floor":28,"gold_loss":0},{"damage_healed":0,"gold_gain":100,"player_choice":"Pray","damage_taken":0,"max_hp_gain":0,"max_hp_loss":0,"event_name":"Golden Shrine","floor":30,"gold_loss":0},{"damage_healed":0,"gold_gain":0,"player_choice":"Max HP","damage_taken":0,"max_hp_gain":0,"max_hp_loss":4,"event_name":"Winding Halls","floor":37,"gold_loss":0},{"damage_healed":0,"gold_gain":0,"player_choice":"Memory 1","damage_taken":0,"max_hp_gain":0,"max_hp_loss":0,"event_name":"SensoryStone","floor":41,"gold_loss":0},{"cards_removed":["Sweeping Beam"],"damage_healed":0,"gold_gain":0,"player_choice":"Removed Attack","damage_taken":0,"max_hp_gain":0,"max_hp_loss":0,"event_name":"Falling","floor":46,"gold_loss":0}],"is_beta":false,"boss_relics":[{"not_picked":["Busted Crown","Black Star"],"picked":"Sozu"},{"not_picked":["Lizard Tail","FrozenCore"],"picked":"Philosopher\u0027s Stone"}],"items_purged_floors":[22,38,42],"is_endless":false,"potions_floor_spawned":[2,6,11,16,18,20,31,33,35,36],"killed_by":"Time Eater","ascension_level":0}