{"gold_per_floor":[109,109,128,140,150,150,160,186,238,203,203,222,248,263,263,338,338,358,27,27,42,92,120,90,90,90,108,108,9,37,52,52,52],"floor_reached":33,"playtime":1136,"items_purged":["Strike_R"],"score":594,"play_id":"8ee9c76a-8045-4131-9698-38fe37259dee","local_time":"20190714142527","is_ascension_mode":true,"campfire_choices":[{"data":"Pommel Strike","floor":6.0,"key":"SMITH"},{"data":"Sever Soul","floor":11.0,"key":"SMITH"},{"data":"Bash","floor":15.0,"key":"SMITH"},{"data":"Fiend Fire","floor":25.0,"key":"SMITH"},{"floor":28.0,"key":"REST"},{"data":"Feel No Pain","floor":32.0,"key":"SMITH"}],"neow_cost":"NONE","seed_source_timestamp":411461590621600,"circlet_count":0,"master_deck":["AscendersBane","Strike_R","Strike_R","Strike_R","Strike_R","Defend_R+1","Defend_R","Defend_R+1","Defend_R","Bash+1","Anger","Evolve","Twin Strike","Pommel Strike+1","Sever Soul+1","Impervious","Armaments","True Grit","Fiend Fire+1","Immolate","Clothesline","Inflame","Feel No Pain+1","Twin Strike","Armaments+1"],"special_seed":0,"relics":["Burning Blood","War Paint","Lantern","Blue Candle","Velvet Choker","Gambling Chip","Juzu Bracelet","Anchor"],"potions_floor_usage":[33,33],"damage_taken":[{"damage":4.0,"enemies":"Jaw Worm","floor":1.0,"turns":4.0},{"damage":7.0,"enemies":"Small Slimes","floor":3.0,"turns":3.0},{"damage":0.0,"enemies":"Cultist","floor":4.0,"turns":2.0},{"damage":48.0,"enemies":"Exordium Thugs","floor":5.0,"turns":7.0},{"damage":31.0,"enemies":"Lots of Slimes","floor":7.0,"turns":5.0},{"damage":24.0,"enemies":"Gremlin Nob","floor":8.0,"turns":4.0},{"damage":10.0,"enemies":"Large Slime","floor":12.0,"turns":4.0},{"damage":21.0,"enemies":"Lagavulin","floor":13.0,"turns":9.0},{"damage":7.0,"enemies":"3 Louse","floor":14.0,"turns":5.0},{"damage":21.0,"enemies":"Slime Boss","floor":16.0,"turns":9.0},{"damage":20.0,"enemies":"2 Thieves","floor":18.0,"turns":3.0},{"damage":11.0,"enemies":"Spheric Guardian","floor":21.0,"turns":3.0},{"damage":24.0,"enemies":"Book of Stabbing","floor":23.0,"turns":5.0},{"damage":19.0,"enemies":"3 Cultists","floor":27.0,"turns":4.0},{"damage":10.0,"enemies":"Slavers","floor":30.0,"turns":4.0},{"damage":1.0,"enemies":"Cultist and Chosen","floor":31.0,"turns":5.0},{"damage":73,"enemies":"Collector","floor":33,"turns":6}],"seed_played":"6990476048264176672","potions_obtained":[{"floor":1.0,"key":"BloodPotion"},{"floor":4.0,"key":"Ancient Potion"},{"floor":12.0,"key":"Dexterity Potion"},{"floor":13.0,"key":"EssenceOfSteel"},{"floor":16.0,"key":"SkillPotion"},{"floor":24.0,"key":"SteroidPotion"},{"floor":24.0,"key":"AttackPotion"},{"floor":27.0,"key":"SteroidPotion"},{"floor":31.0,"key":"Dexterity Potion"}],"is_trial":false,"path_per_floor":["M","?","M","M","M","R","M","E","T","?","R","M","E","M","R","B",null,"M","$","?","M","?","E","?","R","T","M","R","$","E","M","R","B"],"character_chosen":"IRONCLAD","items_purchased":["Gambling Chip","Twin Strike"],"campfire_rested":1,"item_purchase_floors":[19,29],"current_hp_per_floor":[77,82,81,87,45,45,20,23,23,44,44,40,25,24,24,9,68,54,54,54,49,49,31,31,31,31,18,44,44,40,45,45,0],"gold":52,"neow_bonus":"TEN_PERCENT_HP_BONUS","is_prod":false,"is_daily":false,"chose_seed":false,"campfire_upgraded":5,"win_rate":0,"timestamp":1563139527,"path_taken":["M","?","M","M","M","R","M","E","T","?","R","M","E","M","R","BOSS","M","$","?","M","?","E","?","R","T","M","R","?","E","M","R","BOSS"],"build_version":"2019-07-05","purchased_purges":1,"victory":false,"max_hp_per_floor":[82,87,87,87,87,87,87,87,87,87,87,87,87,87,87,87,87,87,87,87,87,87,87,87,87,87,87,87,87,87,87,87,87],"card_choices":[{"not_picked":["Battle Trance","Wild Strike"],"picked":"Anger","floor":1.0},{"not_picked":["Bloodletting","Heavy Blade"],"picked":"Evolve","floor":3.0},{"not_picked":["Clothesline","Searing Blow"],"picked":"Twin Strike","floor":4.0},{"not_picked":["Sentinel","Flex"],"picked":"Pommel Strike","floor":5.0},{"not_picked":["Searing Blow","Corruption"],"picked":"Sever Soul","floor":7.0},{"not_picked":["Havoc","Heavy Blade"],"picked":"Impervious","floor":8.0},{"not_picked":["Sword Boomerang","Headbutt"],"picked":"Armaments","floor":12.0},{"not_picked":["Reckless Charge","Shrug It Off"],"picked":"True Grit","floor":13.0},{"not_picked":["Thunderclap","Iron Wave"],"picked":"Fiend Fire","floor":14.0},{"not_picked":["Berserk","Barricade"],"picked":"Immolate","floor":16.0},{"not_picked":["Shrug It Off","Cleave"],"picked":"Clothesline","floor":18.0},{"not_picked":["Evolve","Sentinel"],"picked":"Inflame","floor":21.0},{"not_picked":["Searing Blow","Infernal Blade"],"picked":"Feel No Pain","floor":23.0},{"not_picked":["Evolve","Pummel","Rupture"],"picked":"SKIP","floor":27.0},{"not_picked":["Barricade","Heavy Blade","True Grit"],"picked":"SKIP","floor":30.0},{"not_picked":["Second Wind","Reckless Charge"],"picked":"Armaments+1","floor":31.0}],"player_experience":658687,"relics_obtained":[{"floor":8.0,"key":"War Paint"},{"floor":9.0,"key":"Lantern"},{"floor":13.0,"key":"Blue Candle"},{"floor":23.0,"key":"Juzu Bracelet"},{"floor":30.0,"key":"Anchor"}],"event_choices":[{"damage_healed":0.0,"max_hp_gain":5.0,"max_hp_loss":0.0,"gold_gain":0.0,"event_name":"Big Fish","player_choice":"Donut","floor":2.0,"gold_loss":0.0,"damage_taken":0.0},{"damage_healed":21.0,"max_hp_gain":0.0,"max_hp_loss":0.0,"gold_gain":0.0,"event_name":"The Cleric","player_choice":"Healed","floor":10.0,"gold_loss":35.0,"damage_taken":0.0},{"damage_healed":0.0,"max_hp_gain":0.0,"max_hp_loss":0.0,"gold_gain":50.0,"event_name":"Golden Shrine","player_choice":"Pray","floor":22.0,"gold_loss":0.0,"damage_taken":0.0},{"damage_healed":0.0,"max_hp_gain":0.0,"max_hp_loss":0.0,"gold_gain":0.0,"event_name":"The Woman in Blue","player_choice":"Bought 2 Potions","floor":24.0,"gold_loss":0.0,"damage_taken":0.0}],"is_beta":false,"boss_relics":[{"not_picked":["Eternal Feather","Black Blood"],"picked":"Velvet Choker"}],"items_purged_floors":[29],"is_endless":false,"potions_floor_spawned":[1,4,7,12,13,16,27,31],"killed_by":"Collector","ascension_level":20}