{"gold_per_floor":[113,113,113,113,133,166,166,184,232,232,249,249,23,35,35,131,131,147,161,42,42,62,62],"floor_reached":23,"playtime":827,"items_purged":["Strike_B","Defend_B"],"score":313,"play_id":"d0196269-3480-4a78-bd7b-e5af3d14702c","local_time":"20190817205135","is_ascension_mode":true,"campfire_choices":[{"data":"Defragment","floor":10,"key":"SMITH"},{"data":"Chaos","floor":12,"key":"SMITH"},{"data":"Defragment","floor":15,"key":"SMITH"}],"neow_cost":"NONE","seed_source_timestamp":1044310506101570,"circlet_count":0,"master_deck":["Strike_B+1","Defend_B","Zap","Dualcast+1","Cold Snap","Conserve Battery","Defragment+1","Rebound","Chaos+1","Defragment+1","Beam Cell","Hologram","Darkness","Seek","Skim+1","Redo+1","Leap+1","Hologram","Compile Driver","Leap","Redo","Shame","Conserve Battery"],"relics":["Cracked Core","NeowsBlessing","Ancient Tea Set","Pantograph","Smiling Mask","Astrolabe","Vajra"],"potions_floor_usage":[22],"damage_taken":[{"damage":0,"enemies":"2 Louse","floor":1,"turns":1},{"damage":0,"enemies":"Jaw Worm","floor":5,"turns":1},{"damage":0,"enemies":"3 Sentries","floor":6,"turns":1},{"damage":2,"enemies":"Small Slimes","floor":8,"turns":3},{"damage":0,"enemies":"2 Fungi Beasts","floor":11,"turns":3},{"damage":5,"enemies":"Exordium Wildlife","floor":14,"turns":6},{"damage":29,"enemies":"The Guardian","floor":16,"turns":11},{"damage":17,"enemies":"Spheric Guardian","floor":18,"turns":4},{"damage":12,"enemies":"Shell Parasite","floor":19,"turns":4},{"damage":2,"enemies":"Cultist and Chosen","floor":22,"turns":8},{"damage":34,"enemies":"Snake Plant","floor":23,"turns":3}],"seed_played":"-2717254421628253334","potions_obtained":[{"floor":5,"key":"FearPotion"},{"floor":8,"key":"Energy Potion"},{"floor":19,"key":"Poison Potion"},{"floor":22,"key":"GamblersBrew"}],"is_trial":false,"path_per_floor":["M","?","?","?","M","E","?","M","T","R","M","R","$","M","R","B",null,"M","M","$","?","M","M"],"character_chosen":"DEFECT","items_purchased":["Defragment","Beam Cell","Hologram","Leap","Redo"],"campfire_rested":0,"item_purchase_floors":[13,13,13,20,20],"current_hp_per_floor":[68,73,66,50,50,50,32,30,30,30,30,30,30,25,25,21,65,48,36,36,36,34,0],"gold":62,"neow_bonus":"THREE_ENEMY_KILL","is_prod":false,"is_daily":false,"chose_seed":false,"campfire_upgraded":3,"win_rate":0,"timestamp":1566093095,"path_taken":["M","?","?","?","M","E","?","M","T","R","M","R","$","M","R","BOSS","M","M","$","?","M","M"],"build_version":"2019-07-17","purchased_purges":2,"victory":false,"max_hp_per_floor":[75,80,80,80,80,80,80,80,80,80,80,80,80,80,80,80,80,80,80,80,80,80,80],"card_choices":[{"not_picked":["Conserve Battery","Barrage"],"picked":"Cold Snap","floor":1},{"not_picked":["Turbo","Hologram"],"picked":"Conserve Battery","floor":5},{"not_picked":["Steam Power","Self Repair"],"picked":"Defragment","floor":6},{"not_picked":["Scrape","Sweeping Beam"],"picked":"Rebound","floor":8},{"not_picked":["Turbo","Double Energy"],"picked":"Chaos","floor":11},{"not_picked":["Coolheaded","Barrage"],"picked":"Darkness","floor":14},{"not_picked":["All For One","Core Surge"],"picked":"Seek","floor":16},{"not_picked":["Coolheaded","Sunder"],"picked":"Hologram","floor":18},{"not_picked":["Coolheaded","Melter"],"picked":"Compile Driver","floor":19},{"not_picked":["Turbo","Steam"],"picked":"Conserve Battery","floor":22}],"player_experience":322461,"relics_obtained":[{"floor":6,"key":"Ancient Tea Set"},{"floor":9,"key":"Smiling Mask"}],"event_choices":[{"damage_healed":0,"gold_gain":0,"player_choice":"Donut","damage_taken":0,"max_hp_gain":5,"max_hp_loss":0,"event_name":"Big Fish","floor":2,"gold_loss":0},{"cards_removed":["Strike_B"],"damage_healed":0,"gold_gain":0,"player_choice":"Card Removal","damage_taken":7,"max_hp_gain":0,"max_hp_loss":0,"event_name":"Golden Wing","floor":3,"gold_loss":0},{"damage_healed":0,"gold_gain":0,"player_choice":"Entered Light","damage_taken":16,"max_hp_gain":0,"max_hp_loss":0,"event_name":"Shining Light","floor":4,"gold_loss":0,"cards_upgraded":["Strike_B","Dualcast"]},{"damage_healed":0,"gold_gain":0,"player_choice":"Success","damage_taken":18,"relics_obtained":["Pantograph"],"max_hp_gain":0,"max_hp_loss":0,"event_name":"Scrap Ooze","floor":7,"gold_loss":0},{"damage_healed":0,"gold_gain":0,"player_choice":"Stole Relic","damage_taken":0,"relics_obtained":["Vajra"],"max_hp_gain":0,"max_hp_loss":0,"event_name":"Addict","floor":21,"gold_loss":0,"cards_obtained":["Shame"]}],"is_beta":false,"boss_relics":[{"not_picked":["Lizard Tail","Runic Dome"],"picked":"Astrolabe"}],"items_purged_floors":[13,20],"is_endless":false,"potions_floor_spawned":[5,8,19,22],"killed_by":"Snake Plant","ascension_level":9}