{"gold_per_floor":[112,112,112,128,70,106,106,145,168,168,182,198,36,56,56,155,218,232,232],"floor_reached":19,"playtime":599,"items_purged":[],"score":364,"play_id":"67742c3a-7504-49bb-af8c-2ccb2946807a","local_time":"20181221231015","is_ascension_mode":true,"campfire_choices":[{"data":"True Grit","floor":7,"key":"SMITH"},{"data":"Barricade","floor":10,"key":"SMITH"},{"data":"Uppercut","floor":15,"key":"SMITH"}],"neow_cost":"NONE","seed_source_timestamp":28323739932900,"circlet_count":0,"master_deck":["AscendersBane","Strike_R","Strike_R","Strike_R","Strike_R","Defend_R","Defend_R+1","Defend_R","Defend_R+1","Bash","True Grit+1","Flame Barrier","Cleave","Double Tap+1","Barricade+1","Metallicize","Uppercut+1","Fiend Fire","Body Slam"],"relics":["Burning Blood","NeowsBlessing","Golden Idol","Bag of Preparation","War Paint","Lantern","Bronze Scales","Tiny House"],"potions_floor_usage":[19,19],"damage_taken":[{"damage":0,"enemies":"Small Slimes","floor":1,"turns":1},{"damage":0,"enemies":"Jaw Worm","floor":4,"turns":2},{"damage":0,"enemies":"Gremlin Nob","floor":6,"turns":1},{"damage":15,"enemies":"3 Sentries","floor":8,"turns":8},{"damage":5,"enemies":"2 Louse","floor":11,"turns":4},{"damage":13,"enemies":"Exordium Wildlife","floor":12,"turns":5},{"damage":2,"enemies":"Red Slaver","floor":14,"turns":6},{"damage":30,"enemies":"Hexaghost","floor":16,"turns":13},{"damage":11,"enemies":"Shell Parasite","floor":18,"turns":9},{"damage":76,"enemies":"Masked Bandits","floor":19,"turns":5}],"seed_played":"6062614276345050147","potions_obtained":[{"floor":4,"key":"Strength Potion"},{"floor":11,"key":"Block Potion"},{"floor":17,"key":"SkillPotion"}],"is_trial":false,"path_per_floor":["M","?","?","M","$","E","R","E","T","R","M","M","$","M","R","B",null,"M","?"],"character_chosen":"IRONCLAD","items_purchased":["Cleave","Bronze Scales"],"campfire_rested":0,"item_purchase_floors":[5,13],"current_hp_per_floor":[74,68,61,67,67,68,68,59,59,59,60,53,53,57,57,33,64,59,0],"gold":232,"neow_bonus":"THREE_ENEMY_KILL","is_prod":false,"is_daily":false,"chose_seed":false,"campfire_upgraded":3,"win_rate":0,"timestamp":1545462615,"path_taken":["M","?","?","M","$","E","R","E","T","R","M","M","$","M","R","BOSS","M","?"],"build_version":"2018-12-20","purchased_purges":0,"victory":false,"max_hp_per_floor":[75,68,68,68,68,68,68,68,68,68,68,68,68,68,68,68,73,73,73],"card_choices":[{"not_picked":["Flex","Carnage"],"picked":"True Grit","floor":1},{"not_picked":["Wild Strike","Clothesline"],"picked":"Flame Barrier","floor":4},{"not_picked":["Clothesline","Perfected Strike"],"picked":"Double Tap","floor":6},{"not_picked":["Entrench","Bludgeon"],"picked":"Barricade","floor":8},{"not_picked":["Combust","Shockwave"],"picked":"Metallicize","floor":11},{"not_picked":["Perfected Strike","Seeing Red","Headbutt"],"picked":"SKIP","floor":12},{"not_picked":["Headbutt","Havoc"],"picked":"Uppercut","floor":14},{"not_picked":["Limit Break","Exhume"],"picked":"Fiend Fire","floor":16},{"not_picked":["Clash","Burning Pact"],"picked":"Body Slam","floor":18}],"player_experience":165103,"relics_obtained":[{"floor":6,"key":"Bag of Preparation"},{"floor":8,"key":"War Paint"},{"floor":9,"key":"Lantern"}],"event_choices":[{"damage_healed":0,"gold_gain":0,"player_choice":"Lose Max HP","damage_taken":0,"relics_obtained":["Golden Idol"],"max_hp_gain":0,"max_hp_loss":7,"event_name":"Golden Idol","floor":2,"gold_loss":0},{"cards_removed":["Strike_R"],"damage_healed":0,"gold_gain":0,"player_choice":"Card Removal","damage_taken":7,"max_hp_gain":0,"max_hp_loss":0,"event_name":"Golden Wing","floor":3,"gold_loss":0},{"damage_healed":0,"gold_gain":0,"player_choice":"Fought Bandits","damage_taken":0,"max_hp_gain":0,"max_hp_loss":0,"event_name":"Masked Bandits","floor":19,"gold_loss":0}],"is_beta":false,"boss_relics":[{"not_picked":["Pandora\u0027s Box","Coffee Dripper"],"picked":"Tiny House"}],"items_purged_floors":[],"is_endless":false,"potions_floor_spawned":[4,11,16,18],"killed_by":"Masked Bandits","ascension_level":16}