{"gold_per_floor":[112,162,35,53,66,94,94,113,139,174,174,186,204,204,204,282,282],"floor_reached":17,"playtime":454,"items_purged":["Strike_R"],"score":301,"play_id":"9a1339ac-d356-44a3-ab1a-6b80a9c72ad9","local_time":"20181222150814","is_ascension_mode":true,"campfire_choices":[{"data":"Armaments","floor":7.0,"key":"SMITH"},{"floor":11.0,"key":"REST"},{"floor":15,"key":"REST"}],"neow_cost":"NONE","seed_source_timestamp":85885282947500,"circlet_count":0,"master_deck":["AscendersBane","Bash","Fiend Fire","Headbutt+1","Armaments+1","Anger","Immolate+1","Uppercut","Clash","Whirlwind","Limit Break"],"special_seed":0,"relics":["Burning Blood","Lantern","Ancient Tea Set","Whetstone","Centennial Puzzle","Pandora\u0027s Box"],"potions_floor_usage":[],"damage_taken":[{"damage":0.0,"enemies":"Small Slimes","floor":1.0,"turns":3.0},{"damage":6.0,"enemies":"Cultist","floor":4.0,"turns":3.0},{"damage":11.0,"enemies":"Jaw Worm","floor":5.0,"turns":4.0},{"damage":30.0,"enemies":"Gremlin Nob","floor":6.0,"turns":4.0},{"damage":18.0,"enemies":"Exordium Thugs","floor":8.0,"turns":4.0},{"damage":20.0,"enemies":"3 Sentries","floor":10.0,"turns":4.0},{"damage":4,"enemies":"2 Fungi Beasts","floor":12,"turns":3},{"damage":9,"enemies":"Red Slaver","floor":13,"turns":2},{"damage":36,"enemies":"Hexaghost","floor":16,"turns":8}],"seed_played":"-2782341746455924096","potions_obtained":[{"floor":4.0,"key":"SteroidPotion"},{"floor":6.0,"key":"GamblersBrew"}],"is_trial":false,"path_per_floor":["M","?","$","M","M","E","R","M","T","E","R","M","M","?","R","B",null],"character_chosen":"IRONCLAD","items_purchased":["Armaments"],"campfire_rested":2,"item_purchase_floors":[3],"current_hp_per_floor":[74,74,74,74,69,45,45,33,33,19,41,43,40,22,44,14,14],"gold":282,"neow_bonus":"ONE_RANDOM_RARE_CARD","is_prod":false,"is_daily":false,"chose_seed":false,"campfire_upgraded":1,"win_rate":0,"timestamp":1545520094,"path_taken":["M","?","$","M","M","E","R","M","T","E","R","M","?","?","R","BOSS"],"build_version":"2018-12-20","purchased_purges":1,"victory":false,"max_hp_per_floor":[75,75,75,75,75,75,75,75,75,75,75,75,75,75,75,75,75],"card_choices":[{"not_picked":["True Grit","Thunderclap"],"picked":"Headbutt","floor":1.0},{"not_picked":["Clothesline","Reckless Charge"],"picked":"Anger","floor":4.0},{"not_picked":["Second Wind","Power Through"],"picked":"Immolate","floor":5.0},{"not_picked":["Anger","Twin Strike"],"picked":"Uppercut","floor":6.0},{"not_picked":["Havoc","Anger"],"picked":"Clash","floor":8.0},{"not_picked":["Demon Form","Wild Strike","Fire Breathing"],"picked":"SKIP","floor":10.0},{"not_picked":["Body Slam","Twin Strike","Cleave"],"picked":"SKIP","floor":12},{"not_picked":["Twin Strike","Second Wind"],"picked":"Whirlwind","floor":13},{"not_picked":["Bludgeon","Exhume"],"picked":"Limit Break","floor":16}],"player_experience":170344,"relics_obtained":[{"floor":6.0,"key":"Lantern"},{"floor":9.0,"key":"Ancient Tea Set"},{"floor":10.0,"key":"Whetstone"}],"event_choices":[{"damage_healed":0.0,"max_hp_gain":0.0,"max_hp_loss":0.0,"gold_gain":50.0,"event_name":"Golden Shrine","player_choice":"Pray","floor":2.0,"gold_loss":0.0,"damage_taken":0.0},{"damage_healed":0,"gold_gain":0,"player_choice":"Success","damage_taken":18,"relics_obtained":["Centennial Puzzle"],"max_hp_gain":0,"max_hp_loss":0,"event_name":"Scrap Ooze","floor":14,"gold_loss":0}],"is_beta":false,"boss_relics":[{"not_picked":["Calling Bell","Cursed Key"],"picked":"Pandora\u0027s Box"}],"items_purged_floors":[3],"is_endless":false,"potions_floor_spawned":[4,6,10,12],"ascension_level":16}