{"gold_per_floor":[114,127,141,155,330,330,120,195,195,195,11,31,31,45,45,164,164,178,197,197,216,216,216,227,227,278,312,312,322,335,390,390,485,485,499,514,514,525,525,525,544,544,544,544,544],"floor_reached":45,"playtime":3650,"items_purged":["Doubt"],"score":644,"play_id":"4dfb81ab-9f30-48a3-b2e8-5d33d1668cda","local_time":"20190818203725","is_ascension_mode":true,"campfire_choices":[{"data":"Glacier","floor":6.0,"key":"SMITH"},{"data":"Blind","floor":10.0,"key":"SMITH"},{"floor":15.0,"key":"REST"},{"data":"Trip","floor":23.0,"key":"SMITH"},{"data":"Hologram","floor":25.0,"key":"SMITH"},{"data":"Go for the Eyes","floor":28.0,"key":"SMITH"},{"data":"Capacitor","floor":32.0,"key":"SMITH"},{"data":"Reboot","floor":40,"key":"SMITH"},{"data":"Glacier","floor":42,"key":"SMITH"}],"neow_cost":"NONE","seed_source_timestamp":0,"circlet_count":0,"master_deck":["Defend_B","Defend_B","Defend_B","Defend_B","Zap+1","Dualcast","Genetic Algorithm","Gash","Scrape","Glacier+1","Blind+1","FTL+1","Hologram+1","Trip+1","Rebound","Conserve Battery","All For One","Hologram+1","Go for the Eyes+1","Steam","Bite","Bite","Bite","Bite","Bite","Glacier+1","Blizzard+1","Capacitor+1","Steam+1","Reboot+1","Reinforced Body+1","Blizzard","Rebound+1"],"special_seed":0,"relics":["Cracked Core","Dodecahedron","Bloody Idol","Eternal Feather","Oddly Smooth Stone","Gremlin Horn","Tiny Chest","Busted Crown","Omamori"],"potions_floor_usage":[45],"damage_taken":[{"damage":2.0,"enemies":"Jaw Worm","floor":1.0,"turns":3.0},{"damage":0.0,"enemies":"Small Slimes","floor":2.0,"turns":3.0},{"damage":8.0,"enemies":"2 Louse","floor":3.0,"turns":3.0},{"damage":12.0,"enemies":"Exordium Wildlife","floor":4.0,"turns":4.0},{"damage":12.0,"enemies":"Blue Slaver","floor":12.0,"turns":3.0},{"damage":1.0,"enemies":"Looter","floor":14.0,"turns":3.0},{"damage":18.0,"enemies":"Slime Boss","floor":16.0,"turns":13.0},{"damage":22.0,"enemies":"3 Byrds","floor":18.0,"turns":6.0},{"damage":0.0,"enemies":"Chosen","floor":19.0,"turns":6.0},{"damage":7.0,"enemies":"Snake Plant","floor":21.0,"turns":4.0},{"damage":13.0,"enemies":"Cultist and Chosen","floor":24.0,"turns":7.0},{"damage":30.0,"enemies":"Book of Stabbing","floor":27.0,"turns":8.0},{"damage":0.0,"enemies":"Snecko","floor":29.0,"turns":6.0},{"damage":29.0,"enemies":"Snake Plant","floor":30.0,"turns":7.0},{"damage":31.0,"enemies":"Champ","floor":33.0,"turns":17.0},{"damage":27,"enemies":"3 Darklings","floor":35,"turns":9},{"damage":15,"enemies":"3 Shapes","floor":36,"turns":8},{"damage":12,"enemies":"3 Darklings","floor":38,"turns":5},{"damage":39,"enemies":"Transient","floor":41,"turns":5},{"damage":46,"enemies":"Maw","floor":45,"turns":9}],"seed_played":"2649947954486950861","potions_obtained":[{"floor":3.0,"key":"Energy Potion"},{"floor":4.0,"key":"Explosive Potion"},{"floor":12.0,"key":"Ancient Potion"},{"floor":18.0,"key":"Block Potion"},{"floor":21.0,"key":"Ancient Potion"},{"floor":27.0,"key":"Energy Potion"},{"floor":30.0,"key":"Explosive Potion"}],"is_trial":false,"path_per_floor":["M","M","M","M","?","R","$","?","T","R","$","M","?","M","R","B",null,"M","M","?","M","?","R","M","R","T","E","R","M","M","T","R","B",null,"M","M","?","M","?","R","M","R","T","?","M"],"character_chosen":"DEFECT","items_purchased":["Gash","Blind","FTL","Hologram","Trip"],"campfire_rested":1,"item_purchase_floors":[7,7,11,11,11],"current_hp_per_floor":[66,66,58,46,46,46,46,35,35,35,35,23,23,22,42,24,58,36,36,36,34,34,48,42,48,48,27,42,48,28,38,48,30,44,36,30,30,25,25,43,12,30,30,30,0],"gold":544,"neow_bonus":"UPGRADE_CARD","is_prod":false,"is_daily":false,"chose_seed":false,"campfire_upgraded":8,"win_rate":0,"timestamp":1566178645,"path_taken":["M","M","M","M","?","R","$","?","T","R","$","M","?","M","R","BOSS","M","M","?","M","?","R","M","R","T","E","R","M","M","?","R","BOSS","M","M","?","M","?","R","?","R","T","?","?"],"build_version":"2019-07-17","purchased_purges":1,"victory":false,"max_hp_per_floor":[75,75,75,75,75,75,75,75,75,75,75,75,69,69,69,69,69,69,69,69,69,48,48,48,48,48,48,48,48,48,48,48,48,48,48,48,48,48,46,46,46,46,46,46,46],"card_choices":[{"not_picked":["Compile Driver","Steam"],"picked":"Genetic Algorithm","floor":1.0},{"not_picked":["Hologram","Reinforced Body"],"picked":"Gash","floor":2.0},{"not_picked":["Hologram","Skim"],"picked":"Scrape","floor":3.0},{"not_picked":["Steam Power","Steam"],"picked":"Glacier","floor":4.0},{"not_picked":["Streamline","Chill"],"picked":"Rebound","floor":12.0},{"not_picked":["Redo","Chaos"],"picked":"Conserve Battery","floor":14.0},{"not_picked":["Creative AI","Meteor Strike"],"picked":"All For One","floor":16.0},{"not_picked":["Reprogram","Streamline+1"],"picked":"Hologram+1","floor":18.0},{"not_picked":["Sweeping Beam","Beam Cell"],"picked":"Go for the Eyes","floor":19.0},{"not_picked":["Conserve Battery","Cold Snap"],"picked":"Steam","floor":21.0},{"not_picked":["Scrape+1","Heatsinks"],"picked":"Glacier","floor":24.0},{"not_picked":["Compile Driver","Reprogram"],"picked":"Blizzard+1","floor":27.0},{"not_picked":["Compile Driver+1","Auto Shields"],"picked":"Capacitor","floor":29.0},{"not_picked":["Rip and Tear+1","Beam Cell"],"picked":"Steam+1","floor":30.0},{"not_picked":["Electrodynamics","Thunder Strike"],"picked":"Reboot","floor":33.0},{"not_picked":[],"picked":"Reinforced Body+1","floor":35},{"not_picked":[],"picked":"Blizzard","floor":36},{"not_picked":[],"picked":"Rebound+1","floor":38},{"not_picked":["Aggregate"],"picked":"SKIP","floor":41}],"player_experience":329181,"relics_obtained":[{"floor":9.0,"key":"Dodecahedron"},{"floor":26.0,"key":"Oddly Smooth Stone"},{"floor":27.0,"key":"Gremlin Horn"},{"floor":31.0,"key":"Tiny Chest"},{"floor":43,"key":"Omamori"}],"event_choices":[{"damage_healed":0.0,"max_hp_gain":0.0,"max_hp_loss":0.0,"gold_gain":175.0,"event_name":"Liars Game","player_choice":"AGREE","floor":5.0,"gold_loss":0.0,"damage_taken":0.0,"cards_obtained":["Doubt"]},{"damage_healed":0.0,"max_hp_gain":0.0,"max_hp_loss":0.0,"gold_gain":75.0,"event_name":"World of Goop","player_choice":"Gather Gold","floor":8.0,"gold_loss":0.0,"damage_taken":11.0},{"damage_healed":0.0,"max_hp_gain":0.0,"max_hp_loss":6.0,"gold_gain":0.0,"event_name":"Golden Idol","player_choice":"Lose Max HP","floor":13.0,"gold_loss":0.0,"damage_taken":0.0,"relics_obtained":["Golden Idol"]},{"damage_healed":0.0,"max_hp_gain":0.0,"max_hp_loss":0.0,"gold_gain":0.0,"event_name":"Forgotten Altar","player_choice":"Gave Idol","floor":20.0,"relics_lost":["Golden Idol"],"gold_loss":0.0,"damage_taken":0.0,"relics_obtained":["Bloody Idol"]},{"damage_healed":0.0,"max_hp_gain":0.0,"max_hp_loss":21.0,"gold_gain":0.0,"event_name":"Vampires","player_choice":"Became a vampire","floor":22.0,"gold_loss":0.0,"damage_taken":0.0,"cards_obtained":["Bite","Bite","Bite","Bite","Bite"]},{"cards_removed":["Gash"],"damage_healed":0,"gold_gain":0,"player_choice":"Removed Attack","damage_taken":0,"max_hp_gain":0,"max_hp_loss":0,"event_name":"Falling","floor":37,"gold_loss":0},{"damage_healed":0,"gold_gain":0,"player_choice":"Max HP","damage_taken":0,"max_hp_gain":0,"max_hp_loss":2,"event_name":"Winding Halls","floor":39,"gold_loss":0},{"damage_healed":0,"gold_gain":0,"player_choice":"Upgraded","damage_taken":0,"max_hp_gain":0,"max_hp_loss":0,"event_name":"Upgrade Shrine","floor":44,"gold_loss":0,"cards_upgraded":["FTL"]}],"is_beta":false,"boss_relics":[{"not_picked":["Ectoplasm","Coffee Dripper"],"picked":"Eternal Feather"},{"not_picked":["White Beast Statue","Runic Pyramid"],"picked":"Busted Crown"}],"items_purged_floors":[7],"is_endless":false,"potions_floor_spawned":[3,4,12,18,21,27,30],"killed_by":"Maw","ascension_level":9}