{"gold_per_floor":[117,42,54,54,67,67,77,77,102,120,132,157,18,48,48,122,122,140,91,91,105,115,141,141,165,189,189,214,89,99,99,99,173,173,187,187,287,287,287,321,321,321,396,406,406,406,440,452,452,452,452],"floor_reached":52,"playtime":4086,"items_purged":["Injury","Strike_G","Strike_G+1"],"score":1866,"play_id":"83904a9a-d0cd-46f5-9934-0e250c062444","local_time":"20190909170608","is_ascension_mode":true,"campfire_choices":[{"data":"Tactician","floor":6.0,"key":"SMITH"},{"data":"Prepared","floor":8.0,"key":"SMITH"},{"data":"Caltrops","floor":15.0,"key":"SMITH"},{"data":"Leg Sweep","floor":24.0,"key":"SMITH"},{"floor":27.0,"key":"REST"},{"floor":32.0,"key":"REST"},{"data":"Footwork","floor":41.0,"key":"SMITH"},{"data":"Calculated Gamble","floor":45.0,"key":"SMITH"},{"data":"Burst","floor":49.0,"key":"SMITH"}],"neow_cost":"CURSE","seed_source_timestamp":405263665975900,"circlet_count":0,"master_deck":["AscendersBane","Defend_G+1","Defend_G+1","Defend_G+1","Defend_G+1","Defend_G+1","Survivor","Neutralize+1","Tactician+1","Poisoned Stab","Backstab","Prepared+1","Predator","Dagger Throw","Caltrops+1","Escape Plan+1","Burst+1","Bouncing Flask+1","Burst+1","Leg Sweep+1","Footwork+1","Crippling Poison+1","Cloak And Dagger+1","Dodge and Roll+1","Backflip","Calculated Gamble+1"],"special_seed":0,"relics":["Ring of the Snake","Gambling Chip","Oddly Smooth Stone","Blood Vial","Pen Nib","Astrolabe","Calipers","War Paint","Bag of Marbles","Dodecahedron","The Courier","Busted Crown","Ice Cream","Ginger","Boot","Question Card","Ninja Scroll"],"potions_floor_usage":[],"damage_taken":[{"damage":5.0,"enemies":"Small Slimes","floor":1.0,"turns":5.0},{"damage":3.0,"enemies":"Cultist","floor":3.0,"turns":4.0},{"damage":1.0,"enemies":"2 Louse","floor":5.0,"turns":3.0},{"damage":0.0,"enemies":"Exordium Wildlife","floor":7.0,"turns":4.0},{"damage":0.0,"enemies":"Blue Slaver","floor":10.0,"turns":3.0},{"damage":3.0,"enemies":"Large Slime","floor":11.0,"turns":7.0},{"damage":9.0,"enemies":"Lagavulin","floor":12.0,"turns":4.0},{"damage":6.0,"enemies":"Gremlin Nob","floor":14.0,"turns":3.0},{"damage":20.0,"enemies":"The Guardian","floor":16.0,"turns":13.0},{"damage":3.0,"enemies":"Shell Parasite","floor":18.0,"turns":3.0},{"damage":2.0,"enemies":"2 Thieves","floor":19.0,"turns":5.0},{"damage":2.0,"enemies":"Centurion and Healer","floor":21.0,"turns":8.0},{"damage":9.0,"enemies":"Snake Plant","floor":22.0,"turns":4.0},{"damage":24.0,"enemies":"Book of Stabbing","floor":23.0,"turns":6.0},{"damage":25.0,"enemies":"Slavers","floor":28.0,"turns":7.0},{"damage":5.0,"enemies":"Shelled Parasite and Fungi","floor":30.0,"turns":8.0},{"damage":36.0,"enemies":"Collector","floor":33.0,"turns":13.0},{"damage":0.0,"enemies":"3 Shapes","floor":35.0,"turns":5.0},{"damage":0.0,"enemies":"Mind Bloom Boss Battle","floor":37.0,"turns":10.0},{"damage":8.0,"enemies":"Giant Head","floor":40.0,"turns":10.0},{"damage":0.0,"enemies":"3 Darklings","floor":44.0,"turns":3.0},{"damage":0.0,"enemies":"Nemesis","floor":47.0,"turns":7.0},{"damage":0.0,"enemies":"Sphere and 2 Shapes","floor":48.0,"turns":6.0},{"damage":17.0,"enemies":"Donu and Deca","floor":50.0,"turns":13.0},{"damage":19,"enemies":"Time Eater","floor":51,"turns":16}],"seed_played":"-6926426967181968586","potions_obtained":[{"floor":1.0,"key":"Swift Potion"},{"floor":3.0,"key":"Fire Potion"},{"floor":22.0,"key":"Poison Potion"},{"floor":28.0,"key":"Strength Potion"},{"floor":33.0,"key":"Poison Potion"},{"floor":47.0,"key":"GhostInAJar"}],"is_trial":false,"path_per_floor":["M","$","M","?","M","R","M","R","T","M","M","E","$","E","R","B",null,"M","M","?","M","M","E","R","T","T","R","E","$","M","T","R","B",null,"M","?","?","T","?","E","R","?","T","M","R","?","E","M","R","B","B",null],"character_chosen":"THE_SILENT","items_purchased":["Caltrops"],"campfire_rested":2,"item_purchase_floors":[13],"current_hp_per_floor":[54,54,51,51,50,50,50,50,50,50,47,38,38,34,34,16,54,53,53,53,53,46,24,24,24,24,43,20,20,17,17,36,2,50,52,52,54,54,54,48,48,48,48,50,50,50,52,54,54,39,22],"gold":452,"neow_bonus":"ONE_RARE_RELIC","is_prod":false,"is_daily":false,"chose_seed":false,"campfire_upgraded":7,"win_rate":0,"timestamp":1568063168,"path_taken":["M","$","M","?","M","R","M","R","T","M","M","E","$","E","R","BOSS","M","?","?","M","M","E","R","?","T","R","E","$","M","?","R","BOSS","M","?","?","?","?","E","R","?","T","M","R","?","E","M","R","BOSS","BOSS"],"build_version":"2019-07-17","purchased_purges":3,"victory":true,"max_hp_per_floor":[66,66,66,66,66,66,66,66,66,66,66,66,66,66,66,66,66,66,66,66,66,66,66,66,66,66,66,66,66,66,66,66,66,66,66,63,63,63,63,63,63,63,63,63,63,63,63,63,63,63,63],"card_choices":[{"not_picked":["Deadly Poison","Escape Plan"],"picked":"Tactician","floor":1.0},{"not_picked":["Blade Dance","Flying Knee"],"picked":"Poisoned Stab","floor":3.0},{"not_picked":["After Image","Dagger Spray"],"picked":"Backstab","floor":5.0},{"not_picked":["Terror","Sucker Punch"],"picked":"Prepared","floor":7.0},{"not_picked":["Prepared","Slice","Infinite Blades"],"picked":"SKIP","floor":10.0},{"not_picked":["Accuracy","Blade Dance"],"picked":"Predator","floor":11.0},{"not_picked":["Acrobatics","Backstab"],"picked":"Dagger Throw","floor":12.0},{"not_picked":["Quick Slash","Poisoned Stab"],"picked":"Escape Plan","floor":14.0},{"not_picked":["Storm of Steel","Envenom"],"picked":"Burst","floor":16.0},{"not_picked":["Setup","Blade Dance"],"picked":"Leg Sweep","floor":18.0},{"not_picked":["Cloak And Dagger","Dagger Throw"],"picked":"Footwork","floor":19.0},{"not_picked":["Bouncing Flask","Slice"],"picked":"Crippling Poison+1","floor":21.0},{"not_picked":["Outmaneuver","PiercingWail","Deflect"],"picked":"SKIP","floor":22.0},{"not_picked":["Eviscerate","Predator"],"picked":"Cloak And Dagger","floor":23.0},{"not_picked":["Heel Hook","Bane"],"picked":"Dodge and Roll+1","floor":28.0},{"not_picked":["Caltrops","Cloak And Dagger","Accuracy"],"picked":"SKIP","floor":30.0},{"not_picked":[],"picked":"Backflip","floor":35.0},{"not_picked":["Bane"],"picked":"SKIP","floor":40.0},{"not_picked":["Dodge and Roll"],"picked":"Calculated Gamble","floor":44.0},{"not_picked":["Expertise+1","Wraith Form v2"],"picked":"SKIP","floor":47.0},{"not_picked":["Accuracy+1","Flying Knee"],"picked":"SKIP","floor":48.0}],"player_experience":790265,"relics_obtained":[{"floor":9.0,"key":"Oddly Smooth Stone"},{"floor":12.0,"key":"Blood Vial"},{"floor":14.0,"key":"Pen Nib"},{"floor":23.0,"key":"Calipers"},{"floor":25.0,"key":"War Paint"},{"floor":26.0,"key":"Bag of Marbles"},{"floor":28.0,"key":"Dodecahedron"},{"floor":31.0,"key":"The Courier"},{"floor":37.0,"key":"Ice Cream"},{"floor":38.0,"key":"Ginger"},{"floor":40.0,"key":"Boot"},{"floor":43.0,"key":"Question Card"},{"floor":47.0,"key":"Ninja Scroll"}],"event_choices":[{"damage_healed":0.0,"max_hp_gain":0.0,"max_hp_loss":0.0,"gold_gain":0.0,"event_name":"Accursed Blacksmith","player_choice":"Forge","floor":4.0,"gold_loss":0.0,"damage_taken":0.0,"cards_upgraded":["Neutralize"]},{"damage_healed":0.0,"max_hp_gain":0.0,"max_hp_loss":0.0,"gold_gain":0.0,"event_name":"Back to Basics","player_choice":"Simplicity","floor":20.0,"gold_loss":0.0,"damage_taken":0.0,"cards_upgraded":["Strike_G","Defend_G","Defend_G","Defend_G","Defend_G","Defend_G"]},{"damage_healed":0.0,"max_hp_gain":0.0,"max_hp_loss":3.0,"gold_gain":0.0,"event_name":"Winding Halls","player_choice":"Max HP","floor":36.0,"gold_loss":0.0,"damage_taken":0.0},{"damage_healed":0.0,"max_hp_gain":0.0,"max_hp_loss":0.0,"gold_gain":0.0,"event_name":"MindBloom","player_choice":"Fight","floor":37.0,"gold_loss":0.0,"damage_taken":0.0},{"cards_removed":["Flying Knee"],"damage_healed":0.0,"max_hp_gain":0.0,"max_hp_loss":0.0,"gold_gain":0.0,"event_name":"Falling","player_choice":"Removed Attack","floor":39.0,"gold_loss":0.0,"damage_taken":0.0},{"damage_healed":0.0,"max_hp_gain":0.0,"max_hp_loss":0.0,"gold_gain":0.0,"event_name":"SensoryStone","player_choice":"Memory 1","floor":42.0,"gold_loss":0.0,"damage_taken":0.0},{"damage_healed":0.0,"max_hp_gain":0.0,"max_hp_loss":0.0,"gold_gain":0.0,"event_name":"Mysterious Sphere","player_choice":"Ignored","floor":46.0,"gold_loss":0.0,"damage_taken":0.0}],"is_beta":false,"boss_relics":[{"not_picked":["Coffee Dripper","Tiny House"],"picked":"Astrolabe"},{"not_picked":["Empty Cage","Ring of the Serpent"],"picked":"Busted Crown"}],"items_purged_floors":[2,13,29],"is_endless":false,"potions_floor_spawned":[1,3,5,22,28,33,47],"ascension_level":20}