{"gold_per_floor":[365,132,34,45,45,45,320,338,338,338,358,375,394,414,414,512,562],"floor_reached":17,"playtime":1701,"items_purged":["Strike_R"],"score":149,"play_id":"682f82a5-e0c0-49be-9734-e2b9f10e8714","local_time":"20190901152225","is_ascension_mode":false,"campfire_choices":[{"data":"Armaments","floor":6,"key":"SMITH"},{"data":"Demon Form","floor":10,"key":"SMITH"},{"data":"Rampage","floor":15,"key":"SMITH"}],"neow_cost":"CURSE","seed_source_timestamp":1375284604273200,"circlet_count":0,"master_deck":["Strike_R","Strike_R+1","Strike_R","Strike_R","Defend_R","Defend_R","Defend_R","Defend_R","Bash","Normality","Rampage+1","Inflame","Dual Wield","Armaments+1","Twin Strike","Regret","Demon Form+1","Shrug It Off","Ghostly Armor","Twin Strike","Limit Break","Searing Blow"],"relics":["Burning Blood","Orichalcum","Tiny House"],"potions_floor_usage":[12],"damage_taken":[{"damage":15,"enemies":"Jaw Worm","floor":1,"turns":4},{"damage":4,"enemies":"Cultist","floor":4,"turns":4},{"damage":3,"enemies":"2 Louse","floor":8,"turns":4},{"damage":10,"enemies":"Exordium Thugs","floor":11,"turns":6},{"damage":12,"enemies":"Blue Slaver","floor":12,"turns":3},{"damage":4,"enemies":"2 Fungi Beasts","floor":13,"turns":3},{"damage":11,"enemies":"Looter","floor":14,"turns":4},{"damage":32,"enemies":"Slime Boss","floor":16,"turns":10}],"seed_played":"-5260456573818707857","potions_obtained":[{"floor":4,"key":"PowerPotion"},{"floor":8,"key":"FearPotion"},{"floor":12,"key":"FearPotion"},{"floor":13,"key":"Strength Potion"}],"is_trial":false,"path_per_floor":["M","$","?","M","$","R","?","M","T","R","M","M","M","M","R","B",null],"character_chosen":"IRONCLAD","items_purchased":["Inflame","Dual Wield","Armaments"],"campfire_rested":0,"item_purchase_floors":[2,2,2],"current_hp_per_floor":[71,71,71,73,73,73,73,76,76,76,72,66,68,63,63,37,85],"gold":562,"neow_bonus":"TWO_FIFTY_GOLD","is_prod":false,"is_daily":false,"chose_seed":false,"campfire_upgraded":3,"win_rate":0,"timestamp":1567376545,"path_taken":["M","$","?","M","?","R","?","M","T","R","M","M","M","?","R","BOSS"],"build_version":"2019-07-17","purchased_purges":1,"victory":false,"max_hp_per_floor":[80,80,80,80,80,80,80,80,80,80,80,80,80,80,80,80,85],"card_choices":[{"not_picked":["Pommel Strike","Body Slam"],"picked":"Rampage","floor":1},{"not_picked":["Blood for Blood","Warcry"],"picked":"Twin Strike","floor":4},{"not_picked":["Second Wind","Pommel Strike"],"picked":"Demon Form","floor":8},{"not_picked":["Iron Wave","Reckless Charge","Sword Boomerang"],"picked":"SKIP","floor":11},{"not_picked":["Shockwave","True Grit"],"picked":"Shrug It Off","floor":12},{"not_picked":["Twin Strike","Rupture"],"picked":"Ghostly Armor","floor":13},{"not_picked":["Dual Wield","Clash"],"picked":"Twin Strike","floor":14},{"not_picked":["Fiend Fire","Juggernaut"],"picked":"Limit Break","floor":16},{"not_picked":["Anger","Flex"],"picked":"Searing Blow","floor":17}],"player_experience":67645,"relics_obtained":[],"event_choices":[{"damage_healed":0,"gold_gain":0,"player_choice":"Paid Gold","damage_taken":0,"relics_obtained":["Orichalcum"],"max_hp_gain":0,"max_hp_loss":0,"event_name":"WeMeetAgain","floor":3,"gold_loss":98},{"damage_healed":0,"gold_gain":275,"player_choice":"Desecrate","damage_taken":0,"max_hp_gain":0,"max_hp_loss":0,"event_name":"Golden Shrine","floor":7,"gold_loss":0,"cards_obtained":["Regret"]}],"is_beta":false,"boss_relics":[{"not_picked":["Lizard Tail","Snecko Eye"],"picked":"Tiny House"}],"items_purged_floors":[2],"is_endless":false,"potions_floor_spawned":[4,8,12,13,16],"ascension_level":0}