{"gold_per_floor":[113,129,148,62,62,62,93,113,168,168,168,243,269,284,284,284],"floor_reached":16,"playtime":382,"items_purged":[],"score":220,"play_id":"39c44baa-d2a1-4dc2-9ac3-1a9c5c60b838","local_time":"20190704143949","is_ascension_mode":true,"campfire_choices":[{"data":"Cleave","floor":6.0,"key":"SMITH"},{"data":"Corruption","floor":11.0,"key":"SMITH"},{"data":"Uppercut","floor":15.0,"key":"SMITH"}],"neow_cost":"NONE","seed_source_timestamp":704604614611500,"circlet_count":0,"master_deck":["AscendersBane","Strike_R","Strike_R","Strike_R","Strike_R+1","Strike_R","Defend_R","Defend_R","Defend_R","Defend_R","Bash+1","True Grit","Cleave+1","Pommel Strike","Reaper","Corruption+1","Uppercut+1"],"special_seed":0,"relics":["Burning Blood","Pear","Dream Catcher","Art of War"],"potions_floor_usage":[16],"damage_taken":[{"damage":14.0,"enemies":"2 Louse","floor":1.0,"turns":3.0},{"damage":2.0,"enemies":"Small Slimes","floor":2.0,"turns":4.0},{"damage":2.0,"enemies":"Jaw Worm","floor":3.0,"turns":5.0},{"damage":29.0,"enemies":"Gremlin Nob","floor":7.0,"turns":4.0},{"damage":1.0,"enemies":"Looter","floor":8.0,"turns":3.0},{"damage":40.0,"enemies":"Lagavulin","floor":13.0,"turns":8.0},{"damage":9.0,"enemies":"Blue Slaver","floor":14.0,"turns":3.0},{"damage":26,"enemies":"Hexaghost","floor":16,"turns":7}],"seed_played":"-9149787785321957534","potions_obtained":[{"floor":1.0,"key":"Regen Potion"},{"floor":2.0,"key":"Energy Potion"},{"floor":13.0,"key":"Energy Potion"},{"floor":14.0,"key":"Explosive Potion"}],"is_trial":false,"path_per_floor":["M","M","M","$","?","R","E","M","T","?","R","?","E","M","R","B"],"character_chosen":"IRONCLAD","items_purchased":["Reaper"],"campfire_rested":0,"item_purchase_floors":[4],"current_hp_per_floor":[67,71,75,75,50,50,41,46,46,46,46,35,22,19,19,0],"gold":284,"neow_bonus":"TEN_PERCENT_HP_BONUS","is_prod":false,"is_daily":false,"chose_seed":false,"campfire_upgraded":3,"win_rate":0,"timestamp":1562276389,"path_taken":["M","M","M","$","?","R","E","M","T","?","R","?","E","M","R","BOSS"],"build_version":"2019-07-01","purchased_purges":0,"victory":false,"max_hp_per_floor":[82,82,82,82,82,82,92,92,92,92,92,92,92,92,92,92],"card_choices":[{"not_picked":["Second Wind","Havoc"],"picked":"True Grit","floor":1.0},{"not_picked":["Shrug It Off","True Grit"],"picked":"Cleave","floor":2.0},{"not_picked":["True Grit","Flex"],"picked":"Pommel Strike","floor":3.0},{"not_picked":["Shrug It Off","Perfected Strike"],"picked":"Corruption","floor":7.0},{"not_picked":["Heavy Blade","Armaments","Wild Strike"],"picked":"SKIP","floor":8.0},{"not_picked":["Barricade","Dual Wield","Iron Wave"],"picked":"SKIP","floor":13.0},{"not_picked":["Havoc","Twin Strike"],"picked":"Uppercut","floor":14.0}],"player_experience":649590,"relics_obtained":[{"floor":7.0,"key":"Pear"},{"floor":9.0,"key":"Dream Catcher"},{"floor":13.0,"key":"Art of War"}],"event_choices":[{"damage_healed":0.0,"max_hp_gain":0.0,"max_hp_loss":0.0,"gold_gain":0.0,"event_name":"Shining Light","player_choice":"Entered Light","floor":5.0,"gold_loss":0.0,"damage_taken":25.0,"cards_upgraded":["Bash","Strike_R"]},{"damage_healed":0.0,"max_hp_gain":0.0,"max_hp_loss":0.0,"gold_gain":0.0,"event_name":"Liars Game","player_choice":"Ignored","floor":10.0,"gold_loss":0.0,"damage_taken":0.0},{"damage_healed":0.0,"max_hp_gain":0.0,"max_hp_loss":0.0,"gold_gain":75.0,"event_name":"World of Goop","player_choice":"Gather Gold","floor":12.0,"gold_loss":0.0,"damage_taken":11.0}],"is_beta":false,"boss_relics":[],"items_purged_floors":[],"is_endless":false,"potions_floor_spawned":[1,2,8,13,14],"killed_by":"Hexaghost","ascension_level":20}