{"gold_per_floor":[113,113,127,127,127,127,152,222,222,235,185,185,198,223,223,354,354,348,348,367,448,466,466,565,565,565,578,597,650,210,229,229,358,358,371,371,8,22,22,22,36,61,61,61,61,84,84,84,84,84],"floor_reached":51,"playtime":4713,"items_purged":["Strike_G"],"score":589,"play_id":"bac9a944-f91f-477b-b2d7-5117f9260973","local_time":"20190823122435","is_ascension_mode":false,"campfire_choices":[{"data":"Flechettes","floor":6,"key":"SMITH"},{"floor":12,"key":"REST"},{"floor":15,"key":"REST"},{"data":"Backflip","floor":23,"key":"SMITH"},{"data":"Backflip","floor":32,"key":"SMITH"},{"data":"Defend_G","floor":40,"key":"PURGE"},{"floor":44,"key":"REST"},{"data":"Strike_G+1","floor":47,"key":"PURGE"},{"data":"Defend_G+1","floor":49,"key":"PURGE"}],"neow_cost":"NONE","seed_source_timestamp":85584059677900,"circlet_count":0,"master_deck":["Strike_G+1","Strike_G+1","Strike_G+1","Defend_G+1","Defend_G+1","Defend_G+1","Survivor+1","Neutralize+1","Flechettes+1","Footwork+1","Poisoned Stab+1","PiercingWail+1","Dodge and Roll+1","Finisher+1","Backflip+1","Die Die Die+1","Deadly Poison+1","Dagger Throw+1","Crippling Poison+1","Concentrate+1","Well Laid Plans+1","Backflip+1","Envenom+1","Calculated Gamble+1","Accuracy+1","Poisoned Stab+1","Quick Slash+1","Outmaneuver+1","Escape Plan"],"relics":["Ring of the Snake","Bag of Preparation","War Paint","Golden Idol","Peace Pipe","Potion Belt","Runic Dome","Pear","Enchiridion","Orichalcum","Centennial Puzzle","Lee\u0027s Waffle","Anchor","Fusion Hammer","ClockworkSouvenir","Dream Catcher","Gambling Chip","Mark of the Bloom","Letter Opener"],"potions_floor_usage":[16,16,16,16,28,50,50,50],"damage_taken":[{"damage":0,"enemies":"Jaw Worm","floor":1,"turns":4},{"damage":0,"enemies":"2 Louse","floor":3,"turns":2},{"damage":0,"enemies":"Small Slimes","floor":7,"turns":1},{"damage":28,"enemies":"3 Sentries","floor":8,"turns":12},{"damage":7,"enemies":"Looter","floor":10,"turns":3},{"damage":1,"enemies":"2 Fungi Beasts","floor":13,"turns":4},{"damage":0,"enemies":"Exordium Wildlife","floor":14,"turns":5},{"damage":21,"enemies":"Slime Boss","floor":16,"turns":15},{"damage":0,"enemies":"2 Thieves","floor":18,"turns":4},{"damage":4,"enemies":"Spheric Guardian","floor":20,"turns":6},{"damage":11,"enemies":"Centurion and Healer","floor":22,"turns":8},{"damage":0,"enemies":"Snecko","floor":27,"turns":6},{"damage":12,"enemies":"3 Cultists","floor":28,"turns":6},{"damage":6,"enemies":"Centurion and Healer","floor":31,"turns":5},{"damage":74,"enemies":"Champ","floor":33,"turns":23},{"damage":0,"enemies":"Orb Walker","floor":35,"turns":4},{"damage":2,"enemies":"3 Darklings","floor":38,"turns":7},{"damage":23,"enemies":"Maw","floor":41,"turns":6},{"damage":0,"enemies":"4 Shapes","floor":42,"turns":7},{"damage":1,"enemies":"Transient","floor":46,"turns":5},{"damage":72,"enemies":"Time Eater","floor":50,"turns":12}],"seed_played":"7827968242376691261","potions_obtained":[{"floor":1,"key":"SkillPotion"},{"floor":3,"key":"PowerPotion"},{"floor":10,"key":"Block Potion"},{"floor":13,"key":"PowerPotion"},{"floor":16,"key":"Strength Potion"},{"floor":20,"key":"Regen Potion"},{"floor":31,"key":"GamblersBrew"},{"floor":33,"key":"GhostInAJar"},{"floor":41,"key":"PowerPotion"},{"floor":46,"key":"Poison Potion"}],"is_trial":false,"path_per_floor":["M","?","M","?","?","R","M","?","T","M","?","R","M","M","R","B",null,"M","?","M","T","M","R","?","?","T","M","M","T","$","M","R","B",null,"M","?","$","M","$","R","M","M","T","R","?","M","R","T","R","B",null],"character_chosen":"THE_SILENT","items_purchased":["Lee\u0027s Waffle","Anchor","ClockworkSouvenir","Dream Catcher"],"campfire_rested":3,"item_purchase_floors":[30,30,37,37],"current_hp_per_floor":[70,70,70,70,53,53,53,25,25,18,18,39,38,38,59,38,70,70,70,66,76,65,65,65,49,49,49,52,52,87,81,81,7,87,87,83,83,81,81,81,58,58,58,82,82,81,81,81,81,9],"gold":84,"neow_bonus":"RANDOM_COMMON_RELIC","is_prod":false,"is_daily":false,"chose_seed":false,"campfire_upgraded":3,"win_rate":0.0,"timestamp":1566581075,"path_taken":["M","?","M","?","?","R","M","?","T","M","?","R","M","?","R","BOSS","M","?","M","?","M","R","?","?","T","M","M","?","$","M","R","BOSS","M","?","$","M","$","R","M","M","T","R","?","M","R","?","R","BOSS"],"build_version":"2019-07-17","purchased_purges":1,"victory":true,"max_hp_per_floor":[70,70,70,70,70,70,70,70,70,70,70,70,70,70,70,70,70,70,70,70,80,80,80,80,80,80,80,80,80,87,87,87,87,87,87,83,83,83,83,83,83,83,83,83,83,83,83,83,83,83],"card_choices":[{"not_picked":["Expertise","Poisoned Stab"],"picked":"Flechettes","floor":1},{"not_picked":["Deadly Poison","Accuracy"],"picked":"Footwork","floor":3},{"not_picked":["Dagger Throw","Flying Knee"],"picked":"Poisoned Stab","floor":7},{"not_picked":["Dagger Throw","Setup"],"picked":"PiercingWail","floor":8},{"not_picked":["Predator","Poisoned Stab"],"picked":"Dodge and Roll","floor":10},{"not_picked":["Sucker Punch","Underhanded Strike"],"picked":"Finisher","floor":13},{"not_picked":["Endless Agony","Crippling Poison"],"picked":"Backflip","floor":14},{"not_picked":["Burst","Storm of Steel"],"picked":"Die Die Die","floor":16},{"not_picked":["Dagger Spray","Heel Hook"],"picked":"Deadly Poison","floor":18},{"not_picked":["Poisoned Stab","Flying Knee"],"picked":"Dagger Throw+1","floor":20},{"not_picked":["Flying Knee+1","Terror"],"picked":"Crippling Poison","floor":22},{"not_picked":["Infinite Blades","Terror"],"picked":"Concentrate","floor":27},{"not_picked":["Dodge and Roll","PiercingWail"],"picked":"Well Laid Plans+1","floor":28},{"not_picked":["PiercingWail","Sucker Punch+1"],"picked":"Backflip","floor":31},{"not_picked":["Phantasmal Killer","Unload"],"picked":"Envenom","floor":33},{"not_picked":["Slice","Blade Dance+1"],"picked":"Calculated Gamble","floor":35},{"not_picked":["PiercingWail","All Out Attack+1"],"picked":"Accuracy","floor":38},{"not_picked":["Quick Slash+1","Underhanded Strike+1"],"picked":"Poisoned Stab+1","floor":41},{"not_picked":["Poisoned Stab","Dagger Spray"],"picked":"Quick Slash+1","floor":42},{"not_picked":["Terror+1","Dagger Throw"],"picked":"Outmaneuver","floor":44},{"not_picked":["Deadly Poison","Cloak And Dagger+1"],"picked":"Escape Plan","floor":46}],"player_experience":188276,"relics_obtained":[{"floor":8,"key":"Peace Pipe"},{"floor":9,"key":"Potion Belt"},{"floor":21,"key":"Pear"},{"floor":25,"key":"Enchiridion"},{"floor":26,"key":"Orichalcum"},{"floor":29,"key":"Centennial Puzzle"},{"floor":43,"key":"Gambling Chip"},{"floor":48,"key":"Letter Opener"}],"event_choices":[{"damage_healed":0,"gold_gain":0,"player_choice":"Box","damage_taken":0,"relics_obtained":["War Paint"],"max_hp_gain":0,"max_hp_loss":0,"event_name":"Big Fish","floor":2,"gold_loss":0,"cards_obtained":["Regret"]},{"damage_healed":0,"gold_gain":0,"player_choice":"Grow","damage_taken":0,"max_hp_gain":0,"max_hp_loss":0,"event_name":"Living Wall","floor":4,"gold_loss":0,"cards_upgraded":["Footwork"]},{"damage_healed":0,"gold_gain":0,"player_choice":"Take Damage","damage_taken":17,"relics_obtained":["Golden Idol"],"max_hp_gain":0,"max_hp_loss":0,"event_name":"Golden Idol","floor":5,"gold_loss":0},{"damage_healed":0,"gold_gain":0,"player_choice":"Searched \u00271\u0027 times","damage_taken":0,"max_hp_gain":0,"max_hp_loss":0,"event_name":"Dead Adventurer","floor":8,"gold_loss":0},{"cards_removed":["Regret"],"damage_healed":0,"gold_gain":0,"player_choice":"Card Removal","damage_taken":0,"max_hp_gain":0,"max_hp_loss":0,"event_name":"The Cleric","floor":11,"gold_loss":50},{"damage_healed":0,"gold_gain":0,"player_choice":"Ignored","damage_taken":0,"max_hp_gain":0,"max_hp_loss":0,"event_name":"Ghosts","floor":19,"gold_loss":0},{"damage_healed":0,"gold_gain":99,"player_choice":"Stole From Cult","damage_taken":0,"max_hp_gain":0,"max_hp_loss":0,"event_name":"Nest","floor":24,"gold_loss":0},{"damage_healed":0,"gold_gain":0,"player_choice":"Obtained Book","damage_taken":16,"max_hp_gain":0,"max_hp_loss":0,"event_name":"Cursed Tome","floor":25,"gold_loss":0},{"damage_healed":0,"gold_gain":0,"player_choice":"Max HP","damage_taken":0,"max_hp_gain":0,"max_hp_loss":4,"event_name":"Winding Halls","floor":36,"gold_loss":0},{"damage_healed":0,"gold_gain":0,"player_choice":"Upgrade","damage_taken":0,"relics_obtained":["Mark of the Bloom"],"max_hp_gain":0,"max_hp_loss":0,"event_name":"MindBloom","floor":45,"gold_loss":0,"cards_upgraded":["Strike_G","Strike_G","Strike_G","Strike_G","Defend_G","Defend_G","Survivor","Neutralize","Poisoned Stab","PiercingWail","Dodge and Roll","Finisher","Die Die Die","Deadly Poison","Crippling Poison","Concentrate","Envenom","Calculated Gamble","Accuracy","Outmaneuver"]}],"is_beta":false,"boss_relics":[{"not_picked":["Orrery","Calling Bell"],"picked":"Runic Dome"},{"not_picked":["Astrolabe","Eternal Feather"],"picked":"Fusion Hammer"}],"items_purged_floors":[30],"is_endless":false,"potions_floor_spawned":[1,3,10,13,16,20,31,33,41,46],"ascension_level":0}