{"gold_per_floor":[119,119,99,99,117,117,142,162,162,174,184,184,184,13,13,114,114,133,12,25,49,67,67,98,98,149,165,165,183,183,213,213,317,317,337,356,373,49,0,0,19,19,19,32,32,42,42,57,57,57],"floor_reached":51,"playtime":6730,"items_purged":["Parasite"],"score":689,"play_id":"8a3fa7fc-d11e-48e3-a96f-4a8a6d2c5763","local_time":"20190909230707","is_ascension_mode":false,"campfire_choices":[{"data":"Iron Wave","floor":6,"key":"SMITH"},{"data":"Armaments","floor":15,"key":"SMITH"},{"data":"Sword Boomerang","floor":23,"key":"SMITH"},{"floor":25,"key":"REST"},{"data":"Discovery","floor":28,"key":"SMITH"},{"floor":32,"key":"REST"},{"floor":40,"key":"REST"},{"data":"Flame Barrier","floor":49,"key":"SMITH"}],"neow_cost":"NONE","seed_source_timestamp":398177388475360,"circlet_count":0,"master_deck":["Strike_R+1","Strike_R","Strike_R","Strike_R","Defend_R","Defend_R","Defend_R","Bash+1","Feel No Pain","Iron Wave+1","Flame Barrier+1","Pommel Strike","Armaments+1","Sword Boomerang","Discovery+1","Feed","Uppercut+1","Inflame","Madness","Ghostly Armor","Sword Boomerang+1","Pommel Strike","Clothesline+1","Metallicize","Barricade","Sword Boomerang+1","Impervious+1","Reaper+1","Twin Strike+1","True Grit+1","Cleave+1","Finesse+1","Sadistic Nature","Entrench+1","Good Instincts+1","Clothesline+1","Uppercut+1","Doubt","Intimidate+1"],"relics":["Burning Blood","Letter Opener","Kunai","Velvet Choker","Red Skull","Orichalcum","Regal Pillow","Nilry\u0027s Codex","Toxic Egg 2","Astrolabe","Red Mask","Paper Frog"],"potions_floor_usage":[16,16,24,33,33,36,50,50,50],"damage_taken":[{"damage":11,"enemies":"Jaw Worm","floor":1,"turns":2},{"damage":5,"enemies":"Small Slimes","floor":5,"turns":3},{"damage":26,"enemies":"3 Sentries","floor":7,"turns":10},{"damage":7,"enemies":"2 Louse","floor":8,"turns":3},{"damage":7,"enemies":"Exordium Wildlife","floor":10,"turns":3},{"damage":12,"enemies":"Large Slime","floor":11,"turns":6},{"damage":52,"enemies":"Hexaghost","floor":16,"turns":7},{"damage":9,"enemies":"Chosen","floor":18,"turns":5},{"damage":11,"enemies":"Spheric Guardian","floor":20,"turns":4},{"damage":22,"enemies":"Snake Plant","floor":22,"turns":4},{"damage":17,"enemies":"Slavers","floor":24,"turns":5},{"damage":0,"enemies":"Centurion and Healer","floor":27,"turns":7},{"damage":18,"enemies":"Cultist and Chosen","floor":29,"turns":6},{"damage":26,"enemies":"Book of Stabbing","floor":31,"turns":6},{"damage":59,"enemies":"Automaton","floor":33,"turns":12},{"damage":12,"enemies":"Orb Walker","floor":35,"turns":5},{"damage":39,"enemies":"3 Shapes","floor":36,"turns":4},{"damage":33,"enemies":"Transient","floor":37,"turns":5},{"damage":49,"enemies":"4 Shapes","floor":41,"turns":7},{"damage":47,"enemies":"Sphere and 2 Shapes","floor":44,"turns":6},{"damage":0,"enemies":"Transient","floor":46,"turns":5},{"damage":22,"enemies":"Spire Growth","floor":48,"turns":5},{"damage":88,"enemies":"Awakened One","floor":50,"turns":11}],"seed_played":"61781818649928331","potions_obtained":[{"floor":1,"key":"Strength Potion"},{"floor":10,"key":"LiquidBronze"},{"floor":11,"key":"Explosive Potion"},{"floor":22,"key":"FearPotion"},{"floor":24,"key":"Block Potion"},{"floor":33,"key":"Explosive Potion"},{"floor":44,"key":"SpeedPotion"},{"floor":48,"key":"BloodPotion"}],"is_trial":false,"path_per_floor":["M","?","?","?","M","R","E","M","T","M","M","?","?","$","R","B",null,"M","$","M","T","M","R","E","R","T","M","R","M","?","E","R","B",null,"M","M","M","$","?","R","M","?","T","M","$","M","?","M","R","B",null],"character_chosen":"IRONCLAD","items_purchased":["Discovery","Inflame","Madness","Finesse+1","Sadistic Nature","Ancient Potion"],"campfire_rested":3,"item_purchase_floors":[14,19,19,38,38,38],"current_hp_per_floor":[75,75,75,75,76,76,56,55,55,54,48,68,80,77,77,31,77,74,74,72,72,56,56,48,72,72,82,82,70,54,34,75,22,87,87,64,44,44,44,85,42,42,42,9,9,15,87,71,71,34],"gold":57,"neow_bonus":"UPGRADE_CARD","is_prod":false,"is_daily":false,"chose_seed":false,"campfire_upgraded":5,"win_rate":0.0,"timestamp":1568063227,"path_taken":["M","?","?","?","M","R","E","M","T","?","M","?","?","?","R","BOSS","M","$","M","?","?","R","E","R","T","M","R","M","?","E","R","BOSS","M","M","M","$","?","R","M","?","T","M","?","?","?","M","R","BOSS"],"build_version":"2019-07-17","purchased_purges":1,"victory":true,"max_hp_per_floor":[80,80,80,80,80,80,80,80,80,80,80,80,80,77,77,77,77,77,77,80,80,80,80,83,83,83,87,87,87,87,87,87,87,87,87,87,87,87,87,87,87,87,87,87,87,87,87,87,87,90],"card_choices":[{"not_picked":["Uppercut","Warcry"],"picked":"Feel No Pain","floor":1},{"not_picked":["Blood for Blood","Cleave"],"picked":"Iron Wave","floor":5},{"not_picked":["Clash","Dropkick"],"picked":"Flame Barrier","floor":7},{"not_picked":["True Grit","Twin Strike"],"picked":"Pommel Strike","floor":8},{"not_picked":["Inflame","Reckless Charge"],"picked":"Armaments","floor":10},{"not_picked":["True Grit","Combust"],"picked":"Sword Boomerang","floor":11},{"not_picked":["Dark Embrace","Brutality"],"picked":"Feed","floor":16},{"not_picked":["Armaments","Thunderclap+1"],"picked":"Uppercut+1","floor":18},{"not_picked":["Body Slam+1","Dual Wield"],"picked":"Ghostly Armor","floor":20},{"not_picked":["Flex","Dropkick+1"],"picked":"Sword Boomerang","floor":22},{"not_picked":["Corruption","Flex"],"picked":"Pommel Strike","floor":24},{"not_picked":["Uppercut","Anger"],"picked":"Clothesline+1","floor":27},{"not_picked":["Sever Soul","Anger"],"picked":"Metallicize","floor":29},{"not_picked":["Sword Boomerang","Iron Wave"],"picked":"Warcry+1","floor":31},{"not_picked":["Fiend Fire","Offering+1"],"picked":"Barricade","floor":33},{"not_picked":["Body Slam","Corruption+1"],"picked":"Twin Strike+1","floor":35},{"not_picked":["Headbutt+1","Warcry+1"],"picked":"True Grit+1","floor":36},{"not_picked":["Inflame","Perfected Strike+1"],"picked":"Cleave+1","floor":37},{"not_picked":["Sword Boomerang+1","Feel No Pain+1"],"picked":"Entrench+1","floor":41},{"not_picked":["Deep Breath+1","Panache"],"picked":"Good Instincts+1","floor":42},{"not_picked":["Perfected Strike","Burning Pact+1"],"picked":"Clothesline+1","floor":44},{"not_picked":["Cleave","Thunderclap+1"],"picked":"Uppercut+1","floor":46},{"not_picked":["Twin Strike","Clash"],"picked":"Intimidate+1","floor":48}],"player_experience":3155,"relics_obtained":[{"floor":7,"key":"Letter Opener"},{"floor":9,"key":"Kunai"},{"floor":21,"key":"Red Skull"},{"floor":24,"key":"Orichalcum"},{"floor":26,"key":"Regal Pillow"},{"floor":30,"key":"Nilry\u0027s Codex"},{"floor":31,"key":"Toxic Egg 2"},{"floor":43,"key":"Paper Frog"}],"event_choices":[{"damage_healed":0,"gold_gain":0,"player_choice":"Ignored","damage_taken":0,"max_hp_gain":0,"max_hp_loss":0,"event_name":"Liars Game","floor":2,"gold_loss":0},{"damage_healed":0,"gold_gain":0,"player_choice":"Left Gold","damage_taken":0,"max_hp_gain":0,"max_hp_loss":0,"event_name":"World of Goop","floor":3,"gold_loss":20},{"damage_healed":0,"gold_gain":0,"player_choice":"Grow","damage_taken":0,"max_hp_gain":0,"max_hp_loss":0,"event_name":"Living Wall","floor":4,"gold_loss":0,"cards_upgraded":["Bash"]},{"damage_healed":20,"gold_gain":0,"player_choice":"Healed and dodged fight","damage_taken":0,"max_hp_gain":0,"max_hp_loss":0,"event_name":"Mushrooms","floor":12,"gold_loss":0,"cards_obtained":["Parasite"]},{"damage_healed":26,"gold_gain":0,"player_choice":"Banana","damage_taken":0,"max_hp_gain":0,"max_hp_loss":0,"event_name":"Big Fish","floor":13,"gold_loss":0},{"damage_healed":0,"gold_gain":0,"player_choice":"Obtained Book","damage_taken":16,"max_hp_gain":0,"max_hp_loss":0,"event_name":"Cursed Tome","floor":30,"gold_loss":0},{"damage_healed":0,"gold_gain":0,"player_choice":"Paid","damage_taken":0,"relics_obtained":["Red Mask"],"max_hp_gain":0,"max_hp_loss":0,"event_name":"Tomb of Lord Red Mask","floor":39,"gold_loss":49},{"damage_healed":0,"gold_gain":0,"player_choice":"Memory 1","damage_taken":0,"max_hp_gain":0,"max_hp_loss":0,"event_name":"SensoryStone","floor":42,"gold_loss":0},{"damage_healed":72,"gold_gain":0,"player_choice":"Heal","damage_taken":0,"max_hp_gain":0,"max_hp_loss":0,"event_name":"MindBloom","floor":47,"gold_loss":0,"cards_obtained":["Doubt"]}],"is_beta":false,"boss_relics":[{"not_picked":["Lizard Tail","Philosopher\u0027s Stone"],"picked":"Velvet Choker"},{"not_picked":["Empty Cage","Calling Bell"],"picked":"Astrolabe"}],"items_purged_floors":[14],"is_endless":false,"potions_floor_spawned":[1,10,11,22,24,33,44,48],"ascension_level":0}