{"gold_per_floor":[111,111,125,125,0,27,27,45,45,57,82,82,82,106,106,209,209,229,244,256,256,276,309,41,76,76,90,90,5,17,48,60,174,186,214,243,255,281,306,346,368,408,420,467,498,610,640,665,677,689,701,713,90,120,120],"floor_reached":56,"playtime":3707,"items_purged":["Defend_R","Strike_R","Perfected Strike"],"score":1911,"play_id":"4c90254d-98dd-42df-b77f-ec26d2563023","local_time":"20190718133718","is_ascension_mode":true,"campfire_choices":[{"data":"Shrug It Off","floor":7.0,"key":"SMITH"},{"data":"Spot Weakness","floor":15.0,"key":"SMITH"},{"data":"Double Tap","floor":28.0,"key":"SMITH"},{"data":"Bash","floor":32.0,"key":"SMITH"},{"floor":49.0,"key":"RECALL"},{"data":"Dual Wield","floor":52.0,"key":"SMITH"}],"neow_cost":"NONE","seed_source_timestamp":0,"circlet_count":0,"master_deck":["AscendersBane","Defend_R+1","Defend_R","Defend_R+1","Bash+1","Twin Strike","Spot Weakness+1","Shrug It Off+1","Shrug It Off","Whirlwind","Corruption+1","Dark Embrace+1","Disarm+1","Feel No Pain+1","Necronomicurse","Double Tap+1","Feel No Pain+1","Magnetism+1","Metallicize+1","Bite+1","Bite+1","Bite+1","Bite+1","Bite+1","Double Tap","Uppercut+1","Feel No Pain+1","True Grit+1","Dual Wield+1","Shrug It Off","Feel No Pain+1","Pummel+1","Sentinel+1","Shrug It Off+1","Inflame+1","Sadistic Nature+1","Deep Breath","Sentinel+1"],"special_seed":0,"relics":["Burning Blood","War Paint","Frozen Egg 2","Singing Bowl","Mummified Hand","Centennial Puzzle","Sozu","Necronomicon","Self Forming Clay","Omamori","Molten Egg 2","MawBank","Coffee Dripper","Art of War","Orichalcum","Vajra","Incense Burner","Pen Nib","Bottled Tornado"],"potions_floor_usage":[],"damage_taken":[{"damage":0.0,"enemies":"2 Louse","floor":1.0,"turns":3.0},{"damage":7.0,"enemies":"Jaw Worm","floor":3.0,"turns":4.0},{"damage":32.0,"enemies":"Lagavulin","floor":6.0,"turns":6.0},{"damage":0.0,"enemies":"Cultist","floor":8.0,"turns":3.0},{"damage":14.0,"enemies":"Looter","floor":10.0,"turns":3.0},{"damage":34.0,"enemies":"Gremlin Nob","floor":11.0,"turns":4.0},{"damage":10.0,"enemies":"Hexaghost","floor":16.0,"turns":9.0},{"damage":1.0,"enemies":"Chosen","floor":18.0,"turns":4.0},{"damage":12.0,"enemies":"Spheric Guardian","floor":19.0,"turns":4.0},{"damage":7.0,"enemies":"Snake Plant","floor":20.0,"turns":4.0},{"damage":4.0,"enemies":"Centurion and Healer","floor":22.0,"turns":4.0},{"damage":16.0,"enemies":"Book of Stabbing","floor":23.0,"turns":5.0},{"damage":21.0,"enemies":"Slavers","floor":25.0,"turns":4.0},{"damage":2.0,"enemies":"Snecko","floor":27.0,"turns":4.0},{"damage":22.0,"enemies":"Sentry and Sphere","floor":31.0,"turns":6.0},{"damage":14.0,"enemies":"Champ","floor":33.0,"turns":9.0},{"damage":0.0,"enemies":"3 Shapes","floor":35.0,"turns":2.0},{"damage":4.0,"enemies":"Orb Walker","floor":36.0,"turns":3.0},{"damage":1.0,"enemies":"Spire Growth","floor":38.0,"turns":4.0},{"damage":30.0,"enemies":"Jaw Worm Horde","floor":39.0,"turns":4.0},{"damage":29.0,"enemies":"Reptomancer","floor":40.0,"turns":5.0},{"damage":34.0,"enemies":"3 Darklings","floor":41.0,"turns":4.0},{"damage":4.0,"enemies":"Giant Head","floor":42.0,"turns":5.0},{"damage":3.0,"enemies":"Reptomancer","floor":44.0,"turns":6.0},{"damage":11.0,"enemies":"4 Shapes","floor":45.0,"turns":3.0},{"damage":0.0,"enemies":"Mind Bloom Boss Battle","floor":46.0,"turns":5.0},{"damage":40.0,"enemies":"Sphere and 2 Shapes","floor":47.0,"turns":5.0},{"damage":1.0,"enemies":"Writhing Mass","floor":48.0,"turns":6.0},{"damage":18.0,"enemies":"Donu and Deca","floor":50.0,"turns":5.0},{"damage":0.0,"enemies":"Shield and Spear","floor":54.0,"turns":4.0},{"damage":6,"enemies":"The Heart","floor":55,"turns":8}],"seed_played":"8016199427947937321","potions_obtained":[{"floor":3.0,"key":"PowerPotion"},{"floor":6.0,"key":"Dexterity Potion"},{"floor":11.0,"key":"Poison Potion"}],"is_trial":false,"path_per_floor":["M","?","M","?","$","E","R","M","T","M","E","?","?","T","R","B",null,"M","M","M","?","M","E","$","E","T","M","R","?","?","M","R","B",null,"M","M","?","M","M","E","M","E","T","E","M","?","M","M","R","B",null,"R","$","E","B",null],"character_chosen":"IRONCLAD","items_purchased":["Perfected Strike","Magnetism+1","Inflame+1","Pen Nib","Sadistic Nature+1","Deep Breath"],"campfire_rested":0,"item_purchase_floors":[5,24,53,53,53,53],"current_hp_per_floor":[78,78,77,77,77,51,51,57,57,49,21,14,19,19,19,15,68,73,67,68,52,54,44,44,31,31,35,35,35,35,48,48,64,64,66,66,66,66,65,48,29,54,54,70,70,70,47,66,66,72,72,72,72,72,72],"gold":120,"neow_bonus":"RANDOM_COMMON_RELIC","is_prod":false,"is_daily":false,"chose_seed":false,"campfire_upgraded":5,"win_rate":0,"timestamp":1563482238,"path_taken":["M","?","M","?","$","E","R","M","T","?","E","?","?","?","R","BOSS","M","M","?","?","M","E","$","E","T","M","R","?","?","M","R","BOSS","M","M","?","M","?","E","M","E","T","E","M","?","M","M","R","BOSS","R","$","E","BOSS"],"build_version":"2019-07-17","purchased_purges":3,"victory":true,"max_hp_per_floor":[80,80,80,80,80,80,80,80,80,80,80,80,85,85,85,85,85,85,85,87,87,87,87,87,89,89,89,89,89,62,64,64,64,64,66,66,66,66,68,68,68,70,70,70,70,70,70,72,72,72,72,72,72,72,72],"card_choices":[{"not_picked":["Headbutt","Iron Wave"],"picked":"Twin Strike","floor":1.0},{"not_picked":["Reckless Charge","Sword Boomerang"],"picked":"Spot Weakness","floor":3.0},{"not_picked":["Sentinel","Bludgeon"],"picked":"Shrug It Off","floor":6.0},{"not_picked":["Clash","Headbutt"],"picked":"Shrug It Off","floor":8.0},{"not_picked":["Pommel Strike","True Grit"],"picked":"Whirlwind","floor":10.0},{"not_picked":["Wild Strike","Twin Strike"],"picked":"Corruption+1","floor":11.0},{"not_picked":["Double Tap","Brutality+1"],"picked":"Dark Embrace+1","floor":16.0},{"not_picked":["Pommel Strike+1","Combust+1"],"picked":"Disarm+1","floor":18.0},{"not_picked":["Clash+1","Pummel+1"],"picked":"Feel No Pain+1","floor":19.0},{"not_picked":["Body Slam","Armaments+1","Searing Blow"],"picked":"Singing Bowl","floor":20.0},{"not_picked":["Rampage","Warcry"],"picked":"Double Tap","floor":22.0},{"not_picked":["Perfected Strike","Anger"],"picked":"Feel No Pain+1","floor":23.0},{"not_picked":["Limit Break","Headbutt","Brutality+1"],"picked":"Singing Bowl","floor":25.0},{"not_picked":["Ghostly Armor","Clash+1"],"picked":"Metallicize+1","floor":27.0},{"not_picked":["Headbutt+1","Body Slam+1","Hemokinesis+1"],"picked":"Singing Bowl","floor":31.0},{"not_picked":["Immolate+1","Bludgeon+1"],"picked":"Double Tap","floor":33.0},{"not_picked":["Clash+1","Sword Boomerang+1","Headbutt+1"],"picked":"Singing Bowl","floor":35.0},{"not_picked":["True Grit+1","Disarm+1"],"picked":"Uppercut+1","floor":36.0},{"not_picked":["Shockwave","Clothesline+1"],"picked":"True Grit+1","floor":38.0},{"not_picked":["Infernal Blade+1","Anger+1","Carnage+1"],"picked":"Singing Bowl","floor":39.0},{"not_picked":["Body Slam+1","Bludgeon+1"],"picked":"Dual Wield","floor":40.0},{"not_picked":["Sever Soul+1","Iron Wave+1"],"picked":"Shrug It Off","floor":41.0},{"not_picked":["Limit Break","Armaments+1","Hemokinesis+1"],"picked":"Singing Bowl","floor":42.0},{"not_picked":["Metallicize+1","Rupture+1"],"picked":"Feel No Pain+1","floor":44.0},{"not_picked":["Twin Strike+1","Iron Wave+1"],"picked":"Pummel+1","floor":45.0},{"not_picked":["Burning Pact+1","Thunderclap+1"],"picked":"Sentinel+1","floor":46.0},{"not_picked":["Berserk+1","Twin Strike+1"],"picked":"Shrug It Off+1","floor":47.0},{"not_picked":["Clothesline+1","Armaments","Combust+1"],"picked":"Singing Bowl","floor":48.0},{"not_picked":["Double Tap","Hemokinesis+1"],"picked":"Sentinel+1","floor":54.0}],"player_experience":369264,"relics_obtained":[{"floor":6.0,"key":"Frozen Egg 2"},{"floor":9.0,"key":"Singing Bowl"},{"floor":11.0,"key":"Mummified Hand"},{"floor":14.0,"key":"Centennial Puzzle"},{"floor":21.0,"key":"Necronomicon"},{"floor":23.0,"key":"Self Forming Clay"},{"floor":25.0,"key":"Omamori"},{"floor":26.0,"key":"Molten Egg 2"},{"floor":40.0,"key":"Art of War"},{"floor":42.0,"key":"Orichalcum"},{"floor":44.0,"key":"Vajra"},{"floor":46.0,"key":"Incense Burner"},{"floor":54.0,"key":"Bottled Tornado"}],"event_choices":[{"damage_healed":0.0,"max_hp_gain":0.0,"max_hp_loss":0.0,"gold_gain":0.0,"event_name":"Liars Game","player_choice":"Ignored","floor":2.0,"gold_loss":0.0,"damage_taken":0.0},{"damage_healed":0.0,"max_hp_gain":0.0,"max_hp_loss":0.0,"gold_gain":0.0,"event_name":"The Woman in Blue","player_choice":"Bought 0 Potions","floor":4.0,"gold_loss":0.0,"damage_taken":0.0},{"cards_removed":["Strike_R"],"damage_healed":0.0,"max_hp_gain":0.0,"max_hp_loss":0.0,"gold_gain":0.0,"event_name":"Golden Wing","player_choice":"Card Removal","floor":12.0,"gold_loss":0.0,"damage_taken":7.0},{"damage_healed":0.0,"max_hp_gain":5.0,"max_hp_loss":0.0,"gold_gain":0.0,"event_name":"Big Fish","player_choice":"Donut","floor":13.0,"gold_loss":0.0,"damage_taken":0.0},{"damage_healed":0.0,"max_hp_gain":0.0,"max_hp_loss":0.0,"gold_gain":0.0,"event_name":"Cursed Tome","player_choice":"Obtained Book","floor":21.0,"gold_loss":0.0,"damage_taken":16.0},{"damage_healed":0.0,"max_hp_gain":0.0,"max_hp_loss":0.0,"gold_gain":0.0,"event_name":"Addict","player_choice":"Obtained Relic","floor":29.0,"gold_loss":85.0,"damage_taken":0.0,"relics_obtained":["MawBank"]},{"damage_healed":0.0,"max_hp_gain":0.0,"max_hp_loss":27.0,"gold_gain":0.0,"event_name":"Vampires","player_choice":"Became a vampire","floor":30.0,"gold_loss":0.0,"damage_taken":0.0,"cards_obtained":["Bite","Bite","Bite","Bite","Bite"]},{"damage_healed":0.0,"max_hp_gain":0.0,"max_hp_loss":0.0,"gold_gain":0.0,"event_name":"Duplicator","player_choice":"Copied","floor":37.0,"gold_loss":0.0,"damage_taken":0.0,"cards_obtained":["Feel No Pain"]},{"damage_healed":0.0,"max_hp_gain":0.0,"max_hp_loss":0.0,"gold_gain":0.0,"event_name":"MindBloom","player_choice":"Fight","floor":46.0,"gold_loss":0.0,"damage_taken":0.0}],"is_beta":false,"boss_relics":[{"not_picked":["Black Blood","Eternal Feather"],"picked":"Sozu"},{"not_picked":["Runic Dome","Mark of Pain"],"picked":"Coffee Dripper"}],"items_purged_floors":[5,24,53],"is_endless":false,"potions_floor_spawned":[3,6,11,20,22,27,31,36,40,41,46,47],"ascension_level":11}