{"gold_per_floor":[218,237,256,267,267,302,302,321,321,321,356,372,372,48,48,48],"floor_reached":16,"playtime":510,"items_purged":["Strike_B"],"score":224,"play_id":"eed669d7-744e-454d-a913-5b6e8ef58987","local_time":"20190908123937","is_ascension_mode":true,"campfire_choices":[{"floor":7.0,"key":"REST"},{"data":"Doom and Gloom","floor":10.0,"key":"SMITH"},{"data":"Defragment","floor":13.0,"key":"SMITH"},{"data":"Defragment","floor":15.0,"key":"SMITH"}],"neow_cost":"NONE","seed_source_timestamp":307188476242300,"circlet_count":0,"master_deck":["AscendersBane","Strike_B","Strike_B","Strike_B","Defend_B","Defend_B","Defend_B","Defend_B","Zap","Dualcast","Ball Lightning","Defragment+1","Doom and Gloom+1","FTL","Ball Lightning","Steam","Conserve Battery","Defragment+1"],"special_seed":0,"relics":["Cracked Core","Anchor","Pocketwatch","Dodecahedron","Art of War"],"potions_floor_usage":[],"damage_taken":[{"damage":0.0,"enemies":"Cultist","floor":1.0,"turns":3.0},{"damage":2.0,"enemies":"Jaw Worm","floor":2.0,"turns":3.0},{"damage":1.0,"enemies":"2 Louse","floor":3.0,"turns":3.0},{"damage":17.0,"enemies":"Lots of Slimes","floor":4.0,"turns":4.0},{"damage":30.0,"enemies":"Lagavulin","floor":6.0,"turns":6.0},{"damage":0.0,"enemies":"3 Louse","floor":8.0,"turns":2.0},{"damage":8.0,"enemies":"Gremlin Nob","floor":11.0,"turns":3.0},{"damage":21.0,"enemies":"Exordium Thugs","floor":12.0,"turns":3.0},{"damage":6,"enemies":"Hexaghost","floor":16,"turns":4}],"seed_played":"-1045041970447666277","potions_obtained":[{"floor":2.0,"key":"Fire Potion"},{"floor":8.0,"key":"Explosive Potion"}],"is_trial":false,"path_per_floor":["M","M","M","M","?","E","R","M","T","R","E","M","R","$","R","B"],"character_chosen":"DEFECT","items_purchased":["Art of War","Defragment"],"campfire_rested":1,"item_purchase_floors":[14,14],"current_hp_per_floor":[64,62,61,44,44,14,35,35,35,35,27,6,6,6,6,0],"gold":48,"neow_bonus":"HUNDRED_GOLD","is_prod":false,"is_daily":false,"chose_seed":false,"campfire_upgraded":3,"win_rate":0,"timestamp":1567960777,"path_taken":["M","M","M","M","?","E","R","M","T","R","E","M","R","$","R","BOSS"],"build_version":"2019-07-17","purchased_purges":1,"victory":false,"max_hp_per_floor":[71,71,71,71,71,71,71,71,71,71,71,71,71,71,71,71],"card_choices":[{"not_picked":["Leap","Redo"],"picked":"Ball Lightning","floor":1.0},{"not_picked":["Leap","Hologram"],"picked":"Defragment","floor":2.0},{"not_picked":["Capacitor","Sweeping Beam"],"picked":"Doom and Gloom","floor":3.0},{"not_picked":["Compile Driver","Hologram"],"picked":"FTL","floor":4.0},{"not_picked":["Static Discharge","Fusion"],"picked":"Ball Lightning","floor":6.0},{"not_picked":["Stack","Coolheaded"],"picked":"Steam","floor":8.0},{"not_picked":["Rebound","Creative AI","Reprogram"],"picked":"SKIP","floor":11.0},{"not_picked":["Compile Driver","Hologram"],"picked":"Conserve Battery","floor":12.0}],"player_experience":787295,"relics_obtained":[{"floor":6.0,"key":"Anchor"},{"floor":9.0,"key":"Pocketwatch"},{"floor":11.0,"key":"Dodecahedron"}],"event_choices":[{"damage_healed":0.0,"max_hp_gain":0.0,"max_hp_loss":0.0,"gold_gain":0.0,"event_name":"Liars Game","player_choice":"Ignored","floor":5.0,"gold_loss":0.0,"damage_taken":0.0}],"is_beta":false,"boss_relics":[],"items_purged_floors":[14],"is_endless":false,"potions_floor_spawned":[2,8,12],"killed_by":"Hexaghost","ascension_level":20}