{"gold_per_floor":[119,149,164,164,174,174,188,188,266,282,282,299,327,346,346,448,448,465,390,16,29,39,39,66,66,66,165,182,182],"floor_reached":29,"playtime":1495,"items_purged":[],"score":227,"play_id":"241a32b0-3b79-45e0-b8e1-97f0956204de","local_time":"20190909224815","is_ascension_mode":false,"campfire_choices":[{"data":"Wild Strike","floor":6,"key":"SMITH"},{"data":"Evolve","floor":8,"key":"SMITH"},{"data":"Bash","floor":11,"key":"SMITH"},{"floor":15,"key":"REST"},{"floor":23,"key":"REST"},{"floor":25,"key":"REST"}],"neow_cost":"NONE","seed_source_timestamp":2500392355500,"circlet_count":0,"master_deck":["Strike_R","Strike_R","Defend_R+1","Defend_R","Defend_R","Defend_R","Bash+1","Iron Wave","Evolve+1","Wild Strike+1","Cleave","Body Slam","Armaments+1","Burning Pact","Feed","True Grit","Double Tap","Bloodletting+1","Metallicize","Carnage+1"],"relics":["Burning Blood","Art of War","Tiny Chest","Gremlin Horn","War Paint","Empty Cage","Peace Pipe","Red Mask","Lantern"],"potions_floor_usage":[13,14,16,24,29],"damage_taken":[{"damage":4,"enemies":"2 Louse","floor":1,"turns":4},{"damage":1,"enemies":"Cultist","floor":3,"turns":3},{"damage":12,"enemies":"Small Slimes","floor":5,"turns":4},{"damage":6,"enemies":"Red Slaver","floor":7,"turns":3},{"damage":14,"enemies":"Blue Slaver","floor":10,"turns":3},{"damage":8,"enemies":"3 Louse","floor":12,"turns":3},{"damage":31,"enemies":"Lagavulin","floor":13,"turns":5},{"damage":2,"enemies":"Large Slime","floor":14,"turns":5},{"damage":30,"enemies":"The Guardian","floor":16,"turns":13},{"damage":24,"enemies":"Spheric Guardian","floor":18,"turns":6},{"damage":3,"enemies":"3 Byrds","floor":21,"turns":5},{"damage":35,"enemies":"3 Cultists","floor":22,"turns":6},{"damage":59,"enemies":"Masked Bandits","floor":24,"turns":6},{"damage":23,"enemies":"Snecko","floor":28,"turns":7},{"damage":36,"enemies":"Centurion and Healer","floor":29,"turns":6}],"seed_played":"4867115224450424780","potions_obtained":[{"floor":1,"key":"EssenceOfSteel"},{"floor":3,"key":"Energy Potion"},{"floor":12,"key":"Block Potion"},{"floor":14,"key":"Strength Potion"},{"floor":16,"key":"Ancient Potion"},{"floor":22,"key":"SteroidPotion"},{"floor":28,"key":"GamblersBrew"}],"is_trial":false,"path_per_floor":["M","?","M","?","M","R","M","R","T","M","R","M","E","M","R","B",null,"M","?","$","M","M","R","?","R","T","?","M","M"],"character_chosen":"IRONCLAD","items_purchased":["Double Tap","Peace Pipe"],"campfire_rested":3,"item_purchase_floors":[20,20],"current_hp_per_floor":[80,80,80,80,74,74,74,74,74,66,66,64,39,43,67,43,80,65,65,65,72,46,73,23,50,50,50,33,0],"gold":182,"neow_bonus":"RANDOM_COMMON_RELIC","is_prod":false,"is_daily":false,"chose_seed":false,"campfire_upgraded":3,"win_rate":0,"timestamp":1568040495,"path_taken":["M","?","?","?","?","R","M","R","T","M","R","M","E","M","R","BOSS","M","?","$","M","M","R","?","R","T","?","M","M"],"build_version":"2019-07-17","purchased_purges":0,"victory":false,"max_hp_per_floor":[80,80,80,80,80,80,80,80,80,80,80,80,80,80,80,80,80,83,83,83,87,90,90,93,93,93,93,93,93],"card_choices":[{"not_picked":["Shockwave","Feel No Pain"],"picked":"Iron Wave","floor":1},{"not_picked":["Shockwave","Thunderclap"],"picked":"Evolve","floor":3},{"not_picked":["Cleave","Anger"],"picked":"Wild Strike","floor":5},{"not_picked":["Second Wind","Anger"],"picked":"Cleave","floor":7},{"not_picked":["Anger","Perfected Strike"],"picked":"Body Slam","floor":10},{"not_picked":["Cleave","Thunderclap"],"picked":"Armaments","floor":12},{"not_picked":["Anger","Exhume","Sword Boomerang"],"picked":"SKIP","floor":13},{"not_picked":["Shrug It Off","Evolve"],"picked":"Burning Pact","floor":14},{"not_picked":["Berserk","Impervious"],"picked":"Feed","floor":16},{"not_picked":["Anger","Battle Trance"],"picked":"True Grit","floor":18},{"not_picked":["Corruption","Clash","Burning Pact"],"picked":"SKIP","floor":21},{"not_picked":["Battle Trance","Armaments"],"picked":"Bloodletting+1","floor":22},{"not_picked":["Iron Wave","Cleave"],"picked":"Metallicize","floor":24},{"not_picked":["Clothesline","Infernal Blade"],"picked":"Carnage+1","floor":28}],"player_experience":342322,"relics_obtained":[{"floor":9,"key":"Gremlin Horn"},{"floor":13,"key":"War Paint"},{"floor":24,"key":"Red Mask"},{"floor":26,"key":"Lantern"}],"event_choices":[{"damage_healed":0,"gold_gain":0,"player_choice":"Gave Potion","damage_taken":0,"relics_obtained":["Tiny Chest"],"max_hp_gain":0,"max_hp_loss":0,"event_name":"WeMeetAgain","floor":2,"gold_loss":0},{"damage_healed":0,"gold_gain":0,"player_choice":"Bought 0 Potions","damage_taken":0,"max_hp_gain":0,"max_hp_loss":0,"event_name":"The Woman in Blue","floor":4,"gold_loss":0},{"cards_removed":["Strike_R"],"damage_healed":0,"gold_gain":0,"player_choice":"Gave Gold","damage_taken":0,"max_hp_gain":0,"max_hp_loss":0,"event_name":"Beggar","floor":19,"gold_loss":75},{"damage_healed":0,"gold_gain":0,"player_choice":"Fought Bandits","damage_taken":0,"max_hp_gain":0,"max_hp_loss":0,"event_name":"Masked Bandits","floor":24,"gold_loss":0},{"damage_healed":0,"gold_gain":99,"player_choice":"Stole From Cult","damage_taken":0,"max_hp_gain":0,"max_hp_loss":0,"event_name":"Nest","floor":27,"gold_loss":0}],"is_beta":false,"boss_relics":[{"not_picked":["Astrolabe","Cursed Key"],"picked":"Empty Cage"}],"items_purged_floors":[],"is_endless":false,"potions_floor_spawned":[1,3,12,14,16,22,28],"killed_by":"Centurion and Healer","ascension_level":0}