{"gold_per_floor":[114,131,131,143,143,143,143,161,161,161,17,27,27,52,52,152,152,167,10,23,41,41,41,74,74,126,142,153,178,3,19,19,19],"floor_reached":33,"playtime":1336,"items_purged":["Parasite"],"score":431,"play_id":"3d948a3d-1ed6-41ce-8eb2-eacba5b92a30","local_time":"20190823231723","is_ascension_mode":true,"campfire_choices":[{"data":"Zap","floor":6,"key":"SMITH"},{"data":"Defragment","floor":13,"key":"SMITH"},{"data":"Consume","floor":15,"key":"SMITH"},{"data":"Rainbow","floor":23,"key":"SMITH"},{"data":"Redo","floor":25,"key":"SMITH"},{"floor":32,"key":"REST"}],"neow_cost":"NONE","seed_source_timestamp":1570927573116564,"circlet_count":0,"master_deck":["AscendersBane","Strike_B+1","Strike_B+1","Defend_B","Defend_B","Defend_B","Zap+1","Dualcast","Rainbow+1","Rip and Tear","Undo","Rip and Tear","Reinforced Body","Defragment+1","Hologram","Redo","Chill","Consume+1","Core Surge","Ball Lightning","Leap","Bandage Up","Auto Shields","Redo+1","Leap+1","Cold Snap","Rebound+1","Beam Cell","Steam"],"relics":["Cracked Core","Pantograph","Pear","Velvet Choker","Peace Pipe","Bronze Scales","Singing Bowl"],"potions_floor_usage":[16,16,24,24,27,29,33],"damage_taken":[{"damage":3,"enemies":"Jaw Worm","floor":1,"turns":4},{"damage":0,"enemies":"Cultist","floor":2,"turns":2},{"damage":0,"enemies":"2 Louse","floor":4,"turns":2},{"damage":22,"enemies":"Large Slime","floor":8,"turns":4},{"damage":10,"enemies":"Lots of Slimes","floor":12,"turns":4},{"damage":2,"enemies":"Gremlin Nob","floor":14,"turns":4},{"damage":15,"enemies":"Slime Boss","floor":16,"turns":5},{"damage":13,"enemies":"2 Thieves","floor":18,"turns":4},{"damage":7,"enemies":"Chosen","floor":20,"turns":4},{"damage":14,"enemies":"Centurion and Healer","floor":21,"turns":8},{"damage":24,"enemies":"Slavers","floor":24,"turns":9},{"damage":11,"enemies":"3 Cultists","floor":27,"turns":5},{"damage":0,"enemies":"Snecko","floor":28,"turns":4},{"damage":7,"enemies":"Gremlin Leader","floor":29,"turns":7},{"damage":13,"enemies":"Snake Plant","floor":31,"turns":4},{"damage":75,"enemies":"Collector","floor":33,"turns":7}],"seed_played":"-2720459578654424429","potions_obtained":[{"floor":8,"key":"Poison Potion"},{"floor":12,"key":"Explosive Potion"},{"floor":16,"key":"Strength Potion"},{"floor":24,"key":"Explosive Potion"},{"floor":27,"key":"PowerPotion"},{"floor":31,"key":"LiquidBronze"}],"is_trial":false,"path_per_floor":["M","M","?","M","?","R","?","M","T","?","$","M","R","E","R","B",null,"M","$","M","M","?","R","E","R","T","M","M","E","$","M","R","B"],"character_chosen":"DEFECT","items_purchased":["Defragment","Hologram","Redo","Leap","Bandage Up","Energy Potion","Beam Cell","Steam"],"campfire_rested":1,"item_purchase_floors":[11,11,11,19,19,19,30,30],"current_hp_per_floor":[65,65,65,65,50,50,50,28,28,46,46,36,36,44,44,54,77,64,64,61,51,51,51,31,31,31,24,24,27,27,20,45,0],"gold":19,"neow_bonus":"ONE_RANDOM_RARE_CARD","is_prod":false,"is_daily":false,"chose_seed":false,"campfire_upgraded":5,"win_rate":0,"timestamp":1566620243,"path_taken":["M","M","?","?","?","R","?","?","T","?","$","M","R","E","R","BOSS","M","$","M","M","?","R","E","R","T","M","?","E","?","M","R","BOSS"],"build_version":"2019-07-17","purchased_purges":1,"victory":false,"max_hp_per_floor":[75,75,75,75,75,75,75,75,75,75,75,75,75,85,85,85,85,85,85,85,85,85,85,85,85,85,85,85,87,84,86,86,86],"card_choices":[{"not_picked":["Hologram","Compile Driver"],"picked":"Rip and Tear","floor":1},{"not_picked":["Tempest","BootSequence"],"picked":"Undo","floor":2},{"not_picked":["Undo","Darkness"],"picked":"Rip and Tear","floor":4},{"not_picked":["Go for the Eyes","Gash"],"picked":"Reinforced Body","floor":8},{"not_picked":["Melter","Streamline"],"picked":"Chill","floor":12},{"not_picked":["Fusion","Compile Driver"],"picked":"Consume","floor":14},{"not_picked":["Machine Learning","Reboot"],"picked":"Core Surge","floor":16},{"not_picked":["Streamline+1","Steam"],"picked":"Ball Lightning","floor":18},{"not_picked":["Consume","Compile Driver"],"picked":"Auto Shields","floor":20},{"not_picked":["Recycle","Rainbow"],"picked":"Redo","floor":21},{"not_picked":["Loop","Rip and Tear+1"],"picked":"Leap+1","floor":24},{"not_picked":["Aggregate","Doom and Gloom"],"picked":"Cold Snap","floor":27},{"not_picked":["Beam Cell","Ball Lightning"],"picked":"Rebound+1","floor":28},{"not_picked":["Sunder","Melter","Hologram"],"picked":"Singing Bowl","floor":29},{"not_picked":["Go for the Eyes","Beam Cell","Steam Power"],"picked":"Singing Bowl","floor":31}],"player_experience":373616,"relics_obtained":[{"floor":9,"key":"Pantograph"},{"floor":14,"key":"Pear"},{"floor":24,"key":"Peace Pipe"},{"floor":26,"key":"Bronze Scales"},{"floor":29,"key":"Singing Bowl"}],"event_choices":[{"cards_removed":["Strike_B"],"damage_healed":0,"gold_gain":0,"player_choice":"Offered Basic","damage_taken":0,"max_hp_gain":0,"max_hp_loss":0,"event_name":"Bonfire Elementals","floor":3,"gold_loss":0},{"damage_healed":0,"gold_gain":0,"player_choice":"Entered Light","damage_taken":15,"max_hp_gain":0,"max_hp_loss":0,"event_name":"Shining Light","floor":5,"gold_loss":0,"cards_upgraded":["Strike_B","Strike_B"]},{"cards_removed":["Strike_B"],"damage_healed":0,"gold_gain":0,"player_choice":"Purged","damage_taken":0,"max_hp_gain":0,"max_hp_loss":0,"event_name":"Purifier","floor":7,"gold_loss":0},{"damage_healed":18,"gold_gain":0,"player_choice":"Healed and dodged fight","damage_taken":0,"max_hp_gain":0,"max_hp_loss":0,"event_name":"Mushrooms","floor":10,"gold_loss":0,"cards_obtained":["Parasite"]},{"cards_removed":["Defend_B"],"damage_healed":0,"gold_gain":0,"player_choice":"Purged","damage_taken":0,"max_hp_gain":0,"max_hp_loss":0,"event_name":"Purifier","floor":22,"gold_loss":0}],"is_beta":false,"boss_relics":[{"not_picked":["Tiny House","Astrolabe"],"picked":"Velvet Choker"}],"items_purged_floors":[30],"is_endless":false,"potions_floor_spawned":[8,12,16,24,27,31],"killed_by":"Collector","ascension_level":10}