{"gold_per_floor":[118,138,138,213,213,213,242,258,258,285,299,299],"floor_reached":12,"playtime":218,"items_purged":[],"score":226,"play_id":"ed49a691-ca41-4922-88c4-7a8ffa482f9b","local_time":"20190704022039","is_ascension_mode":true,"campfire_choices":[{"data":"Sword Boomerang","floor":6,"key":"SMITH"}],"neow_cost":"NONE","seed_source_timestamp":660434318381100,"circlet_count":0,"master_deck":["AscendersBane","Strike_R","Strike_R","Strike_R","Strike_R","Strike_R","Defend_R","Defend_R","Defend_R","Defend_R","Bash","Sword Boomerang+1","Whirlwind+1","Pommel Strike","True Grit","Demon Form","Anger"],"relics":["Burning Blood","NeowsBlessing","Turnip","Incense Burner","Boot"],"potions_floor_usage":[11],"damage_taken":[{"damage":0,"enemies":"Cultist","floor":1,"turns":1},{"damage":0,"enemies":"2 Louse","floor":2,"turns":1},{"damage":0,"enemies":"3 Sentries","floor":7,"turns":1},{"damage":12,"enemies":"Jaw Worm","floor":8,"turns":2},{"damage":44,"enemies":"Lagavulin","floor":10,"turns":8},{"damage":5,"enemies":"Gremlin Gang","floor":11,"turns":3},{"damage":37,"enemies":"Gremlin Nob","floor":12,"turns":3}],"seed_played":"-4401570622323358147","potions_obtained":[{"floor":1,"key":"Explosive Potion"},{"floor":10,"key":"Explosive Potion"}],"is_trial":false,"path_per_floor":["M","M","?","?","?","R","E","M","T","E","M","E"],"character_chosen":"IRONCLAD","items_purchased":[],"campfire_rested":0,"item_purchase_floors":[],"current_hp_per_floor":[74,75,75,64,64,64,70,64,64,26,27,0],"gold":299,"neow_bonus":"THREE_ENEMY_KILL","is_prod":false,"is_daily":false,"chose_seed":false,"campfire_upgraded":1,"win_rate":0,"timestamp":1562232039,"path_taken":["M","M","?","?","?","R","E","M","T","E","M","E"],"build_version":"2019-07-01","purchased_purges":0,"victory":false,"max_hp_per_floor":[75,75,75,75,75,75,75,75,75,75,75,75],"card_choices":[{"not_picked":["Sever Soul","Body Slam"],"picked":"Sword Boomerang","floor":1},{"not_picked":["Shrug It Off","Clothesline"],"picked":"Whirlwind","floor":2},{"not_picked":["Clothesline","Warcry"],"picked":"Pommel Strike","floor":7},{"not_picked":["Rampage","Pommel Strike"],"picked":"True Grit","floor":8},{"not_picked":["Dual Wield","Battle Trance"],"picked":"Demon Form","floor":10},{"not_picked":["Burning Pact","Pommel Strike"],"picked":"Anger","floor":11}],"player_experience":647743,"relics_obtained":[{"floor":7,"key":"Turnip"},{"floor":9,"key":"Incense Burner"},{"floor":10,"key":"Boot"}],"event_choices":[{"damage_healed":0,"gold_gain":0,"player_choice":"Leave","damage_taken":0,"max_hp_gain":0,"max_hp_loss":0,"event_name":"The Cleric","floor":3,"gold_loss":0},{"damage_healed":0,"gold_gain":75,"player_choice":"Gather Gold","damage_taken":11,"max_hp_gain":0,"max_hp_loss":0,"event_name":"World of Goop","floor":4,"gold_loss":0},{"damage_healed":0,"gold_gain":0,"player_choice":"Upgraded","damage_taken":0,"max_hp_gain":0,"max_hp_loss":0,"event_name":"Upgrade Shrine","floor":5,"gold_loss":0,"cards_upgraded":["Whirlwind"]}],"is_beta":false,"boss_relics":[],"items_purged_floors":[],"is_endless":false,"potions_floor_spawned":[1,10],"killed_by":"Gremlin Nob","ascension_level":20}