{"gold_per_floor":[365,384,309,28,128,154,53,68,91,109,109,109,25,41,41,41],"floor_reached":16,"playtime":524,"items_purged":["Strike_R"],"score":185,"play_id":"ed0172ba-3f36-4b6b-a914-f85487b4df7b","local_time":"20181226232453","is_ascension_mode":true,"campfire_choices":[{"floor":11,"key":"REST"},{"data":"Armaments","floor":15,"key":"SMITH"}],"neow_cost":"TEN_PERCENT_HP_LOSS","seed_source_timestamp":197515193770700,"circlet_count":0,"master_deck":["AscendersBane","Strike_R","Strike_R","Strike_R","Defend_R","Defend_R","Defend_R","Defend_R","Bash","Second Wind","Cleave","Shrug It Off","Armaments+1","True Grit","Wild Strike","Shockwave","Parasite","Feel No Pain"],"relics":["Burning Blood","Oddly Smooth Stone","Dream Catcher","Anchor"],"potions_floor_usage":[16,16],"damage_taken":[{"damage":8,"enemies":"Small Slimes","floor":1,"turns":4},{"damage":9,"enemies":"2 Louse","floor":2,"turns":2},{"damage":42,"enemies":"Lagavulin","floor":6,"turns":8},{"damage":4,"enemies":"Cultist","floor":8,"turns":5},{"damage":8,"enemies":"2 Fungi Beasts","floor":10,"turns":4},{"damage":12,"enemies":"Exordium Wildlife","floor":14,"turns":6},{"damage":71,"enemies":"Slime Boss","floor":16,"turns":13}],"seed_played":"8830346029324442794","potions_obtained":[{"floor":6,"key":"BloodPotion"},{"floor":10,"key":"Poison Potion"}],"is_trial":false,"path_per_floor":["M","M","?","$","?","E","$","M","T","M","R","?","$","M","R","B"],"character_chosen":"IRONCLAD","items_purchased":["Oddly Smooth Stone","Shrug It Off","Armaments","Wild Strike","Feel No Pain"],"campfire_rested":1,"item_purchase_floors":[4,4,4,7,13],"current_hp_per_floor":[66,63,63,63,63,27,27,29,29,27,47,64,64,58,58,0],"gold":41,"neow_bonus":"TWO_FIFTY_GOLD","is_prod":false,"is_daily":false,"chose_seed":false,"campfire_upgraded":1,"win_rate":0,"timestamp":1545895493,"path_taken":["M","M","?","$","?","E","$","M","T","?","R","?","?","M","R","BOSS"],"build_version":"2018-12-20","purchased_purges":1,"victory":false,"max_hp_per_floor":[68,68,68,68,68,68,68,68,68,68,68,68,68,68,68,68],"card_choices":[{"not_picked":["Heavy Blade","Wild Strike"],"picked":"Second Wind","floor":1},{"not_picked":["True Grit","Havoc"],"picked":"Cleave","floor":2},{"not_picked":["Armaments","Evolve"],"picked":"True Grit","floor":6},{"not_picked":["Clothesline","Thunderclap","Iron Wave"],"picked":"SKIP","floor":8},{"not_picked":["Cleave","Warcry","Combust"],"picked":"SKIP","floor":10},{"not_picked":["Entrench","Havoc"],"picked":"Shockwave","floor":11},{"not_picked":["Heavy Blade","Armaments","Sever Soul"],"picked":"SKIP","floor":14}],"player_experience":208987,"relics_obtained":[{"floor":6,"key":"Dream Catcher"},{"floor":9,"key":"Anchor"}],"event_choices":[{"cards_removed":["Strike_R"],"damage_healed":0,"gold_gain":0,"player_choice":"Card Removal","damage_taken":0,"max_hp_gain":0,"max_hp_loss":0,"event_name":"The Cleric","floor":3,"gold_loss":75},{"damage_healed":0,"gold_gain":100,"player_choice":"Gold","damage_taken":0,"max_hp_gain":0,"max_hp_loss":0,"event_name":"Wheel of Change","floor":5,"gold_loss":0},{"damage_healed":17,"gold_gain":0,"player_choice":"Healed and dodged fight","damage_taken":0,"max_hp_gain":0,"max_hp_loss":0,"event_name":"Mushrooms","floor":12,"gold_loss":0,"cards_obtained":["Parasite"]}],"is_beta":false,"boss_relics":[],"items_purged_floors":[7],"is_endless":false,"potions_floor_spawned":[6,10],"killed_by":"Slime Boss","ascension_level":17}