{"gold_per_floor":[114,114,64,78,97,97,113,128,178,103,103,103,123,135,135,237,237,253,4,23,37,37,37,49,49,49,148,148,160,160,180,180,180],"floor_reached":33,"playtime":1997,"items_purged":["Writhe","Strike_R"],"score":253,"play_id":"aac32147-9578-4fdb-bb03-97d4309fd094","local_time":"20190811222200","is_ascension_mode":true,"campfire_choices":[{"data":"Disarm","floor":6,"key":"SMITH"},{"data":"Power Through","floor":12,"key":"SMITH"},{"data":"Entrench","floor":15,"key":"SMITH"},{"data":"Offering","floor":23,"key":"SMITH"},{"data":"Perfected Strike","floor":25,"key":"SMITH"},{"data":"Spot Weakness","floor":28,"key":"SMITH"},{"data":"Havoc","floor":30,"key":"SMITH"},{"data":"Havoc","floor":32,"key":"SMITH"}],"neow_cost":"CURSE","seed_source_timestamp":1050274924447515,"circlet_count":0,"master_deck":["Strike_R","Strike_R","Strike_R","Defend_R","Defend_R","Defend_R","Bash","Spot Weakness+1","Perfected Strike+1","Disarm+1","Rampage","Power Through+1","Entrench+1","Rupture+1","Havoc+1","Offering+1","Havoc+1","Feel No Pain+1","Evolve+1","True Grit+1","Feel No Pain+1","Shockwave+1"],"relics":["Burning Blood","Frozen Egg 2","Dream Catcher","Coffee Dripper","Vajra","Nunchaku"],"potions_floor_usage":[16],"damage_taken":[{"damage":0,"enemies":"Small Slimes","floor":1,"turns":3},{"damage":0,"enemies":"2 Louse","floor":4,"turns":2},{"damage":4,"enemies":"Cultist","floor":5,"turns":3},{"damage":16,"enemies":"Lots of Slimes","floor":7,"turns":4},{"damage":8,"enemies":"2 Fungi Beasts","floor":8,"turns":3},{"damage":0,"enemies":"3 Louse","floor":13,"turns":3},{"damage":8,"enemies":"Blue Slaver","floor":14,"turns":4},{"damage":48,"enemies":"The Guardian","floor":16,"turns":14},{"damage":10,"enemies":"Shell Parasite","floor":18,"turns":5},{"damage":18,"enemies":"Chosen","floor":20,"turns":4},{"damage":28,"enemies":"Snake Plant","floor":21,"turns":5},{"damage":15,"enemies":"Shelled Parasite and Fungi","floor":24,"turns":6},{"damage":18,"enemies":"Chosen and Byrds","floor":29,"turns":6},{"damage":17,"enemies":"Centurion and Healer","floor":31,"turns":9},{"damage":14,"enemies":"Collector","floor":33,"turns":2}],"seed_played":"8548539652164066780","potions_obtained":[{"floor":5,"key":"Weak Potion"},{"floor":7,"key":"Regen Potion"},{"floor":8,"key":"Swift Potion"},{"floor":18,"key":"Strength Potion"}],"is_trial":false,"path_per_floor":["M","?","?","M","M","R","M","M","T","$","?","R","M","M","R","B",null,"M","$","M","M","$","R","M","R","T","?","R","M","R","M","R","B"],"character_chosen":"IRONCLAD","items_purchased":["Vajra"],"campfire_rested":0,"item_purchase_floors":[19],"current_hp_per_floor":[80,80,80,80,80,80,70,68,68,68,68,68,74,72,72,35,80,76,76,64,42,42,42,33,33,33,33,33,21,21,10,10,0],"gold":180,"neow_bonus":"TRANSFORM_TWO_CARDS","is_prod":false,"is_daily":false,"chose_seed":false,"campfire_upgraded":8,"win_rate":0,"timestamp":1565580120,"path_taken":["M","?","?","M","M","R","M","M","T","$","?","R","M","M","R","BOSS","M","?","?","M","$","R","M","R","T","?","R","M","R","M","R","BOSS"],"build_version":"2019-07-17","purchased_purges":2,"victory":false,"max_hp_per_floor":[80,80,80,80,80,80,80,80,80,80,80,80,80,80,80,80,80,80,80,80,80,80,80,80,80,80,80,80,80,80,80,80,80],"card_choices":[{"not_picked":["Sword Boomerang","Iron Wave"],"picked":"Perfected Strike","floor":1},{"not_picked":["Blood for Blood","Wild Strike"],"picked":"Disarm","floor":4},{"not_picked":["Anger","Clash"],"picked":"Rampage","floor":5},{"not_picked":["Thunderclap","Sever Soul"],"picked":"Power Through","floor":7},{"not_picked":["Bloodletting","Intimidate"],"picked":"Entrench","floor":8},{"not_picked":["Blood for Blood","Anger"],"picked":"Rupture+1","floor":13},{"not_picked":["Bloodletting","Armaments"],"picked":"Havoc","floor":14},{"not_picked":["Dark Embrace+1","Impervious"],"picked":"Offering","floor":16},{"not_picked":["Rage","Headbutt"],"picked":"Havoc","floor":18},{"not_picked":["Warcry","Pommel Strike"],"picked":"Feel No Pain+1","floor":20},{"not_picked":["Limit Break","Thunderclap"],"picked":"Evolve+1","floor":21},{"not_picked":["Wild Strike","Whirlwind+1"],"picked":"True Grit+1","floor":24},{"not_picked":["Perfected Strike+1","Rage"],"picked":"Feel No Pain+1","floor":29},{"not_picked":["Pummel","Iron Wave"],"picked":"Shockwave+1","floor":31}],"player_experience":145053,"relics_obtained":[{"floor":9,"key":"Dream Catcher"},{"floor":26,"key":"Nunchaku"}],"event_choices":[{"damage_healed":0,"gold_gain":0,"player_choice":"Box","damage_taken":0,"relics_obtained":["Frozen Egg 2"],"max_hp_gain":0,"max_hp_loss":0,"event_name":"Big Fish","floor":2,"gold_loss":0,"cards_obtained":["Regret"]},{"cards_removed":["Regret"],"damage_healed":0,"gold_gain":0,"player_choice":"Card Removal","damage_taken":0,"max_hp_gain":0,"max_hp_loss":0,"event_name":"The Cleric","floor":3,"gold_loss":50},{"cards_removed":["Clash"],"damage_healed":0,"gold_gain":0,"player_choice":"Purged","damage_taken":0,"max_hp_gain":0,"max_hp_loss":0,"event_name":"Purifier","floor":11,"gold_loss":0},{"damage_healed":0,"gold_gain":99,"player_choice":"Stole From Cult","damage_taken":0,"max_hp_gain":0,"max_hp_loss":0,"event_name":"Nest","floor":27,"gold_loss":0}],"is_beta":false,"boss_relics":[{"not_picked":["Tiny House","Velvet Choker"],"picked":"Coffee Dripper"}],"items_purged_floors":[10,19],"is_endless":false,"potions_floor_spawned":[5,7,8,18,20],"killed_by":"Collector","ascension_level":1}