{"gold_per_floor":[112,123,123,123,198,223,223,256,256,270,141,162,162,185,185,283,283,301,301,301,320,345,345,345,345,345,363,378,405,405,19,19,19],"floor_reached":33,"playtime":848,"items_purged":["Strike_R","Strike_R"],"score":600,"play_id":"c24d53b0-654e-495c-a776-3ae7f091bd27","local_time":"20190704023810","is_ascension_mode":true,"campfire_choices":[{"data":"Disarm","floor":13.0,"key":"SMITH"},{"data":"Bash","floor":15.0,"key":"SMITH"},{"data":"Juggernaut","floor":23.0,"key":"SMITH"},{"data":"Bludgeon","floor":25.0,"key":"SMITH"},{"data":"Ghostly","floor":30.0,"key":"SMITH"},{"data":"Dual Wield","floor":32.0,"key":"SMITH"}],"neow_cost":"NONE","seed_source_timestamp":0,"circlet_count":0,"master_deck":["AscendersBane","Strike_R","Strike_R","Strike_R+1","Defend_R","Defend_R","Defend_R","Defend_R+1","Bash+1","Rampage","Hemokinesis","Juggernaut+1","Bludgeon+1","Disarm+1","Power Through","Anger","Impervious","Shockwave","Ghostly+1","Ghostly","Ghostly","Iron Wave","Corruption+1","Armaments+1","Dual Wield+1","Juggernaut"],"special_seed":0,"relics":["Burning Blood","NeowsBlessing","Sundial","Bloody Idol","Paper Frog","Orichalcum","Mark of Pain","MutagenicStrength","Self Forming Clay","Ancient Tea Set","Mummified Hand"],"potions_floor_usage":[33],"damage_taken":[{"damage":0.0,"enemies":"Cultist","floor":1.0,"turns":1.0},{"damage":0.0,"enemies":"Small Slimes","floor":2.0,"turns":1.0},{"damage":0.0,"enemies":"Gremlin Nob","floor":6.0,"turns":1.0},{"damage":36.0,"enemies":"3 Sentries","floor":8.0,"turns":8.0},{"damage":6.0,"enemies":"Jaw Worm","floor":10.0,"turns":2.0},{"damage":2.0,"enemies":"Exordium Wildlife","floor":12.0,"turns":5.0},{"damage":9.0,"enemies":"Looter","floor":14.0,"turns":4.0},{"damage":11.0,"enemies":"Hexaghost","floor":16.0,"turns":9.0},{"damage":22.0,"enemies":"Spheric Guardian","floor":18.0,"turns":4.0},{"damage":0.0,"enemies":"Chosen","floor":21.0,"turns":3.0},{"damage":3.0,"enemies":"Snecko","floor":22.0,"turns":3.0},{"damage":27.0,"enemies":"3 Cultists","floor":27.0,"turns":7.0},{"damage":3.0,"enemies":"Centurion and Healer","floor":28.0,"turns":7.0},{"damage":8.0,"enemies":"Gremlin Leader","floor":29.0,"turns":5.0},{"damage":33,"enemies":"Collector","floor":33,"turns":6}],"seed_played":"1391485856099159029","potions_obtained":[{"floor":1.0,"key":"Weak Potion"},{"floor":8.0,"key":"Swift Potion"},{"floor":21.0,"key":"Ancient Potion"},{"floor":27.0,"key":"Energy Potion"},{"floor":29.0,"key":"Poison Potion"}],"is_trial":false,"path_per_floor":["M","M","?","?","?","E","?","E","T","M","$","M","R","M","R","B",null,"M","?","?","M","M","R","?","R","T","M","M","E","R","$","R","B"],"character_chosen":"IRONCLAD","items_purchased":["Block Potion","Mummified Hand"],"campfire_rested":0,"item_purchase_floors":[11,31],"current_hp_per_floor":[74,75,52,52,41,47,47,17,17,17,17,21,21,18,18,13,54,38,34,34,34,34,34,34,34,34,18,26,29,29,29,29,0],"gold":19,"neow_bonus":"THREE_ENEMY_KILL","is_prod":false,"is_daily":false,"chose_seed":false,"campfire_upgraded":6,"win_rate":0,"timestamp":1562233090,"path_taken":["M","?","?","?","?","E","?","E","T","M","?","M","R","M","R","BOSS","M","?","?","M","M","R","?","R","T","M","M","E","R","$","R","BOSS"],"build_version":"2019-07-01","purchased_purges":2,"victory":false,"max_hp_per_floor":[75,75,75,75,75,75,68,68,68,68,68,68,68,68,68,68,68,68,34,34,34,34,34,34,34,34,34,34,34,34,34,34,34],"card_choices":[{"not_picked":["Combust","Clash"],"picked":"Rampage","floor":1.0},{"not_picked":["Dual Wield","Shrug It Off"],"picked":"Hemokinesis","floor":2.0},{"not_picked":["Perfected Strike","Wild Strike"],"picked":"Juggernaut","floor":6.0},{"not_picked":["Twin Strike","Body Slam"],"picked":"Bludgeon","floor":8.0},{"not_picked":["Shrug It Off","Sword Boomerang"],"picked":"Disarm","floor":10.0},{"not_picked":["Wild Strike","Havoc"],"picked":"Power Through","floor":12.0},{"not_picked":["Warcry","Feel No Pain"],"picked":"Anger","floor":14.0},{"not_picked":["Fiend Fire","Limit Break"],"picked":"Impervious","floor":16.0},{"not_picked":["Cleave","Rupture"],"picked":"Shockwave","floor":18.0},{"not_picked":["Dropkick","Thunderclap"],"picked":"Iron Wave","floor":21.0},{"not_picked":["Thunderclap","Rupture"],"picked":"Corruption+1","floor":22.0},{"not_picked":["Pommel Strike","Rage"],"picked":"Armaments+1","floor":27.0},{"not_picked":["Havoc+1","Cleave"],"picked":"Dual Wield","floor":28.0},{"not_picked":["Blood for Blood","Seeing Red"],"picked":"Juggernaut","floor":29.0}],"player_experience":647961,"relics_obtained":[{"floor":6.0,"key":"Sundial"},{"floor":8.0,"key":"Paper Frog"},{"floor":9.0,"key":"Orichalcum"},{"floor":26.0,"key":"Self Forming Clay"},{"floor":29.0,"key":"Ancient Tea Set"}],"event_choices":[{"damage_healed":0.0,"max_hp_gain":0.0,"max_hp_loss":0.0,"gold_gain":0.0,"event_name":"Shining Light","player_choice":"Entered Light","floor":3.0,"gold_loss":0.0,"damage_taken":23.0,"cards_upgraded":["Strike_R","Defend_R"]},{"damage_healed":0.0,"max_hp_gain":0.0,"max_hp_loss":0.0,"gold_gain":0.0,"event_name":"The Cleric","player_choice":"Leave","floor":4.0,"gold_loss":0.0,"damage_taken":0.0},{"damage_healed":0.0,"max_hp_gain":0.0,"max_hp_loss":0.0,"gold_gain":75.0,"event_name":"World of Goop","player_choice":"Gather Gold","floor":5.0,"gold_loss":0.0,"damage_taken":11.0},{"damage_healed":0.0,"max_hp_gain":0.0,"max_hp_loss":7.0,"gold_gain":0.0,"event_name":"Golden Idol","player_choice":"Lose Max HP","floor":7.0,"gold_loss":0.0,"damage_taken":0.0,"relics_obtained":["Golden Idol"]},{"damage_healed":0.0,"max_hp_gain":0.0,"max_hp_loss":34.0,"gold_gain":0.0,"event_name":"Ghosts","player_choice":"Became a Ghost","floor":19.0,"gold_loss":0.0,"damage_taken":0.0,"cards_obtained":["Ghostly","Ghostly","Ghostly"]},{"damage_healed":0.0,"max_hp_gain":0.0,"max_hp_loss":0.0,"gold_gain":0.0,"event_name":"Drug Dealer","player_choice":"Inject Mutagens","floor":20.0,"gold_loss":0.0,"damage_taken":0.0,"relics_obtained":["MutagenicStrength"]},{"damage_healed":0.0,"max_hp_gain":0.0,"max_hp_loss":0.0,"gold_gain":0.0,"event_name":"Forgotten Altar","player_choice":"Gave Idol","floor":24.0,"relics_lost":["Golden Idol"],"gold_loss":0.0,"damage_taken":0.0,"relics_obtained":["Bloody Idol"]}],"is_beta":false,"boss_relics":[{"not_picked":["Cursed Key","Runic Pyramid"],"picked":"Mark of Pain"}],"items_purged_floors":[11,31],"is_endless":false,"potions_floor_spawned":[1,8,21,27,29],"killed_by":"Collector","ascension_level":20}