{"gold_per_floor":[119,119,135,24,43,43,56,56,56,87,104,114,133,148,148,246,246,229,239,239,256,268,268,278,278,278,297,310,310,310,326,326,425,425,440,458,475,494,18,18,18,18,92,107,161,186,186,186,186,186],"floor_reached":51,"playtime":5302,"items_purged":["Pain","Strike_G"],"score":737,"play_id":"7c8da41f-d55d-4f8c-b66f-ab2acce4b209","local_time":"20190831132011","is_ascension_mode":false,"campfire_choices":[{"data":"Accuracy","floor":6.0,"key":"SMITH"},{"data":"Cloak And Dagger","floor":8.0,"key":"SMITH"},{"data":"Tactician","floor":15.0,"key":"SMITH"},{"data":"Burst","floor":23,"key":"SMITH"},{"floor":25,"key":"REST"},{"data":"Infinite Blades","floor":29,"key":"SMITH"},{"floor":32,"key":"REST"},{"data":"A Thousand Cuts","floor":41,"key":"SMITH"},{"data":"Neutralize","floor":49,"key":"SMITH"}],"neow_cost":"NONE","seed_source_timestamp":1277736094639800,"circlet_count":0,"master_deck":["Strike_G","Strike_G","Strike_G","Strike_G","Defend_G","Defend_G","Defend_G","Defend_G","Survivor","Neutralize+1","Cloak And Dagger+1","Backstab","Escape Plan","Accuracy+1","Footwork","Flying Knee","Footwork","Prepared","Tactician+1","Dodge and Roll","Burst+1","Cloak And Dagger","Deflect","Cloak And Dagger","Footwork","Distraction","Adrenaline","Writhe","Blade Dance","Blade Dance+1","Infinite Blades+1","Cloak And Dagger","Infinite Blades+1","Accuracy+1","A Thousand Cuts+1","Prepared","Backstab","Apotheosis","Well Laid Plans","Writhe","Blade Dance+1","Prepared+1","Doubt","Magnetism","Enlightenment","Jack Of All Trades"],"special_seed":0,"relics":["Ring of the Snake","WarpedTongs","Bottled Flame","Ice Cream","Orrery","Blood Vial","Du-Vu Doll","Coffee Dripper","Bronze Scales","Question Card","Juzu Bracelet","Pear"],"potions_floor_usage":[16,16,18,27,27,44,44,50],"damage_taken":[{"damage":1.0,"enemies":"Jaw Worm","floor":1.0,"turns":6.0},{"damage":7.0,"enemies":"Cultist","floor":3.0,"turns":5.0},{"damage":0.0,"enemies":"Small Slimes","floor":5.0,"turns":3.0},{"damage":0.0,"enemies":"2 Fungi Beasts","floor":7.0,"turns":4.0},{"damage":1.0,"enemies":"Lagavulin","floor":10.0,"turns":7.0},{"damage":0.0,"enemies":"Exordium Wildlife","floor":11.0,"turns":4.0},{"damage":12.0,"enemies":"Blue Slaver","floor":12.0,"turns":4.0},{"damage":4.0,"enemies":"2 Fungi Beasts","floor":13.0,"turns":4.0},{"damage":0.0,"enemies":"3 Louse","floor":14.0,"turns":4.0},{"damage":0,"enemies":"The Guardian","floor":16,"turns":11},{"damage":0,"enemies":"2 Thieves","floor":18,"turns":4},{"damage":6,"enemies":"Shell Parasite","floor":19,"turns":6},{"damage":0,"enemies":"Snake Plant","floor":21,"turns":10},{"damage":12,"enemies":"3 Cultists","floor":22,"turns":6},{"damage":29,"enemies":"Cultist and Chosen","floor":24,"turns":6},{"damage":5,"enemies":"Snake Plant","floor":27,"turns":6},{"damage":11,"enemies":"3 Cultists","floor":28,"turns":7},{"damage":20,"enemies":"Snecko","floor":31,"turns":4},{"damage":25,"enemies":"Automaton","floor":33,"turns":8},{"damage":25,"enemies":"3 Darklings","floor":35,"turns":4},{"damage":11,"enemies":"3 Shapes","floor":36,"turns":3},{"damage":3,"enemies":"Transient","floor":37,"turns":5},{"damage":12,"enemies":"4 Shapes","floor":38,"turns":7},{"damage":8,"enemies":"Writhing Mass","floor":44,"turns":6},{"damage":16,"enemies":"Giant Head","floor":46,"turns":7},{"damage":61,"enemies":"Awakened One","floor":50,"turns":11}],"seed_played":"-5303097681225642013","potions_obtained":[{"floor":1.0,"key":"EssenceOfSteel"},{"floor":3.0,"key":"LiquidBronze"},{"floor":7.0,"key":"GamblersBrew"},{"floor":12.0,"key":"Strength Potion"},{"floor":22,"key":"Dexterity Potion"},{"floor":24,"key":"Weak Potion"},{"floor":31,"key":"SteroidPotion"},{"floor":33,"key":"Energy Potion"},{"floor":36,"key":"Poison Potion"},{"floor":38,"key":"EssenceOfSteel"},{"floor":46,"key":"Energy Potion"}],"is_trial":false,"path_per_floor":["M","?","M","$","M","R","M","R","T","E","M","M","M","M","R","B",null,"M","M","?","M","M","R","M","R","T","M","M","R","?","M","R","B",null,"M","M","M","M","$","?","R","?","T","M","T","E","?","?","R","B",null],"character_chosen":"THE_SILENT","items_purchased":["Accuracy","Apotheosis","Bronze Scales","Well Laid Plans"],"campfire_rested":2,"item_purchase_floors":[4,39,39,39],"current_hp_per_floor":[69,69,62,62,62,62,62,62,62,61,61,49,45,45,45,45,70,70,64,64,66,56,56,29,50,50,47,38,38,38,20,41,18,70,45,36,35,25,25,25,25,43,43,37,37,33,80,70,70,11],"gold":186,"neow_bonus":"THREE_CARDS","is_prod":false,"is_daily":false,"chose_seed":false,"campfire_upgraded":7,"win_rate":0.0,"timestamp":1567282811,"path_taken":["M","?","M","$","M","R","M","R","T","E","?","M","M","M","R","BOSS","M","M","?","M","M","R","M","R","T","M","M","R","?","M","R","BOSS","M","M","M","M","$","?","R","?","T","M","?","E","?","?","R","BOSS"],"build_version":"2019-07-17","purchased_purges":2,"victory":true,"max_hp_per_floor":[70,70,70,70,70,70,70,70,70,70,70,70,70,70,70,70,70,70,70,70,70,70,70,70,70,70,70,70,70,70,70,70,70,70,70,70,70,70,70,70,70,70,70,70,70,80,80,80,80,80],"card_choices":[{"not_picked":["Acrobatics","Blade Dance"],"picked":"Cloak And Dagger","floor":0.0},{"not_picked":["Masterful Stab","Distraction"],"picked":"Backstab","floor":1.0},{"not_picked":["Crippling Poison","Reflex"],"picked":"Escape Plan","floor":3.0},{"not_picked":["Skewer","Backflip"],"picked":"Footwork","floor":5.0},{"not_picked":["Deadly Poison","Poisoned Stab"],"picked":"Flying Knee","floor":7.0},{"not_picked":["Slice","Crippling Poison"],"picked":"Footwork","floor":10.0},{"not_picked":["Phantasmal Killer","Slice"],"picked":"Prepared","floor":11.0},{"not_picked":["Outmaneuver","Footwork"],"picked":"Tactician","floor":12.0},{"not_picked":["Slice","PiercingWail","Sucker Punch"],"picked":"SKIP","floor":13.0},{"not_picked":["Sucker Punch","Flying Knee"],"picked":"Dodge and Roll","floor":14.0},{"not_picked":["Corpse Explosion","Envenom"],"picked":"Burst","floor":16},{"not_picked":["Slice","Deadly Poison"],"picked":"Cloak And Dagger","floor":17},{"not_picked":["Deadly Poison","Bane"],"picked":"Deflect","floor":17},{"not_picked":["Skewer","Predator"],"picked":"Cloak And Dagger","floor":17},{"not_picked":["Escape Plan","Deadly Poison"],"picked":"Footwork","floor":17},{"not_picked":["Acrobatics","Dagger Throw"],"picked":"Distraction","floor":18},{"not_picked":["Sucker Punch","Riddle With Holes"],"picked":"Adrenaline","floor":19},{"not_picked":["Skewer+1","Underhanded Strike+1"],"picked":"Blade Dance","floor":21},{"not_picked":["Eviscerate","All Out Attack"],"picked":"Blade Dance+1","floor":22},{"not_picked":["Quick Slash","PiercingWail"],"picked":"Infinite Blades+1","floor":24},{"not_picked":["Noxious Fumes+1","Flying Knee"],"picked":"Cloak And Dagger","floor":27},{"not_picked":["Cloak And Dagger","Dagger Spray+1"],"picked":"Infinite Blades","floor":28},{"not_picked":["PiercingWail+1","Blur"],"picked":"Accuracy+1","floor":31},{"not_picked":["Die Die Die","Wraith Form v2"],"picked":"A Thousand Cuts","floor":33},{"not_picked":["Dagger Throw+1","Heel Hook","Slice+1"],"picked":"SKIP","floor":35},{"not_picked":["Slice","Outmaneuver","Bane+1"],"picked":"SKIP","floor":36},{"not_picked":["Riddle With Holes+1","Acrobatics"],"picked":"Prepared","floor":37},{"not_picked":["Poisoned Stab","Crippling Poison+1"],"picked":"Backstab","floor":38},{"not_picked":["Flying Knee+1","Poisoned Stab+1","Dagger Spray+1"],"picked":"Blade Dance+1","floor":44},{"not_picked":["Slice","Escape Plan","Doppelganger"],"picked":"Prepared+1","floor":46},{"not_picked":["Master of Strategy","HandOfGreed","Purity"],"picked":"Magnetism","floor":48},{"not_picked":["Blind","Thinking Ahead","Apotheosis"],"picked":"Enlightenment","floor":48},{"not_picked":["Bandage Up","Madness","Impatience"],"picked":"Jack Of All Trades","floor":48}],"player_experience":39112,"relics_obtained":[{"floor":9.0,"key":"Bottled Flame"},{"floor":10.0,"key":"Ice Cream"},{"floor":26,"key":"Du-Vu Doll"},{"floor":43,"key":"Question Card"},{"floor":45,"key":"Juzu Bracelet"},{"floor":46,"key":"Pear"}],"event_choices":[{"damage_healed":0.0,"max_hp_gain":0.0,"max_hp_loss":0.0,"gold_gain":0.0,"event_name":"Accursed Blacksmith","player_choice":"Rummage","floor":2.0,"gold_loss":0.0,"damage_taken":0.0,"relics_obtained":["WarpedTongs"],"cards_obtained":["Pain"]},{"damage_healed":0,"gold_gain":0,"player_choice":"Opened","damage_taken":0,"relics_obtained":["Blood Vial"],"max_hp_gain":0,"max_hp_loss":0,"event_name":"The Mausoleum","floor":20,"gold_loss":0,"cards_obtained":["Writhe"]},{"damage_healed":0,"gold_gain":0,"player_choice":"Ignored","damage_taken":0,"max_hp_gain":0,"max_hp_loss":0,"event_name":"Ghosts","floor":30,"gold_loss":0},{"cards_removed":["Defend_G"],"damage_healed":0,"gold_gain":0,"player_choice":"Removed Skill","damage_taken":0,"max_hp_gain":0,"max_hp_loss":0,"event_name":"Falling","floor":40,"gold_loss":0},{"damage_healed":18,"gold_gain":0,"player_choice":"Writhe","damage_taken":0,"max_hp_gain":0,"max_hp_loss":0,"event_name":"Winding Halls","floor":42,"gold_loss":0,"cards_obtained":["Writhe"]},{"damage_healed":47,"gold_gain":0,"player_choice":"Heal","damage_taken":0,"max_hp_gain":0,"max_hp_loss":0,"event_name":"MindBloom","floor":47,"gold_loss":0,"cards_obtained":["Doubt"]},{"damage_healed":0,"gold_gain":0,"player_choice":"Memory 3","damage_taken":10,"max_hp_gain":0,"max_hp_loss":0,"event_name":"SensoryStone","floor":48,"gold_loss":0}],"is_beta":false,"boss_relics":[{"not_picked":["Black Star","Cursed Key"],"picked":"Orrery"},{"not_picked":["Runic Dome","Snecko Eye"],"picked":"Coffee Dripper"}],"items_purged_floors":[4,39],"is_endless":false,"potions_floor_spawned":[1,3,7,12,14,22,24,31,33,36,38,46],"ascension_level":0}