{"gold_per_floor":[117,135,135,81,81,107,107,136,136,136,136],"floor_reached":11,"playtime":208,"items_purged":[],"score":208,"play_id":"2c7fe0c2-4bfd-4859-9e25-aca6681080fd","local_time":"20190903150639","is_ascension_mode":true,"campfire_choices":[{"data":"Uppercut","floor":7,"key":"SMITH"},{"data":"Bash","floor":10,"key":"SMITH"}],"neow_cost":"NONE","seed_source_timestamp":207467665319600,"circlet_count":0,"master_deck":["AscendersBane","Strike_R","Strike_R","Strike_R","Strike_R","Defend_R","Defend_R+1","Defend_R+1","Defend_R","Bash+1","Disarm","Uppercut+1"],"relics":["Burning Blood","NeowsBlessing","Shuriken","Oddly Smooth Stone","Matryoshka"],"potions_floor_usage":[11,11],"damage_taken":[{"damage":0,"enemies":"Jaw Worm","floor":1,"turns":1},{"damage":0,"enemies":"2 Louse","floor":2,"turns":1},{"damage":0,"enemies":"Gremlin Nob","floor":6,"turns":1},{"damage":40,"enemies":"Lagavulin","floor":8,"turns":9},{"damage":28,"enemies":"3 Sentries","floor":11,"turns":6}],"seed_played":"5642254065461633311","potions_obtained":[{"floor":1,"key":"Weak Potion"}],"is_trial":false,"path_per_floor":["M","M","?","$","?","E","R","E","T","R","E"],"character_chosen":"IRONCLAD","items_purchased":["SteroidPotion"],"campfire_rested":0,"item_purchase_floors":[4],"current_hp_per_floor":[74,75,52,52,52,58,58,24,24,24,0],"gold":136,"neow_bonus":"THREE_ENEMY_KILL","is_prod":false,"is_daily":false,"chose_seed":false,"campfire_upgraded":2,"win_rate":0,"timestamp":1567548399,"path_taken":["M","M","?","$","?","E","R","E","T","R","E"],"build_version":"2019-07-17","purchased_purges":0,"victory":false,"max_hp_per_floor":[75,75,75,75,75,75,75,75,75,75,75],"card_choices":[{"not_picked":["Fire Breathing","Iron Wave"],"picked":"Disarm","floor":1},{"not_picked":["Headbutt","Twin Strike"],"picked":"Uppercut","floor":2},{"not_picked":["Perfected Strike","Armaments","Ghostly Armor"],"picked":"SKIP","floor":6},{"not_picked":["Searing Blow","Infernal Blade","Rupture"],"picked":"SKIP","floor":8}],"player_experience":848714,"relics_obtained":[{"floor":6,"key":"Shuriken"},{"floor":8,"key":"Oddly Smooth Stone"},{"floor":9,"key":"Matryoshka"}],"event_choices":[{"damage_healed":0,"gold_gain":0,"player_choice":"Entered Light","damage_taken":23,"max_hp_gain":0,"max_hp_loss":0,"event_name":"Shining Light","floor":3,"gold_loss":0,"cards_upgraded":["Defend_R","Defend_R"]},{"cards_removed":["Strike_R"],"damage_healed":0,"gold_gain":0,"player_choice":"Offered Basic","damage_taken":0,"max_hp_gain":0,"max_hp_loss":0,"event_name":"Bonfire Elementals","floor":5,"gold_loss":0}],"is_beta":false,"boss_relics":[],"items_purged_floors":[],"is_endless":false,"potions_floor_spawned":[1,6],"killed_by":"3 Sentries","ascension_level":20}