{"gold_per_floor":[118,136,136,150,176,176,176,202,281,306,306,6,6,19,19,19],"floor_reached":16,"playtime":383,"items_purged":[],"score":266,"play_id":"1bb152e3-a6cd-4693-a5a7-d86fa3ff1dd2","local_time":"20190808124219","is_ascension_mode":true,"campfire_choices":[{"data":"Barricade","floor":6,"key":"SMITH"},{"data":"Bash","floor":11,"key":"SMITH"},{"data":"True Grit","floor":15,"key":"SMITH"}],"neow_cost":"NONE","seed_source_timestamp":420558902371500,"circlet_count":0,"master_deck":["AscendersBane","Strike_R","Strike_R","Strike_R","Strike_R","Strike_R","Defend_R","Defend_R","Defend_R","Defend_R","Bash+1","Barricade+1","Whirlwind+1","Anger","Ghostly Armor","Shrug It Off","True Grit+1","Immolate"],"relics":["Burning Blood","Ancient Tea Set","Juzu Bracelet","Potion Belt","Kunai","Calipers","PreservedInsect"],"potions_floor_usage":[16],"damage_taken":[{"damage":21,"enemies":"Jaw Worm","floor":1,"turns":6},{"damage":20,"enemies":"Small Slimes","floor":2,"turns":3},{"damage":1,"enemies":"Cultist","floor":4,"turns":3},{"damage":0,"enemies":"3 Sentries","floor":8,"turns":2},{"damage":32,"enemies":"Lagavulin","floor":10,"turns":10},{"damage":0,"enemies":"3 Louse","floor":14,"turns":1},{"damage":30,"enemies":"Hexaghost","floor":16,"turns":9}],"seed_played":"-4751074147562563131","potions_obtained":[{"floor":1,"key":"Energy Potion"},{"floor":2,"key":"Strength Potion"},{"floor":10,"key":"Ancient Potion"}],"is_trial":false,"path_per_floor":["M","M","?","M","T","R","?","E","T","E","R","$","?","M","R","B"],"character_chosen":"IRONCLAD","items_purchased":["Immolate","PreservedInsect","Energy Potion"],"campfire_rested":0,"item_purchase_floors":[12,12,12],"current_hp_per_floor":[53,39,39,44,44,44,39,45,45,19,19,19,19,25,25,0],"gold":19,"neow_bonus":"ONE_RANDOM_RARE_CARD","is_prod":false,"is_daily":false,"chose_seed":false,"campfire_upgraded":3,"win_rate":0,"timestamp":1565293339,"path_taken":["M","M","?","M","?","R","?","E","T","E","R","$","?","M","R","BOSS"],"build_version":"2019-07-17","purchased_purges":0,"victory":false,"max_hp_per_floor":[75,75,75,75,75,75,75,75,75,75,75,75,75,75,75,75],"card_choices":[{"not_picked":["Body Slam","Pummel"],"picked":"Whirlwind","floor":1},{"not_picked":["Headbutt","Hemokinesis"],"picked":"Anger","floor":2},{"not_picked":["Clash","Rupture"],"picked":"Ghostly Armor","floor":4},{"not_picked":["Wild Strike","Cleave"],"picked":"Shrug It Off","floor":8},{"not_picked":["Seeing Red","Sword Boomerang"],"picked":"True Grit","floor":10},{"not_picked":["Flex","Cleave","Hemokinesis"],"picked":"SKIP","floor":14}],"player_experience":750567,"relics_obtained":[{"floor":5,"key":"Ancient Tea Set"},{"floor":8,"key":"Potion Belt"},{"floor":9,"key":"Kunai"},{"floor":10,"key":"Calipers"}],"event_choices":[{"damage_healed":0,"gold_gain":0,"player_choice":"Grow","damage_taken":0,"max_hp_gain":0,"max_hp_loss":0,"event_name":"Living Wall","floor":3,"gold_loss":0,"cards_upgraded":["Whirlwind"]},{"damage_healed":0,"gold_gain":0,"player_choice":"Success","damage_taken":5,"relics_obtained":["Juzu Bracelet"],"max_hp_gain":0,"max_hp_loss":0,"event_name":"Scrap Ooze","floor":7,"gold_loss":0},{"damage_healed":0,"gold_gain":0,"player_choice":"0 cards matched","damage_taken":0,"max_hp_gain":0,"max_hp_loss":0,"event_name":"Match and Keep!","floor":13,"gold_loss":0,"cards_obtained":[]}],"is_beta":false,"boss_relics":[],"items_purged_floors":[],"is_endless":false,"potions_floor_spawned":[1,2,10],"killed_by":"Hexaghost","ascension_level":20}