{"gold_per_floor":[109,128,199,217,234,234,268,268,314,324,340,359,376,376,376,479,479,489,489,507,507,156,156,182,182,182,182,182,194,2,20,20,120,120,130,148,99,99,46,46,58,72,96,96,96,107,118,118,118,118],"floor_reached":50,"playtime":3468,"items_purged":["Defend_B"],"score":701,"play_id":"d4c4524a-4499-43f2-b2f6-77ee05299101","local_time":"20190810173025","is_ascension_mode":true,"campfire_choices":[{"data":"Zap","floor":6.0,"key":"SMITH"},{"data":"Redo","floor":8.0,"key":"SMITH"},{"floor":15.0,"key":"REST"},{"data":"Defragment","floor":23.0,"key":"SMITH"},{"data":"Enlightenment","floor":25.0,"key":"SMITH"},{"data":"Defragment","floor":28.0,"key":"SMITH"},{"data":"Defragment","floor":32.0,"key":"SMITH"},{"floor":40.0,"key":"REST"},{"data":"Fission","floor":44.0,"key":"SMITH"},{"floor":49,"key":"REST"}],"neow_cost":"NONE","seed_source_timestamp":0,"circlet_count":0,"master_deck":["Defend_B+1","Zap+1","Dualcast","Redo+1","Doom and Gloom","Electrodynamics","FTL","Leap","Cold Snap","Leap","Leap","Defragment+1","Hologram+1","Reboot","Lockon+1","Melter+1","Meteor Strike+1","Go for the Eyes+1","Defragment+1","Capacitor","Turbo","Enlightenment+1","Rebound","Turbo","Finesse","Defragment+1","Fission+1","Coolheaded+1","Stack+1","Leap","Hologram","Cold Snap+1","Go for the Eyes+1","Beam Cell+1"],"special_seed":0,"relics":["Cracked Core","Boot","Ornamental Fan","Dream Catcher","Astrolabe","War Paint","Blood Vial","Mercury Hourglass","Smiling Mask","Busted Crown","Pen Nib"],"potions_floor_usage":[46,50],"damage_taken":[{"damage":1.0,"enemies":"Cultist","floor":1.0,"turns":3.0},{"damage":1.0,"enemies":"Small Slimes","floor":2.0,"turns":4.0},{"damage":0.0,"enemies":"2 Louse","floor":4.0,"turns":2.0},{"damage":11.0,"enemies":"Blue Slaver","floor":5.0,"turns":3.0},{"damage":30.0,"enemies":"Lagavulin","floor":7.0,"turns":5.0},{"damage":0.0,"enemies":"Gremlin Gang","floor":10.0,"turns":1.0},{"damage":0.0,"enemies":"Looter","floor":11.0,"turns":3.0},{"damage":3.0,"enemies":"Red Slaver","floor":12.0,"turns":3.0},{"damage":5.0,"enemies":"2 Fungi Beasts","floor":13.0,"turns":3.0},{"damage":17.0,"enemies":"The Guardian","floor":16.0,"turns":15.0},{"damage":11.0,"enemies":"Shell Parasite","floor":18.0,"turns":5.0},{"damage":2.0,"enemies":"Spheric Guardian","floor":20.0,"turns":3.0},{"damage":19.0,"enemies":"Gremlin Leader","floor":24.0,"turns":5.0},{"damage":0.0,"enemies":"3 Cultists","floor":29.0,"turns":2.0},{"damage":1.0,"enemies":"Cultist and Chosen","floor":31.0,"turns":4.0},{"damage":53.0,"enemies":"Automaton","floor":33.0,"turns":8.0},{"damage":12.0,"enemies":"3 Shapes","floor":35.0,"turns":5.0},{"damage":26.0,"enemies":"3 Darklings","floor":36.0,"turns":3.0},{"damage":6.0,"enemies":"Sphere and 2 Shapes","floor":41.0,"turns":4.0},{"damage":4.0,"enemies":"Maw","floor":42.0,"turns":8.0},{"damage":3,"enemies":"3 Darklings","floor":46,"turns":4},{"damage":29,"enemies":"Jaw Worm Horde","floor":47,"turns":2},{"damage":38,"enemies":"Time Eater","floor":50,"turns":8}],"seed_played":"2025997334827670038","potions_obtained":[{"floor":4.0,"key":"Strength Potion"},{"floor":7.0,"key":"SteroidPotion"},{"floor":10.0,"key":"Poison Potion"},{"floor":12.0,"key":"SpeedPotion"},{"floor":13.0,"key":"Energy Potion"},{"floor":18.0,"key":"Energy Potion"},{"floor":20.0,"key":"EntropicBrew"},{"floor":41.0,"key":"Swift Potion"},{"floor":42.0,"key":"LiquidBronze"}],"is_trial":false,"path_per_floor":["M","M","?","M","M","R","E","R","T","M","M","M","M","?","R","B",null,"M","?","M","?","$","R","E","R","T","?","R","M","$","M","R","B",null,"M","M","$","?","$","R","M","M","T","R","?","M","M","?","R","B"],"character_chosen":"DEFECT","items_purchased":["War Paint","Turbo","Enlightenment","Turbo","Swift Potion","Finesse","Leap","Hologram"],"campfire_rested":3,"item_purchase_floors":[22,22,22,30,30,30,37,39],"current_hp_per_floor":[67,66,66,66,55,55,25,25,25,25,25,22,17,17,39,22,62,51,51,49,74,74,74,55,55,55,55,55,57,57,58,58,7,58,48,24,24,24,24,46,42,40,40,40,40,39,12,12,33,0],"gold":118,"neow_bonus":"RANDOM_COMMON_RELIC","is_prod":false,"is_daily":false,"chose_seed":false,"campfire_upgraded":7,"win_rate":0,"timestamp":1565476225,"path_taken":["M","M","?","M","M","R","E","R","T","M","M","M","M","?","R","BOSS","M","?","M","?","$","R","E","R","T","?","R","M","$","M","R","BOSS","M","?","$","?","$","R","M","?","T","R","?","M","M","?","R","BOSS"],"build_version":"2019-07-17","purchased_purges":1,"victory":false,"max_hp_per_floor":[75,75,75,75,75,75,75,75,75,75,75,75,75,75,75,75,75,75,75,75,75,75,75,75,75,75,75,75,75,75,75,75,75,75,75,75,75,75,75,75,75,75,75,75,71,71,71,71,71,71],"card_choices":[{"not_picked":["Barrage","Skim"],"picked":"Redo","floor":1.0},{"not_picked":["Turbo","Beam Cell"],"picked":"Doom and Gloom","floor":2.0},{"not_picked":["Redo","Beam Cell"],"picked":"Electrodynamics","floor":4.0},{"not_picked":["Barrage","Rebound"],"picked":"FTL","floor":5.0},{"not_picked":["Steam","Rebound"],"picked":"Leap","floor":7.0},{"not_picked":["Streamline","Lockon"],"picked":"Cold Snap","floor":10.0},{"not_picked":["Blizzard","Biased Cognition"],"picked":"Leap","floor":11.0},{"not_picked":["Stack","Gash"],"picked":"Leap","floor":12.0},{"not_picked":["Beam Cell","Cold Snap"],"picked":"Defragment","floor":13.0},{"not_picked":["Stack","Aggregate"],"picked":"Hologram","floor":15.0},{"not_picked":["Multi-Cast","Amplify"],"picked":"Reboot","floor":16.0},{"not_picked":["Beam Cell","Heatsinks+1"],"picked":"Go for the Eyes+1","floor":18.0},{"not_picked":["Hologram","Recycle"],"picked":"Capacitor","floor":20.0},{"not_picked":["Meteor Strike","Tempest","Redo"],"picked":"SKIP","floor":24.0},{"not_picked":["Go for the Eyes","Hologram"],"picked":"Rebound","floor":29.0},{"not_picked":["Hologram","Capacitor"],"picked":"Defragment","floor":31.0},{"not_picked":["Meteor Strike","Multi-Cast"],"picked":"Fission","floor":33.0},{"not_picked":[],"picked":"Coolheaded+1","floor":35.0},{"not_picked":[],"picked":"Stack+1","floor":36.0},{"not_picked":[],"picked":"Cold Snap+1","floor":40.0},{"not_picked":[],"picked":"Go for the Eyes+1","floor":41.0},{"not_picked":["Stack"],"picked":"SKIP","floor":42.0},{"not_picked":["Coolheaded"],"picked":"SKIP","floor":46},{"not_picked":[],"picked":"Beam Cell+1","floor":47}],"player_experience":276827,"relics_obtained":[{"floor":7.0,"key":"Ornamental Fan"},{"floor":9.0,"key":"Dream Catcher"},{"floor":24.0,"key":"Blood Vial"},{"floor":26.0,"key":"Mercury Hourglass"},{"floor":43.0,"key":"Pen Nib"}],"event_choices":[{"damage_healed":0.0,"max_hp_gain":0.0,"max_hp_loss":0.0,"gold_gain":71.0,"event_name":"Golden Wing","player_choice":"Gained Gold","floor":3.0,"gold_loss":0.0,"damage_taken":0.0},{"cards_removed":["Strike_B"],"damage_healed":0.0,"max_hp_gain":0.0,"max_hp_loss":0.0,"gold_gain":0.0,"event_name":"Purifier","player_choice":"Purged","floor":14.0,"gold_loss":0.0,"damage_taken":0.0},{"damage_healed":0.0,"max_hp_gain":0.0,"max_hp_loss":0.0,"gold_gain":0.0,"cards_transformed":["Defend_B","Defend_B"],"event_name":"Drug Dealer","player_choice":"Became Test Subject","floor":19.0,"gold_loss":0.0,"damage_taken":0.0,"cards_obtained":["Hyperbeam","Defragment"]},{"damage_healed":25.0,"max_hp_gain":0.0,"max_hp_loss":0.0,"gold_gain":0.0,"event_name":"The Library","player_choice":"Heal","floor":21.0,"gold_loss":0.0,"damage_taken":0.0},{"cards_removed":["Hyperbeam"],"damage_healed":0.0,"max_hp_gain":0.0,"max_hp_loss":0.0,"gold_gain":0.0,"event_name":"WeMeetAgain","player_choice":"Gave Card","floor":27.0,"gold_loss":0.0,"damage_taken":0.0,"relics_obtained":["Smiling Mask"]},{"damage_healed":0.0,"max_hp_gain":0.0,"max_hp_loss":0.0,"gold_gain":0.0,"event_name":"SecretPortal","player_choice":"Ignored","floor":38.0,"gold_loss":0.0,"damage_taken":0.0},{"damage_healed":0.0,"max_hp_gain":0.0,"max_hp_loss":4.0,"gold_gain":0.0,"event_name":"Winding Halls","player_choice":"Max HP","floor":45.0,"gold_loss":0.0,"damage_taken":0.0},{"damage_healed":0,"gold_gain":0,"player_choice":"Ignored","damage_taken":0,"max_hp_gain":0,"max_hp_loss":0,"event_name":"Mysterious Sphere","floor":48,"gold_loss":0}],"is_beta":false,"boss_relics":[{"not_picked":["Cursed Key","Eternal Feather"],"picked":"Astrolabe"},{"not_picked":["Calling Bell","Black Star"],"picked":"Busted Crown"}],"items_purged_floors":[22],"is_endless":false,"potions_floor_spawned":[4,7,10,12,13,16,18,20,24,41,42],"killed_by":"Time Eater","ascension_level":9}