{"gold_per_floor":[114,124,134,154,79,107,107,121,147,178,178,201,201],"floor_reached":13,"playtime":1039,"items_purged":["Strike_G"],"score":95,"play_id":"3452a02a-94f4-40d6-a552-c6c8c744da5d","local_time":"20190903172744","is_ascension_mode":false,"campfire_choices":[{"data":"Cloak And Dagger","floor":7,"key":"SMITH"}],"neow_cost":"NONE","seed_source_timestamp":1556267028723700,"circlet_count":0,"master_deck":["Strike_G","Strike_G","Strike_G","Strike_G","Defend_G","Defend_G","Defend_G","Defend_G","Defend_G","Survivor","Neutralize","Blur","Backflip","Infinite Blades","Cloak And Dagger+1","Endless Agony","Escape Plan","Cloak And Dagger","Regret","Outmaneuver"],"relics":["Ring of the Snake","Boot","Strawberry","Centennial Puzzle","Omamori","Odd Mushroom"],"potions_floor_usage":[6,6,10,13],"damage_taken":[{"damage":0,"enemies":"Small Slimes","floor":1,"turns":3},{"damage":0,"enemies":"2 Louse","floor":2,"turns":4},{"damage":3,"enemies":"Cultist","floor":3,"turns":6},{"damage":6,"enemies":"Exordium Wildlife","floor":4,"turns":5},{"damage":21,"enemies":"Lagavulin","floor":6,"turns":10},{"damage":0,"enemies":"Blue Slaver","floor":8,"turns":3},{"damage":8,"enemies":"3 Sentries","floor":10,"turns":14},{"damage":14,"enemies":"The Mushroom Lair","floor":12,"turns":6},{"damage":47,"enemies":"Gremlin Nob","floor":13,"turns":5}],"seed_played":"22952890761936003","potions_obtained":[{"floor":1,"key":"Fire Potion"},{"floor":4,"key":"Weak Potion"},{"floor":8,"key":"Swift Potion"},{"floor":12,"key":"GamblersBrew"}],"is_trial":false,"path_per_floor":["M","M","M","M","$","E","R","M","T","E","?","?","E"],"character_chosen":"THE_SILENT","items_purchased":[],"campfire_rested":0,"item_purchase_floors":[],"current_hp_per_floor":[77,77,74,68,68,47,47,47,54,46,46,32,0],"gold":201,"neow_bonus":"TEN_PERCENT_HP_BONUS","is_prod":false,"is_daily":false,"chose_seed":false,"campfire_upgraded":1,"win_rate":0,"timestamp":1567556864,"path_taken":["M","M","M","M","$","E","R","M","T","E","?","?","E"],"build_version":"2019-07-17","purchased_purges":1,"victory":false,"max_hp_per_floor":[77,77,77,77,77,77,77,77,84,84,84,84,84],"card_choices":[{"not_picked":["Dagger Throw","Deadly Poison"],"picked":"Blur","floor":1},{"not_picked":["Backstab","Underhanded Strike"],"picked":"Backflip","floor":2},{"not_picked":["Underhanded Strike","Distraction"],"picked":"Infinite Blades","floor":3},{"not_picked":["Deflect","Bane"],"picked":"Cloak And Dagger","floor":4},{"not_picked":["Flying Knee","Dash"],"picked":"Endless Agony","floor":6},{"not_picked":["Skewer","Deflect"],"picked":"Escape Plan","floor":8},{"not_picked":["Bane","Reflex"],"picked":"Cloak And Dagger","floor":10},{"not_picked":["Deflect","Die Die Die"],"picked":"Outmaneuver","floor":12}],"player_experience":109479,"relics_obtained":[{"floor":6,"key":"Boot"},{"floor":9,"key":"Strawberry"},{"floor":10,"key":"Centennial Puzzle"},{"floor":12,"key":"Odd Mushroom"}],"event_choices":[{"damage_healed":0,"gold_gain":0,"player_choice":"Box","damage_taken":0,"relics_obtained":["Omamori"],"max_hp_gain":0,"max_hp_loss":0,"event_name":"Big Fish","floor":11,"gold_loss":0,"cards_obtained":["Regret"]},{"damage_healed":0,"gold_gain":0,"player_choice":"Fought Mushrooms","damage_taken":0,"max_hp_gain":0,"max_hp_loss":0,"event_name":"Mushrooms","floor":12,"gold_loss":0}],"is_beta":false,"boss_relics":[],"items_purged_floors":[5],"is_endless":false,"potions_floor_spawned":[1,4,8,12],"killed_by":"Gremlin Nob","ascension_level":0}