{"gold_per_floor":[114,114,131,146,0,0,13,25,77,91,103,122,155,171,171,276,276,286,304,7,17,34,61,80,80,161,173,190,190,190,190,190,286,286,298,34,34,48,0,33,49,69,96,96,96],"floor_reached":45,"playtime":2270,"items_purged":["Strike_B","Strike_B"],"score":550,"play_id":"2afce4e0-9b70-4fb5-a40a-eeb50ab4ba40","local_time":"20181230021845","is_ascension_mode":false,"campfire_choices":[{"data":"Zap","floor":6,"key":"SMITH"},{"data":"Hologram","floor":15,"key":"SMITH"},{"floor":25,"key":"REST"},{"floor":30,"key":"RECALL"},{"floor":32,"key":"REST"},{"floor":44,"key":"REST"}],"neow_cost":"NONE","seed_source_timestamp":207323858895494,"circlet_count":0,"master_deck":["Defend_B","Defend_B","Defend_B","Defend_B","Zap+1","Dualcast","Streamline+1","Coolheaded","Conserve Battery","Conserve Battery","Redo","Cold Snap","Seek","Coolheaded","Rebound","Hologram+1","Core Surge","Steam","Leap","Defragment","Doom and Gloom+1","Gash","Leap","Compile Driver+1","Rebound","Capacitor+1","Leap+1","Defragment+1","Ball Lightning+1","Barrage+1","Meteor Strike+1","Chill+1","Apotheosis","Gash+1","Gash+1","Storm","Gash+1","Leap+1","Hologram+1","Redo+1","Coolheaded+1"],"relics":["Cracked Core","PreservedInsect","Mercury Hourglass","Fusion Hammer","Prayer Wheel","Dream Catcher","Molten Egg 2","Lantern","Philosopher\u0027s Stone","Red Mask","Kunai"],"potions_floor_usage":[13,24,24,42,45],"damage_taken":[{"damage":2,"enemies":"2 Louse","floor":1,"turns":3},{"damage":0,"enemies":"Cultist","floor":3,"turns":2},{"damage":1,"enemies":"Small Slimes","floor":4,"turns":3},{"damage":8,"enemies":"Looter","floor":7,"turns":3},{"damage":13,"enemies":"Exordium Thugs","floor":8,"turns":4},{"damage":4,"enemies":"Exordium Wildlife","floor":10,"turns":5},{"damage":0,"enemies":"3 Louse","floor":11,"turns":3},{"damage":9,"enemies":"Large Slime","floor":12,"turns":5},{"damage":6,"enemies":"3 Sentries","floor":13,"turns":5},{"damage":1,"enemies":"Exordium Thugs","floor":14,"turns":3},{"damage":10,"enemies":"Hexaghost","floor":16,"turns":9},{"damage":0,"enemies":"Shell Parasite","floor":18,"turns":4},{"damage":0,"enemies":"Chosen","floor":19,"turns":3},{"damage":7,"enemies":"Sentry and Sphere","floor":21,"turns":6},{"damage":10,"enemies":"Chosen and Byrds","floor":22,"turns":6},{"damage":32,"enemies":"Slavers","floor":23,"turns":3},{"damage":24,"enemies":"Shelled Parasite and Fungi","floor":24,"turns":7},{"damage":3,"enemies":"Centurion and Healer","floor":27,"turns":7},{"damage":19,"enemies":"Snake Plant","floor":28,"turns":4},{"damage":39,"enemies":"Collector","floor":33,"turns":10},{"damage":0,"enemies":"3 Shapes","floor":35,"turns":5},{"damage":15,"enemies":"3 Darklings","floor":38,"turns":5},{"damage":13,"enemies":"Giant Head","floor":40,"turns":7},{"damage":14,"enemies":"Jaw Worm Horde","floor":41,"turns":5},{"damage":11,"enemies":"Maw","floor":42,"turns":7},{"damage":53,"enemies":"Reptomancer","floor":45,"turns":2}],"seed_played":"-5447342063662126846","potions_obtained":[{"floor":4,"key":"SteroidPotion"},{"floor":7,"key":"PowerPotion"},{"floor":11,"key":"GamblersBrew"},{"floor":12,"key":"Regen Potion"},{"floor":13,"key":"SpeedPotion"},{"floor":14,"key":"Energy Potion"},{"floor":16,"key":"Regen Potion"},{"floor":28,"key":"Swift Potion"},{"floor":33,"key":"Strength Potion"},{"floor":40,"key":"PowerPotion"},{"floor":42,"key":"Energy Potion"}],"is_trial":false,"path_per_floor":["M","?","M","M","$","R","M","M","T","M","M","M","E","M","R","B",null,"M","M","$","M","M","E","M","R","T","M","M","?","R","?","R","B",null,"M","$","?","M","?","E","M","M","T","R","E"],"character_chosen":"DEFECT","items_purchased":["Defragment","Prayer Wheel","Apotheosis"],"campfire_rested":3,"item_purchase_floors":[5,20,36],"current_hp_per_floor":[73,73,73,72,72,72,64,51,51,47,47,38,32,31,31,21,75,75,75,75,68,58,26,42,64,64,61,42,42,42,42,64,25,75,75,75,75,60,60,47,33,22,22,44,0],"gold":96,"neow_bonus":"REMOVE_CARD","is_prod":false,"is_daily":false,"chose_seed":false,"campfire_upgraded":2,"win_rate":0,"timestamp":1546157925,"path_taken":["M","?","M","M","$","R","M","M","T","M","M","?","E","M","R","BOSS","M","M","$","M","M","E","M","R","T","M","M","?","R","?","R","BOSS","M","$","?","M","?","E","M","M","T","R","E"],"build_version":"2018-12-20","purchased_purges":2,"victory":false,"max_hp_per_floor":[75,75,75,75,75,75,75,75,75,75,75,75,75,75,75,75,75,75,75,75,75,75,75,75,75,75,75,75,75,75,75,75,75,75,75,75,75,75,75,75,75,75,75,75,75],"card_choices":[{"not_picked":["Conserve Battery","Compile Driver"],"picked":"Streamline","floor":1},{"not_picked":["Beam Cell","Static Discharge"],"picked":"Coolheaded","floor":3},{"not_picked":["Ball Lightning","Static Discharge"],"picked":"Conserve Battery","floor":4},{"not_picked":["Sweeping Beam","Genetic Algorithm"],"picked":"Conserve Battery","floor":7},{"not_picked":["White Noise","Go for the Eyes"],"picked":"Redo","floor":8},{"not_picked":["Recycle","Storm"],"picked":"Cold Snap","floor":10},{"not_picked":["Genetic Algorithm","Blizzard"],"picked":"Seek","floor":11},{"not_picked":["Barrage","Go for the Eyes"],"picked":"Coolheaded","floor":12},{"not_picked":["Turbo","Go for the Eyes"],"picked":"Rebound","floor":13},{"not_picked":["Storm","Aggregate"],"picked":"Hologram","floor":14},{"not_picked":["Amplify","Fission"],"picked":"Core Surge","floor":16},{"not_picked":["Fusion","Rebound","Force Field"],"picked":"SKIP","floor":18},{"not_picked":["Streamline+1","Melter"],"picked":"Steam","floor":19},{"not_picked":["Beam Cell","Redo"],"picked":"Leap","floor":21},{"not_picked":["Reprogram","Turbo"],"picked":"Defragment","floor":21},{"not_picked":["Hologram","Compile Driver+1"],"picked":"Doom and Gloom+1","floor":22},{"not_picked":["Recycle","Scrape+1"],"picked":"Gash","floor":22},{"not_picked":["Genetic Algorithm","Fusion"],"picked":"Leap","floor":23},{"not_picked":["Scrape","Auto Shields"],"picked":"Compile Driver+1","floor":24},{"not_picked":["Streamline","Rebound","Steam"],"picked":"SKIP","floor":24},{"not_picked":["All For One","Force Field"],"picked":"Rebound","floor":25},{"not_picked":["Hologram","Ball Lightning+1"],"picked":"Capacitor+1","floor":27},{"not_picked":["Ball Lightning+1","Fusion"],"picked":"Leap+1","floor":27},{"not_picked":["Stack","Chaos"],"picked":"Defragment+1","floor":28},{"not_picked":["Turbo","Conserve Battery"],"picked":"Ball Lightning+1","floor":28},{"not_picked":["FTL+1","Blizzard+1"],"picked":"Barrage+1","floor":32},{"not_picked":["Fission","All For One+1"],"picked":"Meteor Strike+1","floor":33},{"not_picked":["Turbo","Stack+1"],"picked":"Chill+1","floor":35},{"not_picked":["Force Field","Steam","Scrape+1"],"picked":"SKIP","floor":35},{"not_picked":["Chill+1","BootSequence"],"picked":"Gash+1","floor":38},{"not_picked":["Barrage+1","Conserve Battery+1"],"picked":"Gash+1","floor":38},{"not_picked":["Tempest+1","Steam"],"picked":"Storm","floor":40},{"not_picked":["Turbo+1","Storm+1"],"picked":"Gash+1","floor":41},{"not_picked":["Lockon+1","Multi-Cast"],"picked":"Leap+1","floor":41},{"not_picked":["Darkness","BootSequence+1"],"picked":"Hologram+1","floor":42},{"not_picked":["Recycle+1","Barrage+1"],"picked":"Redo+1","floor":42},{"not_picked":["Sunder+1","Stack"],"picked":"Coolheaded+1","floor":44}],"player_experience":55003,"relics_obtained":[{"floor":9,"key":"PreservedInsect"},{"floor":13,"key":"Mercury Hourglass"},{"floor":23,"key":"Dream Catcher"},{"floor":26,"key":"Molten Egg 2"},{"floor":40,"key":"Kunai"}],"event_choices":[{"damage_healed":0,"gold_gain":0,"player_choice":"Forge","damage_taken":0,"max_hp_gain":0,"max_hp_loss":0,"event_name":"Accursed Blacksmith","floor":2,"gold_loss":0,"cards_upgraded":["Streamline"]},{"cards_removed":["Strike_B"],"damage_healed":0,"gold_gain":0,"player_choice":"Elegance","damage_taken":0,"max_hp_gain":0,"max_hp_loss":0,"event_name":"Back to Basics","floor":29,"gold_loss":0},{"damage_healed":0,"gold_gain":0,"player_choice":"Gave Potion","damage_taken":0,"relics_obtained":["Lantern"],"max_hp_gain":0,"max_hp_loss":0,"event_name":"WeMeetAgain","floor":31,"gold_loss":0},{"cards_removed":["Defragment"],"damage_healed":0,"gold_gain":0,"player_choice":"Removed Power","damage_taken":0,"max_hp_gain":0,"max_hp_loss":0,"event_name":"Falling","floor":37,"gold_loss":0},{"damage_healed":0,"gold_gain":0,"player_choice":"Paid","damage_taken":0,"relics_obtained":["Red Mask"],"max_hp_gain":0,"max_hp_loss":0,"event_name":"Tomb of Lord Red Mask","floor":39,"gold_loss":48}],"is_beta":false,"boss_relics":[{"not_picked":["Coffee Dripper","Snecko Eye"],"picked":"Fusion Hammer"},{"not_picked":["Black Star","White Beast Statue"],"picked":"Philosopher\u0027s Stone"}],"items_purged_floors":[5,36],"is_endless":false,"potions_floor_spawned":[4,7,11,12,13,14,16,19,21,22,28,33,40,41,42],"killed_by":"Reptomancer","ascension_level":0}