{"gold_per_floor":[111,11,26,46,46,46,71,84,84,101,40,52,52,81,81,81],"floor_reached":16,"playtime":484,"items_purged":["Strike_G"],"score":224,"play_id":"5fc382a5-b367-483f-b520-50e6beb9a02b","local_time":"20190704151142","is_ascension_mode":true,"campfire_choices":[{"data":"Die Die Die","floor":6.0,"key":"SMITH"},{"floor":13.0,"key":"REST"},{"floor":15.0,"key":"REST"}],"neow_cost":"NONE","seed_source_timestamp":391064733061200,"circlet_count":0,"master_deck":["AscendersBane","Strike_G","Strike_G","Strike_G","Strike_G","Defend_G","Defend_G","Defend_G","Defend_G","Defend_G","Survivor","Neutralize+1","Masterful Stab","Dagger Spray","Sucker Punch","Slice","Catalyst","Die Die Die+1","Cloak And Dagger","Deadly Poison","Blur","Footwork","Cloak And Dagger"],"special_seed":0,"relics":["Ring of the Snake","The Courier","Kunai","Mummified Hand"],"potions_floor_usage":[16],"damage_taken":[{"damage":6.0,"enemies":"Cultist","floor":1.0,"turns":5.0},{"damage":2.0,"enemies":"Jaw Worm","floor":3.0,"turns":4.0},{"damage":6.0,"enemies":"2 Louse","floor":4.0,"turns":3.0},{"damage":33.0,"enemies":"Lagavulin","floor":7.0,"turns":9.0},{"damage":0.0,"enemies":"Gremlin Gang","floor":8.0,"turns":1.0},{"damage":6.0,"enemies":"3 Louse","floor":10.0,"turns":2.0},{"damage":0.0,"enemies":"2 Fungi Beasts","floor":12.0,"turns":3.0},{"damage":24.0,"enemies":"Gremlin Nob","floor":14.0,"turns":4.0},{"damage":20,"enemies":"The Guardian","floor":16,"turns":2}],"seed_played":"3728691777765223739","potions_obtained":[{"floor":1.0,"key":"SkillPotion"},{"floor":3.0,"key":"PowerPotion"},{"floor":14.0,"key":"EssenceOfSteel"}],"is_trial":false,"path_per_floor":["M","$","M","M","?","R","E","M","T","M","$","M","R","E","R","B"],"character_chosen":"THE_SILENT","items_purchased":["Dagger Spray","Footwork"],"campfire_rested":2,"item_purchase_floors":[2,11],"current_hp_per_floor":[53,53,51,45,45,45,12,12,12,6,6,6,25,1,20,0],"gold":81,"neow_bonus":"UPGRADE_CARD","is_prod":false,"is_daily":false,"chose_seed":false,"campfire_upgraded":1,"win_rate":0,"timestamp":1562267502,"path_taken":["M","?","M","M","?","R","E","?","T","M","?","M","R","E","R","BOSS"],"build_version":"2019-07-01","purchased_purges":1,"victory":false,"max_hp_per_floor":[66,66,66,66,66,66,66,66,66,66,66,66,66,66,66,66],"card_choices":[{"not_picked":["Prepared","Choke"],"picked":"Masterful Stab","floor":1.0},{"not_picked":["PiercingWail","Blade Dance"],"picked":"Sucker Punch","floor":3.0},{"not_picked":["Outmaneuver","Crippling Poison"],"picked":"Slice","floor":4.0},{"not_picked":["Blade Dance","Finisher"],"picked":"Cloak And Dagger","floor":7.0},{"not_picked":["Finisher","Blade Dance"],"picked":"Deadly Poison","floor":8.0},{"not_picked":["A Thousand Cuts","Quick Slash"],"picked":"Blur","floor":10.0},{"not_picked":["Acrobatics","Flying Knee","Bane"],"picked":"SKIP","floor":12.0},{"not_picked":["Flying Knee","Poisoned Stab"],"picked":"Cloak And Dagger","floor":14.0}],"player_experience":771720,"relics_obtained":[{"floor":7.0,"key":"The Courier"},{"floor":9.0,"key":"Kunai"},{"floor":14.0,"key":"Mummified Hand"}],"event_choices":[{"damage_healed":0.0,"max_hp_gain":0.0,"max_hp_loss":0.0,"gold_gain":0.0,"event_name":"Match and Keep!","player_choice":"2 cards matched","floor":5.0,"gold_loss":0.0,"damage_taken":0.0,"cards_obtained":["Catalyst","Die Die Die"]}],"is_beta":false,"boss_relics":[],"items_purged_floors":[2],"is_endless":false,"potions_floor_spawned":[1,3,4,14],"killed_by":"The Guardian","ascension_level":20}