{"gold_per_floor":[121,208,220,242,254,266,74,104,131,131,160,60,60,75,75,171,171,188,220,231,330,330,330,344,362,362,362,396,414,414,2,2,104,104,122,135,10,110,110,110,155,155,229,451,461,154,154,174,174,174],"floor_reached":51,"playtime":3121,"items_purged":["Regret","Strike_R","Strike_R","Strike_R"],"score":855,"play_id":"7613e9f3-a39c-46da-99ea-e1e5dcfee709","local_time":"20181211032822","is_ascension_mode":true,"campfire_choices":[{"data":"Body Slam","floor":6.0,"key":"SMITH"},{"floor":10.0,"key":"REST"},{"data":"Bash","floor":15.0,"key":"SMITH"},{"data":"Barricade","floor":23.0,"key":"SMITH"},{"floor":27.0,"key":"REST"},{"floor":30,"key":"REST"},{"data":"Shockwave","floor":32,"key":"SMITH"},{"data":"Disarm","floor":40,"key":"SMITH"},{"data":"Offering","floor":42,"key":"SMITH"},{"floor":49,"key":"REST"}],"neow_cost":"NONE","seed_source_timestamp":405011288466500,"circlet_count":0,"master_deck":["Defend_R","Defend_R","Defend_R","Defend_R+1","Bash+1","Whirlwind+1","Body Slam+1","Spot Weakness+1","Barricade+1","Disarm+1","Battle Trance+1","Offering+1","Shockwave+1","Bandage Up","Madness","Madness"],"special_seed":0,"relics":["Burning Blood","MawBank","Pear","War Paint","Centennial Puzzle","Shuriken","Lizard Tail","Red Mask","Blue Candle","Bottled Flame","Sling","Bag of Marbles","Busted Crown","Unceasing Top","Prayer Wheel","Bottled Tornado","Anchor"],"potions_floor_usage":[33,33,41,50],"damage_taken":[{"damage":4.0,"enemies":"Small Slimes","floor":1.0,"turns":4.0},{"damage":4.0,"enemies":"Jaw Worm","floor":4.0,"turns":6.0},{"damage":39.0,"enemies":"Lagavulin","floor":8.0,"turns":7.0},{"damage":20.0,"enemies":"3 Sentries","floor":11.0,"turns":5.0},{"damage":0.0,"enemies":"Cultist","floor":14.0,"turns":3.0},{"damage":30.0,"enemies":"The Guardian","floor":16.0,"turns":10.0},{"damage":0.0,"enemies":"3 Byrds","floor":18.0,"turns":5.0},{"damage":10.0,"enemies":"Masked Bandits","floor":19.0,"turns":3.0},{"damage":22.0,"enemies":"2 Thieves","floor":20.0,"turns":3.0},{"damage":23.0,"enemies":"Snake Plant","floor":24.0,"turns":4.0},{"damage":23.0,"enemies":"Cultist and Chosen","floor":25.0,"turns":6.0},{"damage":21,"enemies":"Slavers","floor":28,"turns":2},{"damage":10,"enemies":"Centurion and Healer","floor":29,"turns":5},{"damage":43,"enemies":"Champ","floor":33,"turns":14},{"damage":13,"enemies":"Orb Walker","floor":35,"turns":2},{"damage":13,"enemies":"3 Shapes","floor":36,"turns":3},{"damage":7,"enemies":"Mind Bloom Boss Battle","floor":38,"turns":6},{"damage":14,"enemies":"2 Orb Walkers","floor":41,"turns":2},{"damage":16,"enemies":"Writhing Mass","floor":45,"turns":6},{"damage":6,"enemies":"Transient","floor":48,"turns":5},{"damage":34,"enemies":"Awakened One","floor":50,"turns":13}],"seed_played":"4704333689132675321","potions_obtained":[{"floor":8.0,"key":"BloodPotion"},{"floor":11.0,"key":"Energy Potion"},{"floor":20.0,"key":"Dexterity Potion"},{"floor":24.0,"key":"AttackPotion"},{"floor":33,"key":"SteroidPotion"},{"floor":45,"key":"Weak Potion"}],"is_trial":false,"path_per_floor":["M","?","?","M","?","R","$","E","T","R","E","$","?","M","R","B",null,"M","?","M","?","?","R","M","M","T","R","E","M","R","$","R","B",null,"M","M","$","?","?","R","?","R","T","?","M","$","?","M","R","B",null],"character_chosen":"IRONCLAD","items_purchased":["Spot Weakness","Dexterity Potion","Sling","Bag of Marbles","Energy Potion","Anchor"],"campfire_rested":4,"item_purchase_floors":[7,7,31,31,31,46],"current_hp_per_floor":[80,69,69,71,81,81,81,48,48,75,61,61,54,60,60,45,79,85,81,65,65,65,65,48,31,31,58,43,39,66,66,66,29,75,68,61,61,60,60,60,56,56,56,56,50,50,39,43,70,46],"gold":174,"neow_bonus":"RANDOM_COMMON_RELIC","is_prod":false,"is_daily":false,"chose_seed":false,"campfire_upgraded":6,"win_rate":0,"timestamp":1544527702,"path_taken":["M","?","?","?","?","R","$","E","T","R","E","$","?","M","R","BOSS","M","?","M","?","?","R","?","M","T","R","E","M","R","$","R","BOSS","M","M","$","?","?","R","?","R","T","?","M","$","?","M","R","BOSS"],"build_version":"2018-12-06","purchased_purges":4,"victory":true,"max_hp_per_floor":[80,80,80,80,90,90,90,90,90,90,90,90,90,90,90,90,90,90,90,90,90,90,90,90,90,90,90,90,90,90,90,90,90,90,90,90,90,90,90,90,90,90,90,90,90,90,90,90,90,90],"card_choices":[{"not_picked":["Cleave","Spot Weakness"],"picked":"Whirlwind","floor":1.0},{"not_picked":["Second Wind","Heavy Blade"],"picked":"Body Slam","floor":4.0},{"not_picked":["Twin Strike","Flex","Warcry"],"picked":"SKIP","floor":8.0},{"not_picked":["Clothesline","Clash","Flex"],"picked":"SKIP","floor":11.0},{"not_picked":["Warcry","Combust","Headbutt"],"picked":"SKIP","floor":14.0},{"not_picked":["Limit Break","Dark Embrace"],"picked":"Barricade","floor":16.0},{"not_picked":["Pommel Strike","Iron Wave+1"],"picked":"Disarm","floor":18.0},{"not_picked":["Heavy Blade","Burning Pact","Havoc+1"],"picked":"SKIP","floor":20.0},{"not_picked":["Sword Boomerang","Rampage","Perfected Strike"],"picked":"SKIP","floor":24.0},{"not_picked":["Wild Strike+1","Berserk"],"picked":"Battle Trance+1","floor":25.0},{"not_picked":["Havoc","Sword Boomerang"],"picked":"Offering","floor":28},{"not_picked":["Sever Soul+1","Iron Wave"],"picked":"Shockwave","floor":29},{"not_picked":["Sentinel"],"picked":"SKIP","floor":35},{"not_picked":["Thunderclap"],"picked":"SKIP","floor":36},{"not_picked":[],"picked":"Bandage Up","floor":39},{"not_picked":["Thunderclap+1"],"picked":"SKIP","floor":45},{"not_picked":["Infernal Blade+1"],"picked":"SKIP","floor":45},{"not_picked":["Cleave"],"picked":"SKIP","floor":48},{"not_picked":["Wild Strike"],"picked":"SKIP","floor":48}],"player_experience":33811,"relics_obtained":[{"floor":8.0,"key":"War Paint"},{"floor":9.0,"key":"Centennial Puzzle"},{"floor":11.0,"key":"Shuriken"},{"floor":19.0,"key":"Red Mask"},{"floor":26.0,"key":"Blue Candle"},{"floor":28,"key":"Bottled Flame"},{"floor":38,"key":"Unceasing Top"},{"floor":41,"key":"Prayer Wheel"},{"floor":43,"key":"Bottled Tornado"}],"event_choices":[{"damage_healed":0.0,"max_hp_gain":0.0,"max_hp_loss":0.0,"gold_gain":75.0,"event_name":"World of Goop","player_choice":"Gather Gold","floor":2.0,"gold_loss":0.0,"damage_taken":11.0},{"damage_healed":0.0,"max_hp_gain":0.0,"max_hp_loss":0.0,"gold_gain":0.0,"event_name":"Upgrade Shrine","player_choice":"Upgraded","floor":3.0,"gold_loss":0.0,"damage_taken":0.0,"cards_upgraded":["Whirlwind"]},{"damage_healed":0.0,"max_hp_gain":0.0,"max_hp_loss":0.0,"gold_gain":0.0,"event_name":"Big Fish","player_choice":"Box","floor":5.0,"gold_loss":0.0,"damage_taken":0.0,"relics_obtained":["Pear"],"cards_obtained":["Regret"]},{"cards_removed":["Strike_R"],"damage_healed":0.0,"max_hp_gain":0.0,"max_hp_loss":0.0,"gold_gain":0.0,"event_name":"Golden Wing","player_choice":"Card Removal","floor":13.0,"gold_loss":0.0,"damage_taken":7.0},{"damage_healed":0.0,"max_hp_gain":0.0,"max_hp_loss":0.0,"gold_gain":0.0,"event_name":"Masked Bandits","player_choice":"Fought Bandits","floor":19.0,"gold_loss":0.0,"damage_taken":0.0},{"damage_healed":0.0,"max_hp_gain":0.0,"max_hp_loss":0.0,"gold_gain":99.0,"event_name":"Nest","player_choice":"Stole From Cult","floor":21.0,"gold_loss":0.0,"damage_taken":0.0},{"cards_removed":["Strike_R"],"damage_healed":0.0,"max_hp_gain":0.0,"max_hp_loss":0.0,"gold_gain":0.0,"event_name":"Back to Basics","player_choice":"Elegance","floor":22.0,"gold_loss":0.0,"damage_taken":0.0},{"damage_healed":0,"gold_gain":0,"player_choice":"Fight","damage_taken":0,"max_hp_gain":0,"max_hp_loss":0,"event_name":"MindBloom","floor":38,"gold_loss":0},{"damage_healed":0,"gold_gain":0,"player_choice":"Memory 1","damage_taken":0,"max_hp_gain":0,"max_hp_loss":0,"event_name":"SensoryStone","floor":39,"gold_loss":0},{"damage_healed":0,"gold_gain":0,"player_choice":"Fight","damage_taken":0,"max_hp_gain":0,"max_hp_loss":0,"event_name":"Mysterious Sphere","floor":41,"gold_loss":0},{"damage_healed":0,"gold_gain":222,"player_choice":"Wore Mask","damage_taken":0,"max_hp_gain":0,"max_hp_loss":0,"event_name":"Tomb of Lord Red Mask","floor":44,"gold_loss":0},{"damage_healed":0,"gold_gain":0,"player_choice":"Embrace Madness","damage_taken":11,"max_hp_gain":0,"max_hp_loss":0,"event_name":"Winding Halls","floor":47,"gold_loss":0,"cards_obtained":["Madness","Madness"]}],"is_beta":false,"boss_relics":[{"not_picked":["Philosopher\u0027s Stone","Empty Cage"],"picked":"Lizard Tail"},{"not_picked":["White Beast Statue","Runic Cube"],"picked":"Busted Crown"}],"items_purged_floors":[7,12,37,46],"is_endless":false,"potions_floor_spawned":[8,11,20,24,29,33,45],"ascension_level":5}