{"gold_per_floor":[115,115,115,130,35,35,68,81,107,107,126,164,77,95,95,190,190,210,231,231,283,283,283],"floor_reached":23,"playtime":729,"items_purged":[],"score":426,"play_id":"544b3f4d-e9c7-49cd-b570-6c0e8f8e7925","local_time":"20181227153634","is_ascension_mode":true,"campfire_choices":[{"data":"Good Instincts","floor":6.0,"key":"SMITH"},{"data":"Bash","floor":10.0,"key":"SMITH"},{"data":"Flex","floor":15.0,"key":"SMITH"}],"neow_cost":"NONE","seed_source_timestamp":255451432689000,"circlet_count":0,"master_deck":["AscendersBane","Strike_R","Strike_R","Strike_R+1","Strike_R+1","Defend_R","Defend_R","Defend_R","Defend_R","Bash+1","Spot Weakness","Anger","Good Instincts+1","Pummel","Flex+1","Twin Strike","Shrug It Off","Fiend Fire","Battle Trance","Flex","Armaments+1","Feel No Pain"],"special_seed":0,"relics":["Burning Blood","NeowsBlessing","Bloody Idol","Whetstone","Strawberry","Prayer Wheel","Runic Pyramid","Smiling Mask"],"potions_floor_usage":[23],"damage_taken":[{"damage":0.0,"enemies":"Jaw Worm","floor":1.0,"turns":1.0},{"damage":0.0,"enemies":"2 Louse","floor":4.0,"turns":1.0},{"damage":0.0,"enemies":"3 Sentries","floor":7.0,"turns":2.0},{"damage":1.0,"enemies":"Cultist","floor":8.0,"turns":3.0},{"damage":19.0,"enemies":"3 Louse","floor":11.0,"turns":4.0},{"damage":22.0,"enemies":"Lagavulin","floor":12.0,"turns":5.0},{"damage":7.0,"enemies":"Exordium Wildlife","floor":14.0,"turns":3.0},{"damage":17.0,"enemies":"The Guardian","floor":16.0,"turns":5.0},{"damage":16.0,"enemies":"Chosen","floor":18.0,"turns":4.0},{"damage":13.0,"enemies":"Shell Parasite","floor":19.0,"turns":4.0},{"damage":59,"enemies":"Slavers","floor":23,"turns":5}],"seed_played":"-6550523004226511848","potions_obtained":[{"floor":4.0,"key":"Energy Potion"},{"floor":11.0,"key":"Block Potion"}],"is_trial":false,"path_per_floor":["M","?","?","M","$","R","E","M","T","R","M","E","$","M","R","B",null,"M","M","M","?","T","?","E"],"character_chosen":"IRONCLAD","items_purchased":["Good Instincts","Fiend Fire"],"campfire_rested":0,"item_purchase_floors":[5,13],"current_hp_per_floor":[74,68,61,67,67,67,68,68,75,75,62,46,46,45,45,34,65,55,48,48,53,53,0],"gold":283,"neow_bonus":"THREE_ENEMY_KILL","is_prod":false,"is_daily":false,"chose_seed":false,"campfire_upgraded":3,"win_rate":0,"timestamp":1545953794,"path_taken":["M","?","?","M","?","R","E","M","T","R","?","E","$","M","R","BOSS","M","M","?","?","?","E"],"build_version":"2018-12-20","purchased_purges":0,"victory":false,"max_hp_per_floor":[75,68,68,68,68,68,68,68,75,75,75,75,75,75,75,75,75,75,75,75,75,75,75],"card_choices":[{"not_picked":["True Grit","Shrug It Off"],"picked":"Spot Weakness","floor":1.0},{"not_picked":["True Grit","Body Slam"],"picked":"Anger","floor":4.0},{"not_picked":["Wild Strike","Entrench"],"picked":"Pummel","floor":7.0},{"not_picked":["Havoc","Warcry"],"picked":"Flex","floor":8.0},{"not_picked":["Perfected Strike","Ghostly Armor"],"picked":"Twin Strike","floor":11.0},{"not_picked":["Anger","Brutality"],"picked":"Shrug It Off","floor":12.0},{"not_picked":["Body Slam","Clothesline"],"picked":"Battle Trance","floor":14.0},{"not_picked":["Wild Strike","Sword Boomerang"],"picked":"Flex","floor":14.0},{"not_picked":["Clothesline","Heavy Blade"],"picked":"Armaments","floor":18.0},{"not_picked":["Clothesline","Burning Pact","Sword Boomerang"],"picked":"SKIP","floor":18.0},{"not_picked":["Rupture","True Grit"],"picked":"Feel No Pain","floor":19.0},{"not_picked":["Flex+1","Carnage","Armaments"],"picked":"SKIP","floor":19.0}],"player_experience":213775,"relics_obtained":[{"floor":7.0,"key":"Whetstone"},{"floor":9.0,"key":"Strawberry"},{"floor":12.0,"key":"Prayer Wheel"},{"floor":21.0,"key":"Smiling Mask"}],"event_choices":[{"damage_healed":0.0,"max_hp_gain":0.0,"max_hp_loss":7.0,"gold_gain":0.0,"event_name":"Golden Idol","player_choice":"Lose Max HP","floor":2.0,"gold_loss":0.0,"damage_taken":0.0,"relics_obtained":["Golden Idol"]},{"cards_removed":["Strike_R"],"damage_healed":0.0,"max_hp_gain":0.0,"max_hp_loss":0.0,"gold_gain":0.0,"event_name":"Golden Wing","player_choice":"Card Removal","floor":3.0,"gold_loss":0.0,"damage_taken":7.0},{"damage_healed":0.0,"max_hp_gain":0.0,"max_hp_loss":0.0,"gold_gain":0.0,"event_name":"Forgotten Altar","player_choice":"Gave Idol","floor":20.0,"relics_lost":["Golden Idol"],"gold_loss":0.0,"damage_taken":0.0,"relics_obtained":["Bloody Idol"]},{"damage_healed":0.0,"max_hp_gain":0.0,"max_hp_loss":0.0,"gold_gain":0.0,"event_name":"Accursed Blacksmith","player_choice":"Forge","floor":22.0,"gold_loss":0.0,"damage_taken":0.0,"cards_upgraded":["Armaments"]}],"is_beta":false,"boss_relics":[{"not_picked":["Pandora\u0027s Box","White Beast Statue"],"picked":"Runic Pyramid"}],"items_purged_floors":[],"is_endless":false,"potions_floor_spawned":[4,11,12,14,18],"killed_by":"Slavers","ascension_level":18}