{"gold_per_floor":[113,113,132,47,47,47,57,82,132,151,184,200,200,4,4,81,81,50,83,83,0,20,20],"floor_reached":23,"playtime":655,"items_purged":[],"score":423,"play_id":"98950d22-858e-4a18-a8db-5dfc49379a99","local_time":"20190905173357","is_ascension_mode":true,"campfire_choices":[{"data":"Fiend Fire","floor":6.0,"key":"SMITH"},{"data":"Disarm","floor":13.0,"key":"SMITH"},{"data":"Spot Weakness","floor":15.0,"key":"SMITH"}],"neow_cost":"TEN_PERCENT_HP_LOSS","seed_source_timestamp":388598797956400,"circlet_count":0,"master_deck":["AscendersBane","Strike_R","Strike_R","Defend_R","Defend_R","Defend_R","Defend_R","Bash","Feed+1","Twin Strike","Fiend Fire+1","Combust","Spot Weakness+1","True Grit","Reaper","Sword Boomerang","Disarm+1","Twin Strike","Exhume","Clash+1","Rupture+1","Cleave+1","Armaments","Disarm","Shrug It Off"],"special_seed":0,"relics":["Burning Blood","Art of War","Juzu Bracelet","Omamori","Potion Belt","Astrolabe","Red Mask","Torii"],"potions_floor_usage":[23,23],"damage_taken":[{"damage":7.0,"enemies":"Small Slimes","floor":1.0,"turns":3.0},{"damage":7.0,"enemies":"Cultist","floor":3.0,"turns":4.0},{"damage":6.0,"enemies":"2 Louse","floor":7.0,"turns":2.0},{"damage":10.0,"enemies":"3 Sentries","floor":8.0,"turns":4.0},{"damage":23.0,"enemies":"Exordium Wildlife","floor":10.0,"turns":3.0},{"damage":11.0,"enemies":"Gremlin Nob","floor":11.0,"turns":3.0},{"damage":11.0,"enemies":"Looter","floor":12.0,"turns":2.0},{"damage":53.0,"enemies":"The Guardian","floor":16.0,"turns":12.0},{"damage":52.0,"enemies":"2 Thieves","floor":18.0,"turns":5.0},{"damage":31.0,"enemies":"Masked Bandits","floor":19.0,"turns":5.0},{"damage":25.0,"enemies":"Chosen","floor":22.0,"turns":5.0},{"damage":49,"enemies":"Gremlin Leader","floor":23,"turns":2}],"seed_played":"-4256352231300737822","potions_obtained":[{"floor":3.0,"key":"AttackPotion"},{"floor":7.0,"key":"PowerPotion"},{"floor":10.0,"key":"PowerPotion"},{"floor":16.0,"key":"Poison Potion"},{"floor":18.0,"key":"SteroidPotion"}],"is_trial":false,"path_per_floor":["M","?","M","$","?","R","M","E","T","M","E","M","R","$","R","B",null,"M","?","?","$","M","E"],"character_chosen":"IRONCLAD","items_purchased":["Spot Weakness","Potion Belt","Twin Strike","Disarm"],"campfire_rested":0,"item_purchase_floors":[4,14,14,21],"current_hp_per_floor":[70,70,72,72,72,72,76,76,76,67,66,65,65,65,65,34,79,45,34,34,34,21,0],"gold":20,"neow_bonus":"THREE_RARE_CARDS","is_prod":false,"is_daily":false,"chose_seed":false,"campfire_upgraded":3,"win_rate":0,"timestamp":1567730037,"path_taken":["M","?","?","?","?","R","M","E","T","M","E","M","R","$","R","BOSS","M","?","?","$","M","E"],"build_version":"2019-07-17","purchased_purges":0,"victory":false,"max_hp_per_floor":[71,71,74,74,74,74,78,82,82,82,86,90,90,90,90,94,94,98,106,106,106,106,106],"card_choices":[{"not_picked":["Limit Break","Fiend Fire"],"picked":"Feed","floor":0.0},{"not_picked":["Iron Wave","Rampage"],"picked":"Twin Strike","floor":1.0},{"not_picked":["Heavy Blade","Clothesline"],"picked":"Combust","floor":3.0},{"not_picked":["Cleave","Wild Strike"],"picked":"True Grit","floor":7.0},{"not_picked":["Headbutt","Bludgeon"],"picked":"Reaper","floor":8.0},{"not_picked":["Body Slam","Infernal Blade","Perfected Strike"],"picked":"SKIP","floor":10.0},{"not_picked":["Brutality","Blood for Blood"],"picked":"Sword Boomerang","floor":11.0},{"not_picked":["Body Slam","Headbutt"],"picked":"Disarm","floor":12.0},{"not_picked":["Fiend Fire","Brutality"],"picked":"Exhume","floor":16.0},{"not_picked":["Wild Strike","Rampage"],"picked":"Armaments","floor":18.0},{"not_picked":["Thunderclap","Anger"],"picked":"Shrug It Off","floor":22.0}],"player_experience":873352,"relics_obtained":[{"floor":8.0,"key":"Art of War"},{"floor":9.0,"key":"Juzu Bracelet"},{"floor":11.0,"key":"Omamori"},{"floor":19.0,"key":"Red Mask"}],"event_choices":[{"damage_healed":0.0,"max_hp_gain":0.0,"max_hp_loss":0.0,"gold_gain":0.0,"event_name":"Match and Keep!","player_choice":"1 cards matched","floor":2.0,"gold_loss":0.0,"damage_taken":0.0,"cards_obtained":["Fiend Fire"]},{"damage_healed":0.0,"max_hp_gain":0.0,"max_hp_loss":0.0,"gold_gain":0.0,"event_name":"Living Wall","player_choice":"Grow","floor":5.0,"gold_loss":0.0,"damage_taken":0.0,"cards_upgraded":["Feed"]},{"damage_healed":0.0,"max_hp_gain":0.0,"max_hp_loss":0.0,"gold_gain":0.0,"event_name":"Masked Bandits","player_choice":"Fought Bandits","floor":19.0,"gold_loss":0.0,"damage_taken":0.0},{"damage_healed":0.0,"max_hp_gain":0.0,"max_hp_loss":0.0,"gold_gain":0.0,"event_name":"The Mausoleum","player_choice":"Opened","floor":20.0,"gold_loss":0.0,"damage_taken":0.0,"relics_obtained":["Torii"],"cards_obtained":["Writhe"]}],"is_beta":false,"boss_relics":[{"not_picked":["Lizard Tail","Black Star"],"picked":"Astrolabe"}],"items_purged_floors":[],"is_endless":false,"potions_floor_spawned":[3,7,10,16,18],"killed_by":"Gremlin Leader","ascension_level":20}