{"gold_per_floor":[19,19,19,19,35,70,70,103,103,127,127,127,146,184,184,278,278,298,314,333,333,333],"floor_reached":22,"playtime":642,"items_purged":[],"score":408,"play_id":"98aa58ec-d333-4b6c-8704-a231f81d505c","local_time":"20190905174448","is_ascension_mode":true,"campfire_choices":[{"data":"Bludgeon","floor":7,"key":"SMITH"},{"floor":12,"key":"REST"},{"data":"Corruption","floor":15,"key":"SMITH"}],"neow_cost":"NO_GOLD","seed_source_timestamp":389322319282100,"circlet_count":0,"master_deck":["AscendersBane","Strike_R","Strike_R","Strike_R","Strike_R+1","Defend_R","Defend_R","Defend_R","Defend_R+1","Bash","Bludgeon+1","Metallicize","Corruption+1","Intimidate","Power Through","True Grit","Exhume","Immolate","Inflame","Armaments"],"relics":["Burning Blood","Golden Idol","Charon\u0027s Ashes","Mercury Hourglass","Champion Belt","Bag of Marbles","Cursed Key"],"potions_floor_usage":[6,14,22],"damage_taken":[{"damage":11,"enemies":"Small Slimes","floor":1,"turns":3},{"damage":8,"enemies":"2 Louse","floor":5,"turns":4},{"damage":24,"enemies":"Gremlin Nob","floor":6,"turns":4},{"damage":17,"enemies":"Lagavulin","floor":8,"turns":5},{"damage":4,"enemies":"Jaw Worm","floor":10,"turns":2},{"damage":0,"enemies":"Gremlin Gang","floor":13,"turns":3},{"damage":10,"enemies":"3 Sentries","floor":14,"turns":5},{"damage":32,"enemies":"The Guardian","floor":16,"turns":14},{"damage":16,"enemies":"Chosen","floor":18,"turns":5},{"damage":11,"enemies":"2 Thieves","floor":19,"turns":2},{"damage":12,"enemies":"Shelled Parasite and Fungi","floor":20,"turns":3},{"damage":28,"enemies":"Chosen and Byrds","floor":22,"turns":3}],"seed_played":"-382022930200511879","potions_obtained":[{"floor":1,"key":"GamblersBrew"},{"floor":5,"key":"Ancient Potion"},{"floor":8,"key":"Poison Potion"},{"floor":18,"key":"SpeedPotion"}],"is_trial":false,"path_per_floor":["M","?","?","?","M","E","R","E","T","M","?","R","M","E","R","B",null,"M","M","M","?","M"],"character_chosen":"IRONCLAD","items_purchased":[],"campfire_rested":1,"item_purchase_floors":[],"current_hp_per_floor":[63,63,68,46,44,26,26,15,15,17,17,38,44,40,40,14,58,48,43,37,27,0],"gold":333,"neow_bonus":"THREE_RARE_CARDS","is_prod":false,"is_daily":false,"chose_seed":false,"campfire_upgraded":2,"win_rate":0,"timestamp":1567730688,"path_taken":["M","?","?","?","?","E","R","E","T","?","?","R","M","E","R","BOSS","M","?","M","?","?"],"build_version":"2019-07-17","purchased_purges":0,"victory":false,"max_hp_per_floor":[75,68,73,73,73,73,73,73,73,73,73,73,73,73,73,73,73,73,73,73,73,73],"card_choices":[{"not_picked":["Demon Form","Double Tap"],"picked":"Bludgeon","floor":0},{"not_picked":["Wild Strike","Sword Boomerang"],"picked":"Metallicize","floor":1},{"not_picked":["Sword Boomerang","Armaments"],"picked":"Corruption","floor":5},{"not_picked":["Body Slam","Cleave"],"picked":"Intimidate","floor":6},{"not_picked":["Infernal Blade","Warcry"],"picked":"Power Through","floor":8},{"not_picked":["Clothesline","Thunderclap"],"picked":"True Grit","floor":10},{"not_picked":["Heavy Blade","Searing Blow","Body Slam"],"picked":"SKIP","floor":13},{"not_picked":["Blood for Blood","Impervious"],"picked":"Exhume","floor":14},{"not_picked":["Offering","Bludgeon"],"picked":"Immolate","floor":16},{"not_picked":["Dual Wield+1","Body Slam","Wild Strike"],"picked":"SKIP","floor":18},{"not_picked":["Sword Boomerang","Pummel"],"picked":"Inflame","floor":19},{"not_picked":["Blood for Blood","Twin Strike+1"],"picked":"Armaments","floor":20}],"player_experience":874007,"relics_obtained":[{"floor":6,"key":"Charon\u0027s Ashes"},{"floor":8,"key":"Mercury Hourglass"},{"floor":9,"key":"Champion Belt"},{"floor":14,"key":"Bag of Marbles"}],"event_choices":[{"damage_healed":0,"gold_gain":0,"player_choice":"Lose Max HP","damage_taken":0,"relics_obtained":["Golden Idol"],"max_hp_gain":0,"max_hp_loss":7,"event_name":"Golden Idol","floor":2,"gold_loss":0},{"damage_healed":0,"gold_gain":0,"player_choice":"Donut","damage_taken":0,"max_hp_gain":5,"max_hp_loss":0,"event_name":"Big Fish","floor":3,"gold_loss":0},{"damage_healed":0,"gold_gain":0,"player_choice":"Entered Light","damage_taken":22,"max_hp_gain":0,"max_hp_loss":0,"event_name":"Shining Light","floor":4,"gold_loss":0,"cards_upgraded":["Strike_R","Defend_R"]},{"cards_removed":["Strike_R"],"damage_healed":0,"gold_gain":0,"player_choice":"Purged","damage_taken":0,"max_hp_gain":0,"max_hp_loss":0,"event_name":"Purifier","floor":11,"gold_loss":0},{"damage_healed":0,"gold_gain":0,"player_choice":"Damaged","damage_taken":10,"max_hp_gain":0,"max_hp_loss":0,"event_name":"Wheel of Change","floor":21,"gold_loss":0}],"is_beta":false,"boss_relics":[{"not_picked":["Tiny House","Runic Cube"],"picked":"Cursed Key"}],"items_purged_floors":[],"is_endless":false,"potions_floor_spawned":[1,5,8,18,20],"killed_by":"Chosen and Byrds","ascension_level":20}