{"gold_per_floor":[114,114,114,126,126,126,142,142,142,170,170,183,194,208,208,310,310,330,330,255,274,288,288,305,305,305,18,29,29,49,66,66,66],"floor_reached":33,"playtime":2951,"items_purged":[],"score":251,"play_id":"31141ecf-a2a6-48a6-a2a5-76f02d4814bf","local_time":"20190313035854","is_ascension_mode":false,"campfire_choices":[{"floor":6,"key":"REST"},{"data":"Noxious Fumes","floor":8,"key":"SMITH"},{"data":"Defend_G","floor":15,"key":"SMITH"},{"floor":23,"key":"REST"},{"floor":25,"key":"REST"},{"floor":32,"key":"REST"}],"neow_cost":"NONE","seed_source_timestamp":102853010870246,"circlet_count":0,"master_deck":["Defend_G+1","Defend_G+1","Defend_G+1","Defend_G+1","Strike_G+1","Strike_G+1","Strike_G+1","Strike_G+1","Survivor","Neutralize","Escape Plan","Noxious Fumes+1","Dodge and Roll","Dodge and Roll","Well Laid Plans","Acrobatics","Burst","Infinite Blades","Quick Slash+1","PiercingWail","Bane","Accuracy+1","Storm of Steel"],"relics":["WristBlade","Mummified Hand","Pen Nib","Centennial Puzzle","Black Star","MutagenicStrength","Sundial","Frozen Egg 2"],"potions_floor_usage":[10,10,16,16,24,28,30],"damage_taken":[{"damage":3,"enemies":"Jaw Worm","floor":1,"turns":5},{"damage":0,"enemies":"2 Louse","floor":4,"turns":3},{"damage":0,"enemies":"Small Slimes","floor":7,"turns":4},{"damage":12,"enemies":"Gremlin Nob","floor":10,"turns":4},{"damage":0,"enemies":"Exordium Thugs","floor":12,"turns":5},{"damage":0,"enemies":"3 Louse","floor":13,"turns":3},{"damage":0,"enemies":"Blue Slaver","floor":14,"turns":5},{"damage":36,"enemies":"Slime Boss","floor":16,"turns":11},{"damage":14,"enemies":"Spheric Guardian","floor":18,"turns":8},{"damage":24,"enemies":"Chosen","floor":21,"turns":6},{"damage":15,"enemies":"Shelled Parasite and Fungi","floor":22,"turns":8},{"damage":5,"enemies":"Chosen and Byrds","floor":24,"turns":7},{"damage":2,"enemies":"Snecko","floor":28,"turns":6},{"damage":8,"enemies":"Centurion and Healer","floor":30,"turns":5},{"damage":7,"enemies":"Chosen and Byrds","floor":31,"turns":7},{"damage":78,"enemies":"Collector","floor":33,"turns":9}],"seed_played":"8068697479078691579","potions_obtained":[{"floor":1,"key":"EssenceOfSteel"},{"floor":7,"key":"Fire Potion"},{"floor":10,"key":"Swift Potion"},{"floor":13,"key":"Regen Potion"},{"floor":22,"key":"Swift Potion"},{"floor":24,"key":"Weak Potion"},{"floor":28,"key":"PowerPotion"}],"is_trial":false,"path_per_floor":["M","?","T","M","?","R","M","R","T","E","?","M","M","M","R","B",null,"M","?","?","M","M","R","M","R","T","$","M","?","M","M","R","B"],"character_chosen":"THE_SILENT","items_purchased":["Frozen Egg 2","Accuracy+1"],"campfire_rested":4,"item_purchase_floors":[27,27],"current_hp_per_floor":[67,60,60,60,46,67,67,67,67,55,55,55,55,55,55,34,70,56,56,56,32,17,38,33,54,54,54,52,52,44,37,58,0],"gold":66,"neow_bonus":"BOSS_RELIC","is_prod":false,"is_daily":false,"chose_seed":false,"campfire_upgraded":2,"win_rate":0,"timestamp":1552429734,"path_taken":["M","?","?","M","?","R","M","R","T","E","?","M","M","M","R","BOSS","M","?","?","M","M","R","?","R","T","$","M","?","M","M","R","BOSS"],"build_version":"2019-01-23","purchased_purges":0,"victory":false,"max_hp_per_floor":[70,70,70,70,70,70,70,70,70,70,70,70,70,70,70,70,70,70,70,70,70,70,70,70,70,70,70,70,70,70,70,70,70],"card_choices":[{"not_picked":["Dodge and Roll","Skewer"],"picked":"Escape Plan","floor":1},{"not_picked":["Footwork","All Out Attack"],"picked":"Noxious Fumes","floor":4},{"not_picked":["Dagger Spray","Underhanded Strike"],"picked":"Dodge and Roll","floor":7},{"not_picked":["Sucker Punch","Acrobatics"],"picked":"Dodge and Roll","floor":10},{"not_picked":["Blade Dance","Escape Plan"],"picked":"Well Laid Plans","floor":12},{"not_picked":["Dodge and Roll","Skewer"],"picked":"Acrobatics","floor":13},{"not_picked":["Venomology","Slice","Acrobatics"],"picked":"SKIP","floor":14},{"not_picked":["Malaise","Unload"],"picked":"Burst","floor":16},{"not_picked":["Flying Knee","Choke+1"],"picked":"Infinite Blades","floor":18},{"not_picked":["Endless Agony+1","Prepared"],"picked":"Quick Slash+1","floor":21},{"not_picked":["All Out Attack","Quick Slash"],"picked":"PiercingWail","floor":22},{"not_picked":["Outmaneuver","Terror+1"],"picked":"Bane","floor":24},{"not_picked":["Dagger Spray","Poisoned Stab"],"picked":"Storm of Steel","floor":28},{"not_picked":["Sucker Punch+1","Outmaneuver+1","Predator"],"picked":"SKIP","floor":30},{"not_picked":["Poisoned Stab","Riddle With Holes","Wraith Form v2+1"],"picked":"SKIP","floor":31}],"player_experience":86797,"relics_obtained":[{"floor":3,"key":"Mummified Hand"},{"floor":9,"key":"Pen Nib"},{"floor":10,"key":"Centennial Puzzle"},{"floor":26,"key":"Sundial"}],"event_choices":[{"cards_removed":["Strike_G"],"damage_healed":0,"gold_gain":0,"player_choice":"Card Removal","damage_taken":7,"max_hp_gain":0,"max_hp_loss":0,"event_name":"Golden Wing","floor":2,"gold_loss":0},{"damage_healed":0,"gold_gain":0,"player_choice":"Entered Light","damage_taken":14,"max_hp_gain":0,"max_hp_loss":0,"event_name":"Shining Light","floor":5,"gold_loss":0,"cards_upgraded":["Strike_G","Defend_G"]},{"damage_healed":0,"gold_gain":0,"player_choice":"Ignored","damage_taken":0,"max_hp_gain":0,"max_hp_loss":0,"event_name":"Liars Game","floor":11,"gold_loss":0},{"damage_healed":0,"gold_gain":0,"player_choice":"Inject Mutagens","damage_taken":0,"relics_obtained":["MutagenicStrength"],"max_hp_gain":0,"max_hp_loss":0,"event_name":"Drug Dealer","floor":19,"gold_loss":0},{"cards_removed":["Defend_G"],"damage_healed":0,"gold_gain":0,"player_choice":"Gave Gold","damage_taken":0,"max_hp_gain":0,"max_hp_loss":0,"event_name":"Beggar","floor":20,"gold_loss":75},{"damage_healed":0,"gold_gain":0,"player_choice":"Simplicity","damage_taken":0,"max_hp_gain":0,"max_hp_loss":0,"event_name":"Back to Basics","floor":29,"gold_loss":0,"cards_upgraded":["Defend_G","Defend_G","Strike_G","Strike_G","Strike_G"]}],"is_beta":false,"boss_relics":[{"not_picked":["Philosopher\u0027s Stone","Coffee Dripper"],"picked":"Black Star"}],"items_purged_floors":[],"is_endless":false,"potions_floor_spawned":[1,7,10,13,22,24,28],"killed_by":"Collector","ascension_level":0}