{"gold_per_floor":[10,10,10,26,0,26,26,52,77,77,107,127,127,137,137,211,211,231,261,261,18,34,69,81,126,185,231,243,255,301,326,338,425,437,460,45,57,70,70,70,101,101,125,125,154,173,201,221,221,221,221,221,221,63,63],"floor_reached":55,"playtime":2087,"items_purged":["Strike_R","Strike_R"],"score":2098,"play_id":"df94ec8e-0300-4116-a653-3d85361583b4","local_time":"20190704152137","is_ascension_mode":true,"campfire_choices":[{"data":"Sword Boomerang","floor":7,"key":"SMITH"},{"data":"Shockwave","floor":10,"key":"SMITH"},{"data":"True Grit","floor":13,"key":"SMITH"},{"data":"Twin Strike","floor":15,"key":"SMITH"},{"data":"Limit Break","floor":24,"key":"SMITH"},{"data":"Demon Form","floor":29,"key":"SMITH"},{"data":"Flame Barrier","floor":32,"key":"SMITH"},{"data":"Panacea","floor":40,"key":"SMITH"},{"data":"Fiend Fire","floor":42,"key":"SMITH"},{"floor":44,"key":"RECALL"},{"data":"Offering","floor":49,"key":"SMITH"},{"data":"Shrug It Off","floor":53,"key":"SMITH"}],"neow_cost":"NO_GOLD","seed_source_timestamp":705420934439300,"circlet_count":0,"master_deck":["AscendersBane","Strike_R","Strike_R","Strike_R","Defend_R","Defend_R","Defend_R","Defend_R+1","Bash","Thunderclap+1","Spot Weakness+1","Twin Strike+1","Sword Boomerang+1","Shockwave+1","True Grit+1","Limit Break+1","Flame Barrier+1","Shrug It Off+1","Anger+1","Demon Form+1","Sword Boomerang","Pommel Strike+1","Exhume","Evolve+1","Fiend Fire+1","Feel No Pain","Panacea+1","Feel No Pain","Offering+1","Impervious"],"relics":["Burning Blood","FossilizedHelix","Bag of Preparation","Bronze Scales","War Paint","Oddly Smooth Stone","Pen Nib","Sozu","Red Mask","Blood Vial","MawBank","Bag of Marbles","Orichalcum","Meat on the Bone","Gremlin Horn","Happy Flower","Coffee Dripper","Anchor","Darkstone Periapt","Strawberry"],"potions_floor_usage":[],"damage_taken":[{"damage":2,"enemies":"Jaw Worm","floor":1,"turns":4},{"damage":0,"enemies":"2 Louse","floor":4,"turns":2},{"damage":5,"enemies":"3 Sentries","floor":6,"turns":5},{"damage":0,"enemies":"Gremlin Nob","floor":8,"turns":3},{"damage":9,"enemies":"Lagavulin","floor":11,"turns":7},{"damage":0,"enemies":"Small Slimes","floor":12,"turns":2},{"damage":2,"enemies":"Looter","floor":14,"turns":3},{"damage":20,"enemies":"The Guardian","floor":16,"turns":9},{"damage":0,"enemies":"2 Thieves","floor":18,"turns":2},{"damage":28,"enemies":"Masked Bandits","floor":19,"turns":3},{"damage":0,"enemies":"Shell Parasite","floor":22,"turns":3},{"damage":5,"enemies":"Book of Stabbing","floor":23,"turns":5},{"damage":5,"enemies":"Slavers","floor":25,"turns":3},{"damage":13,"enemies":"Book of Stabbing","floor":27,"turns":4},{"damage":9,"enemies":"Slavers","floor":30,"turns":3},{"damage":0,"enemies":"3 Cultists","floor":31,"turns":3},{"damage":37,"enemies":"Automaton","floor":33,"turns":7},{"damage":0,"enemies":"Orb Walker","floor":35,"turns":3},{"damage":0,"enemies":"3 Darklings","floor":37,"turns":2},{"damage":8,"enemies":"4 Shapes","floor":38,"turns":11},{"damage":37,"enemies":"Giant Head","floor":41,"turns":7},{"damage":16,"enemies":"Reptomancer","floor":45,"turns":4},{"damage":10,"enemies":"Maw","floor":46,"turns":7},{"damage":8,"enemies":"Giant Head","floor":47,"turns":6},{"damage":0,"enemies":"Sphere and 2 Shapes","floor":48,"turns":3},{"damage":47,"enemies":"Awakened One","floor":50,"turns":8},{"damage":24,"enemies":"Time Eater","floor":51,"turns":9},{"damage":73,"enemies":"Shield and Spear","floor":55,"turns":3}],"seed_played":"837581423281406814","potions_obtained":[{"floor":4,"key":"BloodPotion"},{"floor":8,"key":"Block Potion"},{"floor":14,"key":"SteroidPotion"}],"is_trial":false,"path_per_floor":["M","?","?","M","$","E","R","E","T","R","E","M","R","M","R","B",null,"M","?","?","$","M","E","R","E","T","E","T","R","E","M","R","B",null,"M","$","M","M","?","R","E","R","T","R","E","M","E","M","R","B","B",null,"R","$","E"],"character_chosen":"IRONCLAD","items_purchased":["Twin Strike","Blood Vial","Fiend Fire","Feel No Pain","Panacea","Impervious"],"campfire_rested":0,"item_purchase_floors":[5,21,36,36,36,54],"current_hp_per_floor":[72,72,46,52,52,53,53,59,59,59,56,62,62,66,66,52,69,75,53,32,32,40,43,43,46,46,41,41,41,52,60,60,43,71,79,79,80,78,76,76,45,45,45,45,49,47,54,62,62,35,31,70,70,70,0],"gold":63,"neow_bonus":"ONE_RARE_RELIC","is_prod":false,"is_daily":false,"chose_seed":false,"campfire_upgraded":11,"win_rate":0,"timestamp":1562278897,"path_taken":["M","?","?","M","?","E","R","E","T","R","E","?","R","M","R","BOSS","M","?","?","$","M","E","R","E","T","E","?","R","E","M","R","BOSS","M","$","?","?","?","R","E","R","T","R","E","M","E","M","R","BOSS","BOSS","R","$","E"],"build_version":"2019-07-01","purchased_purges":2,"victory":false,"max_hp_per_floor":[75,75,75,75,75,75,75,75,75,75,75,75,75,75,75,75,75,75,75,80,80,80,80,80,80,80,80,80,80,80,80,80,80,80,80,80,80,80,76,76,76,76,76,76,76,76,83,83,83,83,83,83,83,83,83],"card_choices":[{"not_picked":["Body Slam","Blood for Blood"],"picked":"Thunderclap","floor":1},{"not_picked":["Clash","Pummel"],"picked":"Spot Weakness","floor":4},{"not_picked":["Carnage","Havoc"],"picked":"Sword Boomerang","floor":6},{"not_picked":["Body Slam","Entrench"],"picked":"Shockwave","floor":8},{"not_picked":["Warcry","Rage"],"picked":"True Grit","floor":11},{"not_picked":["Ghostly Armor","Cleave","Wild Strike"],"picked":"SKIP","floor":12},{"not_picked":["Pummel","Rage","Infernal Blade"],"picked":"SKIP","floor":14},{"not_picked":["Double Tap","Berserk"],"picked":"Limit Break","floor":16},{"not_picked":["Pommel Strike","Pummel","Rupture"],"picked":"SKIP","floor":18},{"not_picked":["Intimidate","Flex"],"picked":"Flame Barrier","floor":19},{"not_picked":["Warcry","Wild Strike"],"picked":"Shrug It Off","floor":22},{"not_picked":["Iron Wave","Perfected Strike+1"],"picked":"Anger+1","floor":23},{"not_picked":["Warcry","Iron Wave+1"],"picked":"Demon Form","floor":25},{"not_picked":["Uppercut","Blood for Blood"],"picked":"Sword Boomerang","floor":27},{"not_picked":["Intimidate+1","Entrench+1","Metallicize"],"picked":"SKIP","floor":30},{"not_picked":["Thunderclap","Clothesline"],"picked":"Pommel Strike+1","floor":31},{"not_picked":["Juggernaut","Demon Form"],"picked":"Exhume","floor":33},{"not_picked":["Clothesline","Havoc"],"picked":"Evolve+1","floor":35},{"not_picked":["Metallicize","Searing Blow"],"picked":"Feel No Pain","floor":37},{"not_picked":["Clothesline+1","Carnage","Rampage"],"picked":"SKIP","floor":38},{"not_picked":["Intimidate","Armaments","Anger"],"picked":"SKIP","floor":41},{"not_picked":["Pommel Strike","Flex"],"picked":"Offering","floor":45},{"not_picked":["Heavy Blade+1","Thunderclap","Combust+1"],"picked":"SKIP","floor":46},{"not_picked":["Evolve","Havoc+1","Blood for Blood"],"picked":"SKIP","floor":47},{"not_picked":["Twin Strike+1","Pommel Strike","Havoc"],"picked":"SKIP","floor":48}],"player_experience":650375,"relics_obtained":[{"floor":6,"key":"Bronze Scales"},{"floor":8,"key":"War Paint"},{"floor":9,"key":"Oddly Smooth Stone"},{"floor":11,"key":"Pen Nib"},{"floor":19,"key":"Red Mask"},{"floor":23,"key":"MawBank"},{"floor":25,"key":"Bag of Marbles"},{"floor":26,"key":"Orichalcum"},{"floor":27,"key":"Meat on the Bone"},{"floor":28,"key":"Gremlin Horn"},{"floor":30,"key":"Happy Flower"},{"floor":41,"key":"Anchor"},{"floor":45,"key":"Darkstone Periapt"},{"floor":47,"key":"Strawberry"}],"event_choices":[{"damage_healed":0,"gold_gain":0,"player_choice":"Grow","damage_taken":0,"max_hp_gain":0,"max_hp_loss":0,"event_name":"Living Wall","floor":2,"gold_loss":0,"cards_upgraded":["Thunderclap"]},{"damage_healed":0,"gold_gain":0,"player_choice":"Success","damage_taken":26,"relics_obtained":["Bag of Preparation"],"max_hp_gain":0,"max_hp_loss":0,"event_name":"Scrap Ooze","floor":3,"gold_loss":0},{"damage_healed":0,"gold_gain":0,"player_choice":"Fought Bandits","damage_taken":0,"max_hp_gain":0,"max_hp_loss":0,"event_name":"Masked Bandits","floor":19,"gold_loss":0},{"damage_healed":0,"gold_gain":0,"player_choice":"Shed Blood","damage_taken":26,"max_hp_gain":5,"max_hp_loss":0,"event_name":"Forgotten Altar","floor":20,"gold_loss":0},{"damage_healed":0,"gold_gain":0,"player_choice":"Max HP","damage_taken":0,"max_hp_gain":0,"max_hp_loss":4,"event_name":"Winding Halls","floor":39,"gold_loss":0}],"is_beta":false,"boss_relics":[{"not_picked":["Empty Cage","Velvet Choker"],"picked":"Sozu"},{"not_picked":["Cursed Key","Fusion Hammer"],"picked":"Coffee Dripper"}],"items_purged_floors":[21,36],"is_endless":false,"potions_floor_spawned":[4,8,11,14,19,23,25,27,31,38,41,45,48],"killed_by":"Shield and Spear","ascension_level":20}