{"gold_per_floor":[116,129,37,37,57,85,85,112,137,165,23,23,23,51,51,51],"floor_reached":16,"playtime":447,"items_purged":[],"score":252,"play_id":"39afd55c-fd4c-4948-adc9-b6f7883c480b","local_time":"20190808191410","is_ascension_mode":true,"campfire_choices":[{"data":"Disarm","floor":15,"key":"SMITH"}],"neow_cost":"NONE","seed_source_timestamp":444006030350000,"circlet_count":0,"master_deck":["AscendersBane","Strike_R","Strike_R","Strike_R","Strike_R","Defend_R","Defend_R","Defend_R","Defend_R","Bash","Double Tap","Wild Strike","Anger","Corruption","True Grit","Pommel Strike","Inflame","Pommel Strike","Disarm+1","Shrug It Off","Pain"],"relics":["Burning Blood","Juzu Bracelet","Bag of Preparation","Bag of Marbles","Oddly Smooth Stone","Red Skull","WarpedTongs","Ornamental Fan"],"potions_floor_usage":[6,6,8,10],"damage_taken":[{"damage":15,"enemies":"Small Slimes","floor":1,"turns":5},{"damage":2,"enemies":"2 Louse","floor":2,"turns":3},{"damage":0,"enemies":"Cultist","floor":5,"turns":3},{"damage":32,"enemies":"Gremlin Nob","floor":6,"turns":4},{"damage":23,"enemies":"3 Sentries","floor":8,"turns":8},{"damage":8,"enemies":"Gremlin Nob","floor":10,"turns":3},{"damage":7,"enemies":"Lagavulin","floor":14,"turns":5},{"damage":21,"enemies":"The Guardian","floor":16,"turns":12}],"seed_played":"7388173822869107211","potions_obtained":[{"floor":1,"key":"BloodPotion"},{"floor":5,"key":"Fire Potion"},{"floor":6,"key":"GamblersBrew"},{"floor":7,"key":"Strength Potion"},{"floor":14,"key":"Dexterity Potion"}],"is_trial":false,"path_per_floor":["M","M","$","?","M","E","?","E","T","E","$","?","?","E","R","B"],"character_chosen":"IRONCLAD","items_purchased":["Fire Potion","Corruption","Disarm","Shrug It Off"],"campfire_rested":0,"item_purchase_floors":[3,3,11,11],"current_hp_per_floor":[59,63,63,58,64,38,38,21,21,19,19,19,19,18,18,0],"gold":51,"neow_bonus":"TRANSFORM_CARD","is_prod":false,"is_daily":false,"chose_seed":false,"campfire_upgraded":1,"win_rate":0,"timestamp":1565316850,"path_taken":["M","M","$","?","M","E","?","E","T","E","$","?","?","E","R","BOSS"],"build_version":"2019-07-17","purchased_purges":0,"victory":false,"max_hp_per_floor":[75,75,75,75,75,75,75,75,75,75,75,75,75,75,75,75],"card_choices":[{"not_picked":["Entrench","Body Slam"],"picked":"Wild Strike","floor":1},{"not_picked":["Sword Boomerang","Second Wind"],"picked":"Anger","floor":2},{"not_picked":["Heavy Blade","Armaments"],"picked":"True Grit","floor":5},{"not_picked":["Power Through","Limit Break"],"picked":"Pommel Strike","floor":6},{"not_picked":["Thunderclap","Clash"],"picked":"Inflame","floor":8},{"not_picked":["Combust","Flex"],"picked":"Pommel Strike","floor":10},{"not_picked":["Armaments","Blood for Blood","Searing Blow"],"picked":"SKIP","floor":14}],"player_experience":754793,"relics_obtained":[{"floor":6,"key":"Bag of Preparation"},{"floor":8,"key":"Bag of Marbles"},{"floor":9,"key":"Oddly Smooth Stone"},{"floor":10,"key":"Red Skull"},{"floor":14,"key":"Ornamental Fan"}],"event_choices":[{"damage_healed":0,"gold_gain":0,"player_choice":"Success","damage_taken":5,"relics_obtained":["Juzu Bracelet"],"max_hp_gain":0,"max_hp_loss":0,"event_name":"Scrap Ooze","floor":4,"gold_loss":0},{"damage_healed":0,"gold_gain":0,"player_choice":"Got Potions","damage_taken":0,"max_hp_gain":0,"max_hp_loss":0,"event_name":"Lab","floor":7,"gold_loss":0},{"damage_healed":0,"gold_gain":0,"player_choice":"Ignored","damage_taken":0,"max_hp_gain":0,"max_hp_loss":0,"event_name":"Shining Light","floor":12,"gold_loss":0},{"damage_healed":0,"gold_gain":0,"player_choice":"Rummage","damage_taken":0,"relics_obtained":["WarpedTongs"],"max_hp_gain":0,"max_hp_loss":0,"event_name":"Accursed Blacksmith","floor":13,"gold_loss":0,"cards_obtained":["Pain"]}],"is_beta":false,"boss_relics":[],"items_purged_floors":[],"is_endless":false,"potions_floor_spawned":[1,5,6,14],"killed_by":"The Guardian","ascension_level":20}