{"gold_per_floor":[110,124,136,154,79,114,114,127,127,127,138,98,125,137,137,212,212,212,212,132,132,132,132,132,132,132,132,132,132,132,132,132,132,132,132,132,132,52,52,52,52,52,52,52,52,52,22,22,22,22,22,22,22,22,22,22],"floor_reached":57,"playtime":3625,"items_purged":["Pain"],"score":3146,"play_id":"ccecee47-040d-40c2-b695-618d0e3e1b4f","local_time":"20190717172841","is_ascension_mode":true,"campfire_choices":[{"floor":7.0,"key":"REST"},{"data":"Whirlwind","floor":10.0,"key":"SMITH"},{"data":"Corruption","floor":15.0,"key":"SMITH"},{"data":"Shockwave","floor":23.0,"key":"SMITH"},{"floor":25.0,"key":"DIG"},{"data":"Feel No Pain","floor":28.0,"key":"SMITH"},{"floor":32.0,"key":"DIG"},{"floor":41.0,"key":"REST"},{"floor":49,"key":"RECALL"},{"floor":53,"key":"DIG"}],"neow_cost":"CURSE","seed_source_timestamp":33465950712799,"circlet_count":0,"master_deck":["AscendersBane","Strike_R","Strike_R","Strike_R","Strike_R","Strike_R","Defend_R","Defend_R","Defend_R","Defend_R","Bash","Carnage","Anger","Whirlwind+1","Shockwave+1","Corruption+1","Metallicize","Feel No Pain+1","Offering","Shrug It Off","True Grit","RitualDagger","Dark Embrace","Shrug It Off","Barricade+1","Corruption+1","Spot Weakness","Battle Trance+1","Shockwave+1","Fiend Fire","Metallicize+1","Shrug It Off","Sentinel"],"special_seed":0,"relics":["Burning Blood","Magic Flower","Dead Branch","Peace Pipe","Ornamental Fan","Ectoplasm","Shovel","Centennial Puzzle","Dream Catcher","Frozen Egg 2","Orrery","Lantern","Orichalcum","MawBank","Calipers","Bottled Lightning","Bottled Flame","Letter Opener"],"potions_floor_usage":[45,56],"damage_taken":[{"damage":7.0,"enemies":"Cultist","floor":1.0,"turns":4.0},{"damage":9.0,"enemies":"Small Slimes","floor":2.0,"turns":4.0},{"damage":10.0,"enemies":"2 Louse","floor":3.0,"turns":2.0},{"damage":19.0,"enemies":"Looter","floor":4.0,"turns":3.0},{"damage":55.0,"enemies":"Gremlin Nob","floor":6.0,"turns":5.0},{"damage":7.0,"enemies":"Exordium Thugs","floor":8.0,"turns":4.0},{"damage":13.0,"enemies":"Red Slaver","floor":11.0,"turns":3.0},{"damage":18.0,"enemies":"Lagavulin","floor":13.0,"turns":5.0},{"damage":10.0,"enemies":"3 Louse","floor":14.0,"turns":3.0},{"damage":22.0,"enemies":"The Guardian","floor":16.0,"turns":13.0},{"damage":2.0,"enemies":"Spheric Guardian","floor":18.0,"turns":4.0},{"damage":30.0,"enemies":"2 Thieves","floor":20.0,"turns":3.0},{"damage":6.0,"enemies":"3 Cultists","floor":21.0,"turns":3.0},{"damage":6.0,"enemies":"Slavers","floor":24.0,"turns":4.0},{"damage":2.0,"enemies":"Centurion and Healer","floor":29.0,"turns":4.0},{"damage":3.0,"enemies":"Cultist and Chosen","floor":30.0,"turns":10.0},{"damage":12.0,"enemies":"Gremlin Leader","floor":31.0,"turns":4.0},{"damage":39.0,"enemies":"Champ","floor":33.0,"turns":12.0},{"damage":13.0,"enemies":"3 Shapes","floor":35.0,"turns":8.0},{"damage":11.0,"enemies":"Orb Walker","floor":36.0,"turns":4.0},{"damage":33.0,"enemies":"Jaw Worm Horde","floor":37.0,"turns":2.0},{"damage":8.0,"enemies":"Transient","floor":39.0,"turns":6.0},{"damage":13.0,"enemies":"Giant Head","floor":40.0,"turns":6.0},{"damage":21.0,"enemies":"Nemesis","floor":42.0,"turns":5.0},{"damage":15.0,"enemies":"Sphere and 2 Shapes","floor":44.0,"turns":6.0},{"damage":2,"enemies":"Reptomancer","floor":45,"turns":10},{"damage":9,"enemies":"Writhing Mass","floor":46,"turns":4},{"damage":6,"enemies":"Spire Growth","floor":48,"turns":5},{"damage":12,"enemies":"Donu and Deca","floor":50,"turns":5},{"damage":6,"enemies":"Awakened One","floor":51,"turns":7},{"damage":12,"enemies":"Shield and Spear","floor":55,"turns":5},{"damage":28,"enemies":"The Heart","floor":56,"turns":8}],"seed_played":"6311115247165626240","potions_obtained":[{"floor":1.0,"key":"Dexterity Potion"},{"floor":8.0,"key":"Weak Potion"},{"floor":11.0,"key":"FearPotion"},{"floor":14.0,"key":"SkillPotion"},{"floor":16.0,"key":"Fire Potion"},{"floor":24.0,"key":"Regen Potion"},{"floor":30.0,"key":"PowerPotion"},{"floor":35.0,"key":"SneckoOil"},{"floor":37.0,"key":"Explosive Potion"},{"floor":39.0,"key":"Swift Potion"},{"floor":46,"key":"BloodPotion"}],"is_trial":false,"path_per_floor":["M","M","M","M","$","E","R","M","T","R","M","$","E","M","R","B",null,"M","?","M","M","?","R","E","R","T","?","R","M","M","E","R","B",null,"M","M","M","?","M","E","R","E","T","M","E","M","$","M","R","B","B",null,"R","$","E","B",null],"character_chosen":"IRONCLAD","items_purchased":["Corruption","Shrug It Off"],"campfire_rested":2,"item_purchase_floors":[12,47],"current_hp_per_floor":[70,70,69,59,59,13,35,37,37,37,33,33,24,23,23,10,59,66,52,31,34,34,34,37,37,37,31,31,38,44,41,41,30,64,60,58,34,34,35,31,53,41,41,35,42,42,42,45,45,42,45,68,68,68,65,46],"gold":22,"neow_bonus":"ONE_RARE_RELIC","is_prod":false,"is_daily":false,"chose_seed":false,"campfire_upgraded":4,"win_rate":0,"timestamp":1563409721,"path_taken":["M","?","M","M","$","E","R","M","T","R","M","$","E","M","R","BOSS","M","?","M","?","?","R","E","R","T","?","R","M","M","E","R","BOSS","M","M","M","?","M","E","R","E","T","M","E","M","?","M","R","BOSS","BOSS","R","$","E","BOSS"],"build_version":"2019-07-05","purchased_purges":1,"victory":true,"max_hp_per_floor":[75,75,75,75,75,75,75,75,75,75,75,75,75,75,75,75,75,75,75,75,75,75,75,75,75,75,75,75,75,75,75,75,75,75,75,75,75,75,75,75,75,75,75,75,75,75,75,75,75,75,75,75,75,75,75,75],"card_choices":[{"not_picked":["Pommel Strike","Heavy Blade"],"picked":"Carnage","floor":1.0},{"not_picked":["Reckless Charge","Body Slam"],"picked":"Anger","floor":2.0},{"not_picked":["Havoc","Dropkick","Reckless Charge"],"picked":"SKIP","floor":3.0},{"not_picked":["Wild Strike","Shrug It Off"],"picked":"Whirlwind","floor":4.0},{"not_picked":["Flex","Combust","Infernal Blade"],"picked":"SKIP","floor":6.0},{"not_picked":["Bloodletting","Perfected Strike","Searing Blow"],"picked":"SKIP","floor":8.0},{"not_picked":["Twin Strike","Limit Break"],"picked":"Shockwave","floor":11.0},{"not_picked":["Warcry","Blood for Blood"],"picked":"Metallicize","floor":13.0},{"not_picked":["Pommel Strike","Thunderclap"],"picked":"Feel No Pain","floor":14.0},{"not_picked":["Exhume","Fiend Fire"],"picked":"Offering","floor":16.0},{"not_picked":["Headbutt","Havoc","Clash"],"picked":"SKIP","floor":18.0},{"not_picked":["Shockwave","Cleave"],"picked":"Shrug It Off","floor":20.0},{"not_picked":["Havoc","Shockwave"],"picked":"True Grit","floor":21.0},{"not_picked":["Cleave+1","Flex","Burning Pact"],"picked":"SKIP","floor":24.0},{"not_picked":["Armaments","Twin Strike"],"picked":"Dark Embrace","floor":29.0},{"not_picked":["Pommel Strike","Flex"],"picked":"Shrug It Off","floor":30.0},{"not_picked":["Wild Strike","Sword Boomerang","Bloodletting"],"picked":"SKIP","floor":31.0},{"not_picked":["Exhume","Feed"],"picked":"Barricade+1","floor":33.0},{"not_picked":["Dual Wield","Twin Strike"],"picked":"Corruption+1","floor":34.0},{"not_picked":["Pommel Strike","Reckless Charge"],"picked":"Spot Weakness","floor":34.0},{"not_picked":["Uppercut","Twin Strike","Sword Boomerang"],"picked":"SKIP","floor":35.0},{"not_picked":["Body Slam","Iron Wave"],"picked":"Battle Trance+1","floor":36.0},{"not_picked":["True Grit","Headbutt","Havoc"],"picked":"SKIP","floor":37.0},{"not_picked":["Heavy Blade","Sever Soul"],"picked":"Shockwave+1","floor":39.0},{"not_picked":["Iron Wave+1","Battle Trance+1"],"picked":"Fiend Fire","floor":40.0},{"not_picked":["Bloodletting","Twin Strike+1"],"picked":"Metallicize+1","floor":41.0},{"not_picked":["Flex","Warcry","Perfected Strike"],"picked":"SKIP","floor":42.0},{"not_picked":["Reckless Charge","Thunderclap+1","Searing Blow"],"picked":"SKIP","floor":44.0},{"not_picked":["Thunderclap","Metallicize+1","Feed"],"picked":"SKIP","floor":45},{"not_picked":["Corruption+1","Twin Strike","Havoc+1"],"picked":"SKIP","floor":46},{"not_picked":["Carnage","Flex","Anger"],"picked":"SKIP","floor":48},{"not_picked":["Rampage","Carnage"],"picked":"Sentinel","floor":55}],"player_experience":666589,"relics_obtained":[{"floor":6.0,"key":"Dead Branch"},{"floor":9.0,"key":"Peace Pipe"},{"floor":13.0,"key":"Ornamental Fan"},{"floor":24.0,"key":"Shovel"},{"floor":25.0,"key":"Centennial Puzzle"},{"floor":31.0,"key":"Dream Catcher"},{"floor":32.0,"key":"Frozen Egg 2"},{"floor":40.0,"key":"Orichalcum"},{"floor":42.0,"key":"MawBank"},{"floor":43.0,"key":"Calipers"},{"floor":45,"key":"Bottled Lightning"},{"floor":53,"key":"Bottled Flame"},{"floor":55,"key":"Letter Opener"}],"event_choices":[{"damage_healed":0.0,"max_hp_gain":0.0,"max_hp_loss":0.0,"gold_gain":0.0,"event_name":"Knowing Skull","player_choice":"POTION ","floor":19.0,"potions_obtained":["Explosive Potion"],"gold_loss":0.0,"damage_taken":14.0,"cards_obtained":[]},{"damage_healed":0.0,"max_hp_gain":0.0,"max_hp_loss":0.0,"gold_gain":0.0,"event_name":"The Mausoleum","player_choice":"Ignored","floor":22.0,"gold_loss":0.0,"damage_taken":0.0},{"damage_healed":0.0,"max_hp_gain":0.0,"max_hp_loss":0.0,"gold_gain":0.0,"event_name":"Nest","player_choice":"Joined the Cult","floor":27.0,"gold_loss":0.0,"damage_taken":6.0,"cards_obtained":["RitualDagger"]},{"damage_healed":0.0,"max_hp_gain":0.0,"max_hp_loss":0.0,"gold_gain":0.0,"event_name":"WeMeetAgain","player_choice":"Paid Gold","floor":38.0,"gold_loss":80.0,"damage_taken":0.0,"relics_obtained":["Lantern"]}],"is_beta":false,"boss_relics":[{"not_picked":["Coffee Dripper","Calling Bell"],"picked":"Ectoplasm"},{"not_picked":["White Beast Statue","Pandora\u0027s Box"],"picked":"Orrery"}],"items_purged_floors":[5],"is_endless":false,"potions_floor_spawned":[1,8,11,14,16,20,24,30,35,37,39,46,48],"ascension_level":20}