{"gold_per_floor":[115,115,134,59,3,3,3,32,32,32,2,28,44,60,60,133,133,146,146,157,35,52,52,52],"floor_reached":24,"playtime":598,"items_purged":["Decay"],"score":408,"play_id":"3b8a1c09-6632-46a4-926b-4ff19869c210","local_time":"20190728231103","is_ascension_mode":true,"campfire_choices":[{"data":"Bash","floor":7,"key":"SMITH"},{"data":"Anger","floor":10,"key":"SMITH"},{"floor":15,"key":"REST"},{"floor":23,"key":"REST"}],"neow_cost":"NONE","seed_source_timestamp":1007647452308600,"circlet_count":0,"master_deck":["AscendersBane","Strike_R","Strike_R","Strike_R","Strike_R","Strike_R","Defend_R","Defend_R","Defend_R","Defend_R","Bash+1","Cleave+1","Anger+1","Dropkick","Parasite","Uppercut","True Grit","Shrug It Off","Demon Form","Armaments","Headbutt","Feel No Pain"],"relics":["Cursed Key","Mercury Hourglass","Bird Faced Urn","The Courier","Paper Frog","Runic Pyramid"],"potions_floor_usage":[20,20],"damage_taken":[{"damage":6,"enemies":"Cultist","floor":1,"turns":3},{"damage":11,"enemies":"Jaw Worm","floor":3,"turns":3},{"damage":20,"enemies":"Lagavulin","floor":8,"turns":6},{"damage":10,"enemies":"3 Sentries","floor":12,"turns":5},{"damage":0,"enemies":"2 Louse","floor":13,"turns":2},{"damage":7,"enemies":"Large Slime","floor":14,"turns":5},{"damage":16,"enemies":"Slime Boss","floor":16,"turns":6},{"damage":21,"enemies":"3 Byrds","floor":18,"turns":4},{"damage":12,"enemies":"Shell Parasite","floor":20,"turns":4},{"damage":26,"enemies":"Chosen and Byrds","floor":22,"turns":5},{"damage":34,"enemies":"Book of Stabbing","floor":24,"turns":4}],"seed_played":"-8106776627420673483","potions_obtained":[{"floor":1,"key":"EssenceOfSteel"},{"floor":14,"key":"Energy Potion"}],"is_trial":false,"path_per_floor":["M","?","M","?","$","?","R","E","T","R","$","E","M","M","R","B",null,"M","?","M","$","M","R","E"],"character_chosen":"IRONCLAD","items_purchased":["Explosive Potion","Uppercut","Feel No Pain"],"campfire_rested":2,"item_purchase_floors":[5,11,21],"current_hp_per_floor":[62,62,51,51,51,51,51,31,31,31,31,21,21,14,36,20,61,40,40,28,28,6,28,0],"gold":52,"neow_bonus":"BOSS_RELIC","is_prod":false,"is_daily":false,"chose_seed":false,"campfire_upgraded":2,"win_rate":0,"timestamp":1564380663,"path_taken":["M","?","M","?","$","?","R","E","T","R","?","E","M","M","R","BOSS","M","?","M","$","M","R","E"],"build_version":"2019-07-17","purchased_purges":1,"victory":false,"max_hp_per_floor":[75,75,75,75,75,75,75,75,75,75,75,75,75,75,75,75,75,75,75,75,75,75,75,75],"card_choices":[{"not_picked":["Infernal Blade","Spot Weakness"],"picked":"Cleave","floor":1},{"not_picked":["Heavy Blade","Twin Strike"],"picked":"Anger","floor":3},{"not_picked":["Anger","Blood for Blood"],"picked":"Dropkick","floor":8},{"not_picked":["Perfected Strike","Anger"],"picked":"True Grit","floor":12},{"not_picked":["Headbutt","Cleave"],"picked":"Shrug It Off","floor":13},{"not_picked":["Heavy Blade","Barricade","Body Slam"],"picked":"SKIP","floor":14},{"not_picked":["Double Tap","Limit Break"],"picked":"Demon Form","floor":16},{"not_picked":["Twin Strike","Sentinel"],"picked":"Armaments","floor":18},{"not_picked":["Pommel Strike","Havoc"],"picked":"Headbutt","floor":20},{"not_picked":["Clash","Blood for Blood","Headbutt"],"picked":"SKIP","floor":22}],"player_experience":717583,"relics_obtained":[{"floor":8,"key":"Bird Faced Urn"},{"floor":9,"key":"The Courier"},{"floor":12,"key":"Paper Frog"}],"event_choices":[{"damage_healed":0,"gold_gain":0,"player_choice":"Box","damage_taken":0,"relics_obtained":["Mercury Hourglass"],"max_hp_gain":0,"max_hp_loss":0,"event_name":"Big Fish","floor":2,"gold_loss":0,"cards_obtained":["Regret"]},{"cards_removed":["Regret"],"damage_healed":0,"gold_gain":0,"player_choice":"Card Removal","damage_taken":0,"max_hp_gain":0,"max_hp_loss":0,"event_name":"The Cleric","floor":4,"gold_loss":75},{"damage_healed":0,"gold_gain":0,"player_choice":"Grow","damage_taken":0,"max_hp_gain":0,"max_hp_loss":0,"event_name":"Living Wall","floor":6,"gold_loss":0,"cards_upgraded":["Cleave"]},{"damage_healed":0,"gold_gain":0,"player_choice":"Smashed Altar","damage_taken":0,"max_hp_gain":0,"max_hp_loss":0,"event_name":"Forgotten Altar","floor":19,"gold_loss":0,"cards_obtained":["Decay"]}],"is_beta":false,"boss_relics":[{"not_picked":["Ectoplasm","Eternal Feather"],"picked":"Runic Pyramid"}],"items_purged_floors":[21],"is_endless":false,"potions_floor_spawned":[1,13,14,16,18],"killed_by":"Book of Stabbing","ascension_level":20}