{"gold_per_floor":[118,268,288,100,100,130,130,160,185,208,220,263,275,316,328,418,430,458,481,511,523,552,564,8,8,8,8,42,42,42,68,68,140,140,158,170,270,281,281,281],"floor_reached":40,"playtime":2817,"items_purged":["Doubt","Strike_R"],"score":900,"play_id":"b96f8181-f072-4b41-bbdc-a8029ad10510","local_time":"20190908141839","is_ascension_mode":true,"campfire_choices":[{"data":"Pommel Strike","floor":7.0,"key":"SMITH"},{"data":"Carnage","floor":11.0,"key":"SMITH"},{"data":"Feel No Pain","floor":13.0,"key":"SMITH"},{"data":"Disarm","floor":15.0,"key":"SMITH"},{"floor":23.0,"key":"REST"},{"data":"Juggernaut","floor":25.0,"key":"SMITH"},{"floor":27.0,"key":"REST"},{"floor":32.0,"key":"REST"}],"neow_cost":"NONE","seed_source_timestamp":633715135130600,"circlet_count":0,"master_deck":["AscendersBane","Strike_R+1","Defend_R+1","Defend_R+1","Defend_R+1","Defend_R+1","Bash","Anger","True Grit","Disarm+1","Dropkick","Pommel Strike+1","Feel No Pain+1","Carnage+1","Shockwave","Flame Barrier","Juggernaut+1","Spot Weakness","Cleave","True Grit","Anger","Disarm","Feel No Pain","Shrug It Off","Fiend Fire","Juggernaut","Corruption","Impervious","Uppercut+1"],"special_seed":0,"relics":["Burning Blood","Lantern","Dream Catcher","MawBank","Question Card","Ornamental Fan","Empty Cage","Bronze Scales","Oddly Smooth Stone","Orichalcum","Anchor","Red Skull","Velvet Choker","Shovel"],"potions_floor_usage":[33,36,40],"damage_taken":[{"damage":16.0,"enemies":"Jaw Worm","floor":1.0,"turns":6.0},{"damage":7.0,"enemies":"2 Louse","floor":3.0,"turns":3.0},{"damage":6.0,"enemies":"Gremlin Nob","floor":6.0,"turns":3.0},{"damage":26.0,"enemies":"Lagavulin","floor":8.0,"turns":6.0},{"damage":0.0,"enemies":"Cultist","floor":10.0,"turns":2.0},{"damage":10.0,"enemies":"Gremlin Nob","floor":12.0,"turns":4.0},{"damage":12.0,"enemies":"3 Sentries","floor":14.0,"turns":7.0},{"damage":5.0,"enemies":"Hexaghost","floor":16.0,"turns":9.0},{"damage":15.0,"enemies":"3 Byrds","floor":18.0,"turns":7.0},{"damage":17.0,"enemies":"Chosen","floor":19.0,"turns":6.0},{"damage":34.0,"enemies":"Sentry and Sphere","floor":20.0,"turns":8.0},{"damage":9.0,"enemies":"Centurion and Healer","floor":22.0,"turns":7.0},{"damage":13.0,"enemies":"Book of Stabbing","floor":28.0,"turns":5.0},{"damage":20.0,"enemies":"Gremlin Leader","floor":31.0,"turns":5.0},{"damage":10,"enemies":"Champ","floor":33,"turns":13},{"damage":18,"enemies":"Orb Walker","floor":35,"turns":5},{"damage":21,"enemies":"3 Darklings","floor":36,"turns":6},{"damage":0,"enemies":"Mind Bloom Boss Battle","floor":37,"turns":5},{"damage":0,"enemies":"Transient","floor":38,"turns":6},{"damage":67,"enemies":"Reptomancer","floor":40,"turns":3}],"seed_played":"3030262248641666089","potions_obtained":[{"floor":0.0,"key":"SteroidPotion"},{"floor":0.0,"key":"Strength Potion"},{"floor":8.0,"key":"SpeedPotion"},{"floor":12.0,"key":"Energy Potion"},{"floor":14.0,"key":"Poison Potion"},{"floor":16.0,"key":"EssenceOfSteel"},{"floor":18.0,"key":"Poison Potion"},{"floor":20.0,"key":"Explosive Potion"},{"floor":22.0,"key":"Swift Potion"},{"floor":31.0,"key":"Fruit Juice"},{"floor":33,"key":"Strength Potion"},{"floor":36,"key":"EssenceOfSteel"}],"is_trial":false,"path_per_floor":["M","?","M","$","?","E","R","E","T","M","R","E","R","E","R","B",null,"M","M","M","?","M","R","$","R","T","R","E","?","?","E","R","B",null,"M","M","?","M","?","E"],"character_chosen":"IRONCLAD","items_purchased":["Disarm","Dropkick","Bronze Scales","Oddly Smooth Stone","Feel No Pain","Shrug It Off"],"campfire_rested":3,"item_purchase_floors":[4,4,24,24,24,24],"current_hp_per_floor":[58,58,57,57,34,34,34,14,14,20,20,16,16,10,10,11,59,50,39,11,11,8,30,30,30,30,52,45,45,45,31,53,54,74,62,47,53,59,59,0],"gold":281,"neow_bonus":"THREE_SMALL_POTIONS","is_prod":false,"is_daily":false,"chose_seed":false,"campfire_upgraded":5,"win_rate":0,"timestamp":1567977519,"path_taken":["M","?","M","$","?","E","R","E","T","M","R","E","R","E","R","BOSS","M","M","M","?","?","R","$","R","T","R","E","?","?","E","R","BOSS","M","M","?","M","?","E"],"build_version":"2019-07-17","purchased_purges":2,"victory":false,"max_hp_per_floor":[75,75,75,75,75,75,75,75,75,75,75,75,75,75,75,75,75,75,75,75,75,75,75,75,75,75,75,75,75,75,75,75,80,80,80,80,80,80,80,80],"card_choices":[{"not_picked":["Infernal Blade","Disarm"],"picked":"Anger","floor":1.0},{"not_picked":["Reckless Charge","Flame Barrier"],"picked":"True Grit","floor":3.0},{"not_picked":["Combust","Barricade"],"picked":"Pommel Strike","floor":6.0},{"not_picked":["Double Tap","Warcry"],"picked":"Feel No Pain","floor":8.0},{"not_picked":["Armaments","Uppercut"],"picked":"Carnage","floor":10.0},{"not_picked":["Wild Strike","Sever Soul"],"picked":"Shockwave","floor":12.0},{"not_picked":["Clash","Iron Wave","Seeing Red"],"picked":"Flame Barrier","floor":14.0},{"not_picked":["Brutality","Demon Form","Impervious"],"picked":"Juggernaut","floor":16.0},{"not_picked":["Rage","Armaments","Inflame"],"picked":"Spot Weakness","floor":18.0},{"not_picked":["Body Slam","Sword Boomerang","Carnage"],"picked":"Cleave","floor":19.0},{"not_picked":["Clash","Dropkick","Wild Strike+1"],"picked":"True Grit","floor":20.0},{"not_picked":["Burning Pact+1","Dual Wield","Pummel"],"picked":"Anger","floor":22.0},{"not_picked":["Armaments","Cleave","Sword Boomerang"],"picked":"Disarm","floor":23.0},{"not_picked":["Headbutt","Pommel Strike+1","Disarm"],"picked":"Fiend Fire","floor":27.0},{"not_picked":["Clothesline","Burning Pact","Perfected Strike"],"picked":"Rampage","floor":28.0},{"not_picked":["Flex","Twin Strike","Heavy Blade"],"picked":"Juggernaut","floor":31.0},{"not_picked":["Whirlwind","Dropkick","Thunderclap"],"picked":"Corruption","floor":32.0},{"not_picked":["Reaper","Brutality","Bludgeon"],"picked":"Impervious","floor":33},{"not_picked":["Thunderclap","Clash","Wild Strike","Headbutt"],"picked":"SKIP","floor":35},{"not_picked":["Anger","Seeing Red+1","Havoc"],"picked":"Uppercut+1","floor":36},{"not_picked":["Fire Breathing","Clash","Rampage","Anger"],"picked":"SKIP","floor":38}],"player_experience":894476,"relics_obtained":[{"floor":6.0,"key":"Lantern"},{"floor":8.0,"key":"Dream Catcher"},{"floor":9.0,"key":"MawBank"},{"floor":12.0,"key":"Question Card"},{"floor":14.0,"key":"Ornamental Fan"},{"floor":26.0,"key":"Orichalcum"},{"floor":28.0,"key":"Anchor"},{"floor":31.0,"key":"Red Skull"},{"floor":37,"key":"Shovel"}],"event_choices":[{"damage_healed":0.0,"max_hp_gain":0.0,"max_hp_loss":0.0,"gold_gain":150.0,"event_name":"Liars Game","player_choice":"AGREE","floor":2.0,"gold_loss":0.0,"damage_taken":0.0,"cards_obtained":["Doubt"]},{"damage_healed":0.0,"max_hp_gain":0.0,"max_hp_loss":0.0,"gold_gain":0.0,"event_name":"Shining Light","player_choice":"Entered Light","floor":5.0,"gold_loss":0.0,"damage_taken":23.0,"cards_upgraded":["Defend_R","Strike_R"]},{"cards_removed":["Strike_R"],"damage_healed":0.0,"max_hp_gain":0.0,"max_hp_loss":0.0,"gold_gain":0.0,"event_name":"Purifier","player_choice":"Purged","floor":21.0,"gold_loss":0.0,"damage_taken":0.0},{"damage_healed":0.0,"max_hp_gain":0.0,"max_hp_loss":0.0,"gold_gain":0.0,"event_name":"Vampires","player_choice":"Ignored","floor":29.0,"gold_loss":0.0,"damage_taken":0.0},{"damage_healed":0.0,"max_hp_gain":0.0,"max_hp_loss":0.0,"gold_gain":0.0,"event_name":"Back to Basics","player_choice":"Simplicity","floor":30.0,"gold_loss":0.0,"damage_taken":0.0,"cards_upgraded":["Defend_R","Defend_R","Defend_R"]},{"damage_healed":0,"gold_gain":0,"player_choice":"Fight","damage_taken":0,"max_hp_gain":0,"max_hp_loss":0,"event_name":"MindBloom","floor":37,"gold_loss":0},{"cards_removed":["Rampage"],"damage_healed":0,"gold_gain":0,"player_choice":"Removed Attack","damage_taken":0,"max_hp_gain":0,"max_hp_loss":0,"event_name":"Falling","floor":39,"gold_loss":0}],"is_beta":false,"boss_relics":[{"not_picked":["Ectoplasm","Orrery"],"picked":"Empty Cage"},{"not_picked":["Tiny House","Black Star"],"picked":"Velvet Choker"}],"items_purged_floors":[4,24],"is_endless":false,"potions_floor_spawned":[3,8,12,14,16,18,20,22,31,33,36,37],"killed_by":"Reptomancer","ascension_level":20}