{"gold_per_floor":[118,118,137,69,82,113,113,38,38,38,38],"floor_reached":11,"playtime":302,"items_purged":["Strike_B"],"score":71,"play_id":"bd318999-80a5-43be-bb34-fe7a6d14e9b4","local_time":"20181227010251","is_ascension_mode":false,"campfire_choices":[{"data":"Leap","floor":7,"key":"SMITH"}],"neow_cost":"NONE","seed_source_timestamp":2259651943081921,"circlet_count":0,"master_deck":["Strike_B","Strike_B","Defend_B","Defend_B","Defend_B","Defend_B","Zap","Dualcast","Chill","Turbo","Leap+1","Cold Snap","Cold Snap","Hologram"],"relics":["Cracked Core","NeowsBlessing","Bottled Lightning","Regal Pillow","Strawberry"],"potions_floor_usage":[],"damage_taken":[{"damage":0,"enemies":"Jaw Worm","floor":1,"turns":1},{"damage":0,"enemies":"Cultist","floor":3,"turns":1},{"damage":0,"enemies":"Small Slimes","floor":5,"turns":1},{"damage":23,"enemies":"3 Sentries","floor":6,"turns":9},{"damage":76,"enemies":"Gremlin Nob","floor":11,"turns":5}],"seed_played":"-2097166524764875833","potions_obtained":[{"floor":1,"key":"Dexterity Potion"}],"is_trial":false,"path_per_floor":["M","?","M","$","M","E","R","$","T","?","E"],"character_chosen":"DEFECT","items_purchased":["Leap","Cold Snap"],"campfire_rested":0,"item_purchase_floors":[4,4],"current_hp_per_floor":[75,75,75,75,75,52,52,52,52,59,0],"gold":38,"neow_bonus":"THREE_ENEMY_KILL","is_prod":false,"is_daily":false,"chose_seed":false,"campfire_upgraded":1,"win_rate":0.0,"timestamp":1545894171,"path_taken":["M","?","?","$","M","E","R","?","T","?","E"],"build_version":"2018-12-20","purchased_purges":1,"victory":false,"max_hp_per_floor":[75,75,75,75,75,75,75,75,75,82,82],"card_choices":[{"not_picked":["Darkness","Melter"],"picked":"Chill","floor":1},{"not_picked":["Sweeping Beam","Compile Driver"],"picked":"Turbo","floor":3},{"not_picked":["Rebound","Genetic Algorithm"],"picked":"Cold Snap","floor":5},{"not_picked":["Lockon","Force Field"],"picked":"Hologram","floor":6}],"player_experience":29069,"relics_obtained":[{"floor":6,"key":"Bottled Lightning"},{"floor":9,"key":"Regal Pillow"}],"event_choices":[{"damage_healed":0,"gold_gain":0,"cards_transformed":["Strike_B"],"player_choice":"Transformed","damage_taken":0,"max_hp_gain":0,"max_hp_loss":0,"event_name":"Transmorgrifier","floor":2,"gold_loss":0,"cards_obtained":["Machine Learning"]},{"cards_removed":["Machine Learning"],"damage_healed":0,"gold_gain":0,"player_choice":"Gave Card","damage_taken":0,"relics_obtained":["Strawberry"],"max_hp_gain":0,"max_hp_loss":0,"event_name":"WeMeetAgain","floor":10,"gold_loss":0}],"is_beta":false,"boss_relics":[],"items_purged_floors":[8],"is_endless":false,"potions_floor_spawned":[1],"killed_by":"Gremlin Nob","ascension_level":0}