{"gold_per_floor":[117,117,61,81,6,37,48,48,124,155,171,171,194,207,207,300,300,320,320,338,338,352,352,352],"floor_reached":24,"playtime":590,"items_purged":["Strike_R"],"score":416,"play_id":"dc4fde7f-99f6-4270-98a6-1f92b2159f33","local_time":"20181223041616","is_ascension_mode":true,"campfire_choices":[{"data":"Bash","floor":8,"key":"SMITH"},{"data":"True Grit","floor":15,"key":"SMITH"},{"floor":23,"key":"REST"}],"neow_cost":"NONE","seed_source_timestamp":133073770025300,"circlet_count":0,"master_deck":["AscendersBane","Strike_R","Strike_R","Defend_R","Defend_R+1","Defend_R","Defend_R","Bash+1","Dropkick","Thunderclap","True Grit+1","Second Wind+1","Headbutt","Clash","Dropkick+1"],"special_seed":0,"relics":["Burning Blood","NeowsBlessing","PreservedInsect","Sundial","Molten Egg 2","Golden Idol","War Paint","Empty Cage"],"potions_floor_usage":[16,16,20],"damage_taken":[{"damage":0.0,"enemies":"2 Louse","floor":1.0,"turns":1.0},{"damage":0,"enemies":"Cultist","floor":4,"turns":1},{"damage":0,"enemies":"3 Sentries","floor":6,"turns":2},{"damage":5,"enemies":"Jaw Worm","floor":7,"turns":3},{"damage":8,"enemies":"Gremlin Nob","floor":10,"turns":3},{"damage":0,"enemies":"2 Fungi Beasts","floor":11,"turns":3},{"damage":8,"enemies":"Blue Slaver","floor":14,"turns":2},{"damage":33,"enemies":"Slime Boss","floor":16,"turns":4},{"damage":21,"enemies":"Chosen","floor":18,"turns":6},{"damage":27,"enemies":"Spheric Guardian","floor":20,"turns":4},{"damage":25,"enemies":"Chosen and Byrds","floor":22,"turns":6},{"damage":0,"enemies":"Sentry and Sphere","floor":24,"turns":2}],"seed_played":"3672039926901290493","potions_obtained":[{"floor":1.0,"key":"AttackPotion"},{"floor":6,"key":"Fire Potion"},{"floor":16,"key":"AttackPotion"},{"floor":20,"key":"Ancient Potion"},{"floor":22,"key":"SteroidPotion"}],"is_trial":false,"path_per_floor":["M","?","$","M","$","E","M","R","T","E","M","?","T","M","R","B",null,"M","?","M","?","M","R","M"],"character_chosen":"IRONCLAD","items_purchased":["True Grit"],"campfire_rested":1,"item_purchase_floors":[3],"current_hp_per_floor":[74,74,74,75,75,75,75,75,75,73,75,68,68,66,66,39,61,46,46,25,39,20,40,40],"gold":352,"neow_bonus":"THREE_ENEMY_KILL","is_prod":false,"is_daily":false,"chose_seed":false,"campfire_upgraded":2,"win_rate":0,"timestamp":1545567376,"path_taken":["M","?","$","M","$","E","M","R","T","E","?","?","?","M","R","BOSS","M","?","M","?","M","R","M"],"build_version":"2018-12-20","purchased_purges":1,"victory":false,"max_hp_per_floor":[75,75,75,75,75,75,75,75,75,75,75,68,68,68,68,68,68,68,68,68,68,68,68,68],"card_choices":[{"not_picked":["Cleave","Iron Wave"],"picked":"Dropkick","floor":1.0},{"not_picked":["Body Slam","Perfected Strike"],"picked":"Second Wind","floor":4},{"not_picked":["Clothesline","Feed"],"picked":"Headbutt","floor":6},{"not_picked":["Twin Strike","Flame Barrier"],"picked":"Clash","floor":7},{"not_picked":["Exhume","Shrug It Off","Power Through"],"picked":"SKIP","floor":10},{"not_picked":["Intimidate","Rage","Shrug It Off"],"picked":"SKIP","floor":11},{"not_picked":["Fire Breathing","Headbutt+1","Blood for Blood+1"],"picked":"SKIP","floor":14},{"not_picked":["Carnage+1","Burning Pact"],"picked":"Dropkick+1","floor":18},{"not_picked":["Infernal Blade","Perfected Strike+1","Clash+1"],"picked":"SKIP","floor":20},{"not_picked":["Heavy Blade+1","Intimidate","Anger+1"],"picked":"SKIP","floor":22}],"player_experience":177433,"relics_obtained":[{"floor":6,"key":"PreservedInsect"},{"floor":9,"key":"Sundial"},{"floor":10,"key":"Molten Egg 2"},{"floor":13,"key":"War Paint"}],"event_choices":[{"damage_healed":0,"gold_gain":0,"player_choice":"1 cards matched","damage_taken":0,"max_hp_gain":0,"max_hp_loss":0,"event_name":"Match and Keep!","floor":2,"gold_loss":0,"cards_obtained":["Thunderclap"]},{"damage_healed":0,"gold_gain":0,"player_choice":"Lose Max HP","damage_taken":0,"relics_obtained":["Golden Idol"],"max_hp_gain":0,"max_hp_loss":7,"event_name":"Golden Idol","floor":12,"gold_loss":0},{"damage_healed":0,"gold_gain":0,"player_choice":"Ignored","damage_taken":0,"max_hp_gain":0,"max_hp_loss":0,"event_name":"The Mausoleum","floor":19,"gold_loss":0},{"damage_healed":14,"gold_gain":0,"player_choice":"Heal","damage_taken":0,"max_hp_gain":0,"max_hp_loss":0,"event_name":"The Library","floor":21,"gold_loss":0}],"is_beta":false,"boss_relics":[{"not_picked":["Tiny House","Black Blood"],"picked":"Empty Cage"}],"items_purged_floors":[5],"is_endless":false,"potions_floor_spawned":[1,6,10,14,16,20,22],"killed_by":"Sentry and Sphere","ascension_level":16}