{"gold_per_floor":[119,69,88,88,105,138,138,151,151,151,151,4,20,70,70,174,174,114,114,29,29,47,47,21,35,35,35,10,10,10,25,25,126,126,139,239,239,56,72,72,92,107,156,156,171,0,0,10,10,10],"floor_reached":51,"playtime":5736,"items_purged":["Strike_G"],"score":618,"play_id":"36a36130-8902-4ff7-ae6d-6d9ad3af2f04","local_time":"20190226154947","is_ascension_mode":false,"campfire_choices":[{"data":"Noxious Fumes","floor":7,"key":"SMITH"},{"floor":10,"key":"REST"},{"data":"Footwork","floor":15,"key":"SMITH"},{"data":"Ghostly","floor":23,"key":"SMITH"},{"data":"Burst","floor":27,"key":"SMITH"},{"data":"Ghostly","floor":30,"key":"SMITH"},{"data":"Ghostly","floor":32,"key":"SMITH"},{"data":"Ghostly","floor":40,"key":"SMITH"},{"data":"Defend_G","floor":44,"key":"SMITH"},{"floor":47,"key":"REST"},{"data":"Burst","floor":49,"key":"SMITH"}],"neow_cost":"NONE","seed_source_timestamp":84655554327645,"circlet_count":0,"master_deck":["Defend_G","Defend_G","Defend_G","Defend_G","Defend_G+1","Survivor","Neutralize","Dagger Spray","Noxious Fumes+1","Well Laid Plans","Footwork+1","Deflect","Burst+1","Noxious Fumes","Ghostly","Ghostly+1","Ghostly+1","Ghostly+1","Ghostly+1","Skewer+1","PiercingWail","Bouncing Flask","Acrobatics","Burst+1","PiercingWail+1","Footwork+1","Normality","Dodge and Roll+1"],"relics":["Ring of the Snake","NeowsBlessing","GremlinMask","Bottled Lightning","Mummified Hand","Anchor","Empty Cage","Frozen Egg 2","Gambling Chip","Cursed Key","Unceasing Top","Snake Skull","PreservedInsect","Red Mask"],"potions_floor_usage":[6,41],"damage_taken":[{"damage":0,"enemies":"Jaw Worm","floor":1,"turns":1},{"damage":0,"enemies":"Small Slimes","floor":3,"turns":1},{"damage":0,"enemies":"Cultist","floor":5,"turns":2},{"damage":17,"enemies":"3 Sentries","floor":6,"turns":9},{"damage":9,"enemies":"Exordium Wildlife","floor":8,"turns":4},{"damage":0,"enemies":"Blue Slaver","floor":13,"turns":5},{"damage":48,"enemies":"Slime Boss","floor":16,"turns":14},{"damage":0,"enemies":"2 Thieves","floor":18,"turns":4},{"damage":0,"enemies":"Shell Parasite","floor":22,"turns":8},{"damage":4,"enemies":"Sentry and Sphere","floor":25,"turns":8},{"damage":1,"enemies":"Snecko","floor":31,"turns":6},{"damage":21,"enemies":"Collector","floor":33,"turns":11},{"damage":1,"enemies":"3 Shapes","floor":35,"turns":5},{"damage":0,"enemies":"Mind Bloom Boss Battle","floor":36,"turns":8},{"damage":0,"enemies":"Orb Walker","floor":39,"turns":2},{"damage":1,"enemies":"Maw","floor":41,"turns":8},{"damage":0,"enemies":"Spire Growth","floor":42,"turns":7},{"damage":8,"enemies":"Transient","floor":45,"turns":5},{"damage":0,"enemies":"4 Shapes","floor":48,"turns":5},{"damage":8,"enemies":"Donu and Deca","floor":50,"turns":11}],"seed_played":"8496599667835211385","potions_obtained":[{"floor":1,"key":"FearPotion"},{"floor":25,"key":"LiquidBronze"},{"floor":35,"key":"Dexterity Potion"},{"floor":39,"key":"Dexterity Potion"},{"floor":41,"key":"EssenceOfSteel"},{"floor":42,"key":"Ancient Potion"},{"floor":45,"key":"Ancient Potion"}],"is_trial":false,"path_per_floor":["M","?","M","?","M","E","R","M","T","R","?","$","M","T","R","B",null,"M","?","?","?","M","R","$","M","T","R","$","?","R","M","R","B",null,"M","?","?","$","M","R","M","M","T","R","M","?","R","M","R","B",null],"character_chosen":"THE_SILENT","items_purchased":["Footwork","PiercingWail","Acrobatics","Snake Skull","Footwork+1"],"campfire_rested":2,"item_purchase_floors":[12,24,28,38,38],"current_hp_per_floor":[70,70,70,70,70,53,53,44,44,65,65,65,65,65,65,17,70,70,35,35,35,35,35,35,31,31,31,31,31,31,30,30,9,35,34,34,34,34,34,34,33,33,33,33,25,25,35,35,35,27],"gold":10,"neow_bonus":"THREE_ENEMY_KILL","is_prod":false,"is_daily":false,"chose_seed":false,"campfire_upgraded":9,"win_rate":0.0,"timestamp":1551176387,"path_taken":["M","?","M","?","?","E","R","M","T","R","?","$","M","?","R","BOSS","M","?","?","?","M","R","?","M","T","R","$","?","R","M","R","BOSS","M","?","?","$","M","R","M","?","T","R","M","?","R","M","R","BOSS"],"build_version":"2019-01-23","purchased_purges":1,"victory":true,"max_hp_per_floor":[70,70,70,70,70,70,70,70,70,70,70,70,70,70,70,70,70,70,35,35,35,35,35,35,35,35,35,35,35,35,35,35,35,35,35,35,35,35,35,35,35,35,35,35,35,35,35,35,35,35],"card_choices":[{"not_picked":["Tactician","Backflip"],"picked":"Dagger Spray","floor":1},{"not_picked":["Masterful Stab","Blade Dance"],"picked":"Noxious Fumes","floor":3},{"not_picked":["Blur","Reflex"],"picked":"Well Laid Plans","floor":5},{"not_picked":["Slice","Well Laid Plans","Outmaneuver"],"picked":"SKIP","floor":6},{"not_picked":["Sucker Punch","Blur","Well Laid Plans"],"picked":"SKIP","floor":8},{"not_picked":["Quick Slash","Backstab"],"picked":"Deflect","floor":13},{"not_picked":["Malaise","Envenom"],"picked":"Burst","floor":16},{"not_picked":["Underhanded Strike","Tactician"],"picked":"Noxious Fumes","floor":18},{"not_picked":["Dagger Throw+1","Sucker Punch"],"picked":"Skewer+1","floor":22},{"not_picked":["Tactician","Acrobatics+1"],"picked":"Bouncing Flask","floor":25},{"not_picked":["Deflect+1","Quick Slash","Masterful Stab"],"picked":"SKIP","floor":31},{"not_picked":["Wraith Form v2+1","Unload"],"picked":"Burst","floor":33},{"not_picked":["Backflip","Skewer"],"picked":"PiercingWail+1","floor":35},{"not_picked":["Blade Dance+1","Skewer","Dagger Throw+1"],"picked":"SKIP","floor":39},{"not_picked":["Eviscerate+1","Deadly Poison+1","Flying Knee+1"],"picked":"SKIP","floor":41},{"not_picked":["Backstab","PiercingWail+1","A Thousand Cuts+1"],"picked":"SKIP","floor":42},{"not_picked":["Predator+1","Deadly Poison+1","Dagger Throw"],"picked":"SKIP","floor":45},{"not_picked":["Deadly Poison","Underhanded Strike+1"],"picked":"Dodge and Roll+1","floor":48}],"player_experience":14903,"relics_obtained":[{"floor":6,"key":"Bottled Lightning"},{"floor":9,"key":"Mummified Hand"},{"floor":14,"key":"Anchor"},{"floor":26,"key":"Gambling Chip"},{"floor":36,"key":"Unceasing Top"},{"floor":43,"key":"PreservedInsect"}],"event_choices":[{"cards_removed":["Strike_G"],"damage_healed":0,"gold_gain":0,"player_choice":"Card Removal","damage_taken":0,"max_hp_gain":0,"max_hp_loss":0,"event_name":"The Cleric","floor":2,"gold_loss":50},{"damage_healed":0,"gold_gain":0,"player_choice":"Trade","damage_taken":0,"relics_obtained":["GremlinMask"],"max_hp_gain":0,"max_hp_loss":0,"event_name":"FaceTrader","floor":4,"gold_loss":0},{"cards_removed":["Strike_G"],"damage_healed":0,"gold_gain":0,"player_choice":"Forget","damage_taken":0,"max_hp_gain":0,"max_hp_loss":0,"event_name":"Living Wall","floor":11,"gold_loss":0},{"damage_healed":0,"gold_gain":0,"player_choice":"Became a Ghost","damage_taken":0,"max_hp_gain":0,"max_hp_loss":35,"event_name":"Ghosts","floor":19,"gold_loss":0,"cards_obtained":["Ghostly","Ghostly","Ghostly","Ghostly","Ghostly"]},{"damage_healed":0,"gold_gain":0,"player_choice":"Obtained Relic","damage_taken":0,"relics_obtained":["Frozen Egg 2"],"max_hp_gain":0,"max_hp_loss":0,"event_name":"Addict","floor":20,"gold_loss":85},{"damage_healed":0,"gold_gain":0,"player_choice":"Ignored","damage_taken":0,"max_hp_gain":0,"max_hp_loss":0,"event_name":"Vampires","floor":21,"gold_loss":0},{"damage_healed":0,"gold_gain":0,"player_choice":"Ignored","damage_taken":0,"max_hp_gain":0,"max_hp_loss":0,"event_name":"Cursed Tome","floor":29,"gold_loss":0},{"damage_healed":0,"gold_gain":0,"player_choice":"Fight","damage_taken":0,"max_hp_gain":0,"max_hp_loss":0,"event_name":"MindBloom","floor":36,"gold_loss":0},{"damage_healed":0,"gold_gain":0,"player_choice":"Bought 0 Potions","damage_taken":0,"max_hp_gain":0,"max_hp_loss":0,"event_name":"The Woman in Blue","floor":37,"gold_loss":0},{"damage_healed":0,"gold_gain":0,"player_choice":"Paid","damage_taken":0,"relics_obtained":["Red Mask"],"max_hp_gain":0,"max_hp_loss":0,"event_name":"Tomb of Lord Red Mask","floor":46,"gold_loss":171}],"is_beta":false,"boss_relics":[{"not_picked":["Runic Pyramid","Busted Crown"],"picked":"Empty Cage"},{"not_picked":["Philosopher\u0027s Stone","Runic Dome"],"picked":"Cursed Key"}],"items_purged_floors":[12],"is_endless":false,"potions_floor_spawned":[1,25,35,39,41,42,45],"ascension_level":0}