{"gold_per_floor":[117,134,134,409,428,453,453,453,479,479,181,181,256,288,288,359,359,373,20,20,20,38,367,367,398,398,424,424],"floor_reached":28,"playtime":629,"items_purged":["Strike_R","Strike_R"],"score":560,"play_id":"fa5d1fbf-fd2d-426c-b2e8-771ecbb241a6","local_time":"20190726041127","is_ascension_mode":true,"campfire_choices":[{"data":"Inflame","floor":8.0,"key":"SMITH"},{"data":"Armaments","floor":15.0,"key":"SMITH"},{"floor":24.0,"key":"REST"}],"neow_cost":"NONE","seed_source_timestamp":766310462453000,"circlet_count":0,"master_deck":["AscendersBane","Strike_R","Strike_R","Defend_R+1","Defend_R","Defend_R+1","Defend_R","Bash","Inflame+1","Sword Boomerang","Thunderclap","Immolate+1","Armaments+1","Pommel Strike","Bludgeon","True Grit","Whirlwind","True Grit","Corruption","Anger","Feel No Pain"],"special_seed":0,"relics":["Burning Blood","Bronze Scales","Red Skull","Juzu Bracelet","War Paint","Sozu","Vajra","Old Coin","Unceasing Top","FossilizedHelix","Regal Pillow"],"potions_floor_usage":[],"damage_taken":[{"damage":1.0,"enemies":"Small Slimes","floor":1.0,"turns":4.0},{"damage":3.0,"enemies":"2 Louse","floor":2.0,"turns":4.0},{"damage":8.0,"enemies":"Cultist","floor":5.0,"turns":3.0},{"damage":8.0,"enemies":"Gremlin Nob","floor":6.0,"turns":3.0},{"damage":20.0,"enemies":"Lagavulin","floor":14.0,"turns":5.0},{"damage":38.0,"enemies":"Slime Boss","floor":16.0,"turns":8.0},{"damage":13.0,"enemies":"Chosen","floor":18.0,"turns":4.0},{"damage":1.0,"enemies":"3 Byrds","floor":22.0,"turns":2.0},{"damage":37.0,"enemies":"Slavers","floor":23.0,"turns":5.0},{"damage":17.0,"enemies":"Book of Stabbing","floor":25.0,"turns":4.0},{"damage":21.0,"enemies":"Slavers","floor":27.0,"turns":2.0},{"damage":19,"enemies":"Cultist and Chosen","floor":28,"turns":4}],"seed_played":"2744459498732697688","potions_obtained":[{"floor":5.0,"key":"AttackPotion"},{"floor":6.0,"key":"Weak Potion"},{"floor":14.0,"key":"Regen Potion"},{"floor":16.0,"key":"Weak Potion"}],"is_trial":false,"path_per_floor":["M","M","?","?","M","E","?","R","T","?","$","?","?","E","R","B",null,"M","$","?","?","M","E","R","E","T","E","M"],"character_chosen":"IRONCLAD","items_purchased":["Immolate","Armaments","Whirlwind","Vajra"],"campfire_rested":1,"item_purchase_floors":[11,11,19,19],"current_hp_per_floor":[80,82,82,82,80,78,78,78,78,78,78,71,60,46,46,14,65,58,58,58,34,39,17,43,32,32,17,0],"gold":424,"neow_bonus":"TEN_PERCENT_HP_BONUS","is_prod":false,"is_daily":false,"chose_seed":false,"campfire_upgraded":2,"win_rate":0,"timestamp":1564139487,"path_taken":["M","M","?","?","?","E","?","R","T","?","$","?","?","E","R","BOSS","M","$","?","?","M","E","R","E","T","E","M"],"build_version":"2019-07-17","purchased_purges":2,"victory":false,"max_hp_per_floor":[82,82,82,82,82,82,82,82,82,82,82,82,82,82,82,82,82,82,82,82,87,87,87,87,87,87,87,87],"card_choices":[{"not_picked":["Heavy Blade","Fire Breathing"],"picked":"Inflame","floor":1.0},{"not_picked":["Heavy Blade","Second Wind"],"picked":"Sword Boomerang","floor":2.0},{"not_picked":["Iron Wave","Havoc"],"picked":"Thunderclap","floor":5.0},{"not_picked":["Twin Strike","Clash","Body Slam"],"picked":"SKIP","floor":6.0},{"not_picked":["Rupture","Exhume"],"picked":"Pommel Strike","floor":14.0},{"not_picked":["Juggernaut","Immolate"],"picked":"Bludgeon","floor":16.0},{"not_picked":["Twin Strike","Sever Soul"],"picked":"True Grit","floor":18.0},{"not_picked":["Iron Wave","Rage"],"picked":"True Grit","floor":22.0},{"not_picked":["Armaments","Fire Breathing"],"picked":"Corruption","floor":23.0},{"not_picked":["Brutality","Headbutt"],"picked":"Anger","floor":25.0},{"not_picked":["Corruption","Heavy Blade"],"picked":"Feel No Pain","floor":27.0}],"player_experience":699353,"relics_obtained":[{"floor":6.0,"key":"Bronze Scales"},{"floor":9.0,"key":"Red Skull"},{"floor":14.0,"key":"War Paint"},{"floor":23.0,"key":"Old Coin"},{"floor":25.0,"key":"Unceasing Top"},{"floor":26.0,"key":"FossilizedHelix"},{"floor":27.0,"key":"Regal Pillow"}],"event_choices":[{"damage_healed":0.0,"max_hp_gain":0.0,"max_hp_loss":0.0,"gold_gain":0.0,"event_name":"The Cleric","player_choice":"Leave","floor":3.0,"gold_loss":0.0,"damage_taken":0.0},{"damage_healed":0.0,"max_hp_gain":0.0,"max_hp_loss":0.0,"gold_gain":275.0,"event_name":"Golden Shrine","player_choice":"Desecrate","floor":4.0,"gold_loss":0.0,"damage_taken":0.0,"cards_obtained":["Regret"]},{"cards_removed":["Regret"],"damage_healed":0.0,"max_hp_gain":0.0,"max_hp_loss":0.0,"gold_gain":0.0,"event_name":"Living Wall","player_choice":"Forget","floor":7.0,"gold_loss":0.0,"damage_taken":0.0},{"damage_healed":0.0,"max_hp_gain":0.0,"max_hp_loss":0.0,"gold_gain":0.0,"event_name":"WeMeetAgain","player_choice":"Gave Potion","floor":10.0,"gold_loss":0.0,"damage_taken":0.0,"relics_obtained":["Juzu Bracelet"]},{"cards_removed":["Strike_R"],"damage_healed":0.0,"max_hp_gain":0.0,"max_hp_loss":0.0,"gold_gain":0.0,"event_name":"Golden Wing","player_choice":"Card Removal","floor":12.0,"gold_loss":0.0,"damage_taken":7.0},{"damage_healed":0.0,"max_hp_gain":0.0,"max_hp_loss":0.0,"gold_gain":75.0,"event_name":"World of Goop","player_choice":"Gather Gold","floor":13.0,"gold_loss":0.0,"damage_taken":11.0},{"damage_healed":0.0,"max_hp_gain":0.0,"max_hp_loss":0.0,"gold_gain":0.0,"event_name":"Upgrade Shrine","player_choice":"Upgraded","floor":20.0,"gold_loss":0.0,"damage_taken":0.0,"cards_upgraded":["Immolate"]},{"damage_healed":0.0,"max_hp_gain":5.0,"max_hp_loss":0.0,"gold_gain":0.0,"event_name":"Forgotten Altar","player_choice":"Shed Blood","floor":21.0,"gold_loss":0.0,"damage_taken":29.0}],"is_beta":false,"boss_relics":[{"not_picked":["Runic Dome","Astrolabe"],"picked":"Sozu"}],"items_purged_floors":[11,19],"is_endless":false,"potions_floor_spawned":[5,6,14,16,18,22,27],"killed_by":"Cultist and Chosen","ascension_level":20}