{"gold_per_floor":[119,119,119,134,148,148,158,158,205,221,221,277,290,290,290,394,394,405,52,2,15,33,33,33,61,61,61,71,81,81,81,81,178,178,192,210,135,147,247,247,279,279,279,279,291,304,304,304,304,304],"floor_reached":51,"playtime":3816,"items_purged":["Strike_B"],"score":687,"play_id":"52731190-b2de-4923-a365-0949e056665a","local_time":"20190906072534","is_ascension_mode":false,"campfire_choices":[{"data":"Sunder","floor":6,"key":"SMITH"},{"data":"Zap","floor":8,"key":"SMITH"},{"data":"Chill","floor":11,"key":"SMITH"},{"floor":15,"key":"REST"},{"data":"Turbo","floor":23,"key":"SMITH"},{"floor":30,"key":"REST"},{"floor":32,"key":"REST"},{"floor":40,"key":"REST"},{"data":"Blizzard","floor":42,"key":"SMITH"},{"data":"Glacier","floor":44,"key":"SMITH"},{"floor":49,"key":"REST"}],"neow_cost":"NONE","seed_source_timestamp":294575821400,"circlet_count":0,"master_deck":["Strike_B","Strike_B","Defend_B","Defend_B","Defend_B","Defend_B","Zap+1","Dualcast","Double Energy+1","Sunder+1","Thunder Strike","Stack","Gash","Go for the Eyes","Glacier+1","Chill+1","Turbo+1","Go for the Eyes","Meteor Strike","Steam","Coolheaded+1","Hologram+1","Cold Snap","Hello World+1","Leap+1","FTL","Machine Learning+1","Blizzard+1","Reinforced Body","Conserve Battery","Redo+1","Blizzard","Good Instincts"],"relics":["Cracked Core","Happy Flower","Orichalcum","Nuclear Battery","Runic Capacitor","Anchor","DataDisk","Frozen Egg 2","Inserter","Calipers","Centennial Puzzle","Bottled Tornado"],"potions_floor_usage":[5,16,33,33,50,50,50,50],"damage_taken":[{"damage":2,"enemies":"2 Louse","floor":1,"turns":3},{"damage":0,"enemies":"Cultist","floor":4,"turns":3},{"damage":3,"enemies":"Small Slimes","floor":5,"turns":2},{"damage":20,"enemies":"Exordium Thugs","floor":7,"turns":3},{"damage":3,"enemies":"Red Slaver","floor":10,"turns":2},{"damage":8,"enemies":"Gremlin Nob","floor":12,"turns":5},{"damage":0,"enemies":"Blue Slaver","floor":13,"turns":2},{"damage":15,"enemies":"Slime Boss","floor":16,"turns":10},{"damage":1,"enemies":"3 Byrds","floor":18,"turns":9},{"damage":8,"enemies":"Spheric Guardian","floor":21,"turns":4},{"damage":13,"enemies":"Cultist and Chosen","floor":22,"turns":8},{"damage":21,"enemies":"Book of Stabbing","floor":25,"turns":6},{"damage":8,"enemies":"Snake Plant","floor":28,"turns":2},{"damage":0,"enemies":"3 Cultists","floor":29,"turns":6},{"damage":0,"enemies":"Colosseum Slavers","floor":31,"turns":4},{"damage":41,"enemies":"Automaton","floor":33,"turns":11},{"damage":3,"enemies":"3 Shapes","floor":35,"turns":6},{"damage":10,"enemies":"3 Darklings","floor":36,"turns":8},{"damage":5,"enemies":"Spire Growth","floor":38,"turns":6},{"damage":0,"enemies":"Mind Bloom Boss Battle","floor":39,"turns":5},{"damage":20,"enemies":"Nemesis","floor":41,"turns":13},{"damage":0,"enemies":"Transient","floor":45,"turns":5},{"damage":0,"enemies":"3 Darklings","floor":46,"turns":5},{"damage":0,"enemies":"Time Eater","floor":50,"turns":17}],"seed_played":"-623962305121641808","potions_obtained":[{"floor":1,"key":"Dexterity Potion"},{"floor":4,"key":"SteroidPotion"},{"floor":5,"key":"Block Potion"},{"floor":16,"key":"Ancient Potion"},{"floor":21,"key":"Strength Potion"},{"floor":33,"key":"SteroidPotion"},{"floor":39,"key":"EntropicBrew"},{"floor":41,"key":"EssenceOfSteel"}],"is_trial":false,"path_per_floor":["M","?","?","M","M","R","M","R","T","M","R","?","M","?","R","B",null,"M","$","?","M","M","R","?","E","T","?","M","M","R","?","R","B",null,"M","M","$","M","?","R","E","R","T","R","M","M","?","?","R","B",null],"character_chosen":"DEFECT","items_purchased":["Runic Capacitor","Anchor"],"campfire_rested":5,"item_purchase_floors":[19,19],"current_hp_per_floor":[73,78,78,78,75,75,55,55,55,52,52,44,44,44,68,53,80,79,79,79,71,58,58,58,37,37,37,29,29,53,53,77,36,80,77,67,67,62,62,80,60,60,60,60,60,60,60,60,80,80],"gold":304,"neow_bonus":"TRANSFORM_CARD","is_prod":false,"is_daily":false,"chose_seed":false,"campfire_upgraded":6,"win_rate":0,"timestamp":1567725934,"path_taken":["M","?","?","?","M","R","M","R","T","?","R","?","M","?","R","BOSS","M","$","?","?","M","R","?","E","T","?","M","M","R","?","R","BOSS","M","M","$","M","?","R","E","R","T","R","M","M","?","?","R","BOSS"],"build_version":"2019-07-17","purchased_purges":1,"victory":true,"max_hp_per_floor":[75,80,80,80,80,80,80,80,80,80,80,80,80,80,80,80,80,80,80,80,80,80,80,80,80,80,80,80,80,80,80,80,80,80,80,80,80,80,80,80,80,80,80,80,80,80,80,80,80,80],"card_choices":[{"not_picked":["Reinforced Body","Go for the Eyes"],"picked":"Sunder","floor":1},{"not_picked":["Steam","Barrage"],"picked":"Gash","floor":4},{"not_picked":["Rebound","Stack"],"picked":"Go for the Eyes","floor":5},{"not_picked":["Tempest","Redo"],"picked":"Glacier","floor":7},{"not_picked":["Barrage","Fusion"],"picked":"Chill","floor":10},{"not_picked":["Rebound","Sweeping Beam"],"picked":"Turbo","floor":12},{"not_picked":["All For One","Stack"],"picked":"Go for the Eyes","floor":13},{"not_picked":["All For One","Echo Form"],"picked":"Meteor Strike","floor":16},{"not_picked":["Go for the Eyes","Streamline"],"picked":"Steam","floor":18},{"not_picked":["FTL","Compile Driver"],"picked":"Coolheaded+1","floor":21},{"not_picked":["Scrape","Gash"],"picked":"Hologram+1","floor":22},{"not_picked":["Scrape+1","Steam"],"picked":"Cold Snap","floor":25},{"not_picked":["Cold Snap+1","Blizzard"],"picked":"Leap+1","floor":28},{"not_picked":["Fusion","Consume"],"picked":"FTL","floor":29},{"not_picked":["Electrodynamics+1","Thunder Strike"],"picked":"Machine Learning+1","floor":33},{"not_picked":["Reprogram","Turbo+1","Go for the Eyes+1"],"picked":"SKIP","floor":35},{"not_picked":["Undo+1","Darkness+1"],"picked":"Blizzard","floor":36},{"not_picked":["Steam Power","Steam+1"],"picked":"Reinforced Body","floor":38},{"not_picked":["Coolheaded","Beam Cell"],"picked":"Conserve Battery","floor":39},{"not_picked":["Rebound+1","Aggregate+1"],"picked":"Redo+1","floor":41},{"not_picked":["Stack+1","Aggregate","Go for the Eyes+1"],"picked":"SKIP","floor":45},{"not_picked":["Conserve Battery","Sunder+1"],"picked":"Blizzard","floor":46},{"not_picked":["Blind","Impatience"],"picked":"Good Instincts","floor":48}],"player_experience":294825,"relics_obtained":[{"floor":9,"key":"Happy Flower"},{"floor":12,"key":"Orichalcum"},{"floor":25,"key":"DataDisk"},{"floor":26,"key":"Frozen Egg 2"},{"floor":39,"key":"Calipers"},{"floor":41,"key":"Centennial Puzzle"},{"floor":43,"key":"Bottled Tornado"}],"event_choices":[{"damage_healed":0,"gold_gain":0,"player_choice":"Donut","damage_taken":0,"max_hp_gain":5,"max_hp_loss":0,"event_name":"Big Fish","floor":2,"gold_loss":0},{"damage_healed":0,"gold_gain":0,"player_choice":"2 cards matched","damage_taken":0,"max_hp_gain":0,"max_hp_loss":0,"event_name":"Match and Keep!","floor":3,"gold_loss":0,"cards_obtained":["Thunder Strike","Stack"]},{"damage_healed":0,"gold_gain":0,"player_choice":"Searched \u00271\u0027 times","damage_taken":0,"max_hp_gain":0,"max_hp_loss":0,"event_name":"Dead Adventurer","floor":12,"gold_loss":0},{"damage_healed":0,"gold_gain":0,"player_choice":"Forge","damage_taken":0,"max_hp_gain":0,"max_hp_loss":0,"event_name":"Accursed Blacksmith","floor":14,"gold_loss":0,"cards_upgraded":["Double Energy"]},{"damage_healed":0,"gold_gain":0,"player_choice":"Bet on Murderer","damage_taken":0,"max_hp_gain":0,"max_hp_loss":0,"event_name":"The Joust","floor":20,"gold_loss":50},{"damage_healed":0,"gold_gain":0,"player_choice":"Obtain J.A.X.","damage_taken":0,"max_hp_gain":0,"max_hp_loss":0,"event_name":"Drug Dealer","floor":24,"gold_loss":0,"cards_obtained":["J.A.X."]},{"damage_healed":0,"gold_gain":0,"player_choice":"Read","damage_taken":0,"max_hp_gain":0,"max_hp_loss":0,"event_name":"The Library","floor":27,"gold_loss":0,"cards_obtained":["Hello World"]},{"damage_healed":0,"gold_gain":0,"player_choice":"Fight","damage_taken":0,"max_hp_gain":0,"max_hp_loss":0,"event_name":"Colosseum","floor":31,"gold_loss":0},{"damage_healed":0,"gold_gain":0,"player_choice":"Fled From Nobs","damage_taken":0,"max_hp_gain":0,"max_hp_loss":0,"event_name":"Colosseum","floor":31,"gold_loss":0},{"damage_healed":0,"gold_gain":0,"player_choice":"Fight","damage_taken":0,"max_hp_gain":0,"max_hp_loss":0,"event_name":"MindBloom","floor":39,"gold_loss":0},{"cards_removed":["J.A.X."],"damage_healed":0,"gold_gain":0,"player_choice":"Removed Skill","damage_taken":0,"max_hp_gain":0,"max_hp_loss":0,"event_name":"Falling","floor":47,"gold_loss":0},{"damage_healed":0,"gold_gain":0,"player_choice":"Memory 1","damage_taken":0,"max_hp_gain":0,"max_hp_loss":0,"event_name":"SensoryStone","floor":48,"gold_loss":0}],"is_beta":false,"boss_relics":[{"not_picked":["Lizard Tail","Empty Cage"],"picked":"Nuclear Battery"},{"not_picked":["Velvet Choker","Philosopher\u0027s Stone"],"picked":"Inserter"}],"items_purged_floors":[37],"is_endless":false,"potions_floor_spawned":[1,4,5,16,21,25,33,39,41,45],"ascension_level":0}