{"gold_per_floor":[112,42,59,108,125,159,159,15,42,68,85,96,126,126,126,221,221,231,248,55,70,21,49,49,49,49,49,14,49,49,49],"floor_reached":31,"playtime":1104,"items_purged":["Strike_B"],"score":447,"play_id":"c5b9c46f-21fb-4914-8482-6eedac3069f4","local_time":"20190817190221","is_ascension_mode":true,"campfire_choices":[{"data":"Go for the Eyes","floor":7,"key":"SMITH"},{"floor":15,"key":"REST"},{"data":"Defragment","floor":24,"key":"SMITH"},{"data":"Glacier","floor":30,"key":"SMITH"}],"neow_cost":"NONE","seed_source_timestamp":1037481083303088,"circlet_count":0,"master_deck":["Strike_B","Strike_B","Strike_B","Defend_B","Defend_B","Defend_B","Defend_B","Zap","Dualcast","Gash","Leap","Go for the Eyes+1","Self Repair","Cold Snap","Leap","Defragment+1","Beam Cell","Gash","Ball Lightning","FTL","Streamline","Leap","Buffer","Steam","Glacier+1","Melter","Conserve Battery","Coolheaded","Gash","Barrage","BootSequence","Beam Cell","Hologram+1","Compile Driver+1","RitualDagger","Scrape","Ball Lightning"],"relics":["Cracked Core","NeowsBlessing","Lantern","Regal Pillow","Boot","Pear","Oddly Smooth Stone","Orrery","Vajra","Bottled Lightning","Kunai"],"potions_floor_usage":[6,6,16,16,23,23],"damage_taken":[{"damage":0,"enemies":"Cultist","floor":1,"turns":1},{"damage":0,"enemies":"Small Slimes","floor":3,"turns":1},{"damage":0,"enemies":"Jaw Worm","floor":5,"turns":1},{"damage":22,"enemies":"Gremlin Nob","floor":6,"turns":5},{"damage":15,"enemies":"3 Sentries","floor":10,"turns":8},{"damage":23,"enemies":"Exordium Wildlife","floor":11,"turns":5},{"damage":6,"enemies":"Blue Slaver","floor":12,"turns":3},{"damage":26,"enemies":"Lagavulin","floor":13,"turns":6},{"damage":18,"enemies":"Hexaghost","floor":16,"turns":9},{"damage":0,"enemies":"Chosen","floor":18,"turns":5},{"damage":7,"enemies":"Spheric Guardian","floor":19,"turns":4},{"damage":18,"enemies":"Shelled Parasite and Fungi","floor":21,"turns":8},{"damage":25,"enemies":"Slavers","floor":23,"turns":6},{"damage":28,"enemies":"Book of Stabbing","floor":29,"turns":6},{"damage":31,"enemies":"Snake Plant","floor":31,"turns":5}],"seed_played":"-7605624380458192939","potions_obtained":[{"floor":1,"key":"EssenceOfSteel"},{"floor":3,"key":"Swift Potion"},{"floor":11,"key":"Strength Potion"},{"floor":12,"key":"Dexterity Potion"},{"floor":19,"key":"Fire Potion"},{"floor":21,"key":"SneckoOil"},{"floor":29,"key":"SteroidPotion"}],"is_trial":false,"path_per_floor":["M","$","M","T","M","E","R","$","T","E","M","M","E","?","R","B",null,"M","M","$","M","$","E","R","?","T","?","$","E","R","M"],"character_chosen":"DEFECT","items_purchased":["Leap","Go for the Eyes","Defragment","Beam Cell","Gash","BootSequence","Beam Cell","AttackPotion","Scrape"],"campfire_rested":1,"item_purchase_floors":[2,2,8,8,8,20,20,22,28],"current_hp_per_floor":[68,68,68,68,68,53,53,53,53,55,39,40,21,21,61,50,76,83,83,83,72,72,54,54,54,54,48,48,27,27,0],"gold":49,"neow_bonus":"THREE_ENEMY_KILL","is_prod":false,"is_daily":false,"chose_seed":false,"campfire_upgraded":3,"win_rate":0,"timestamp":1566086541,"path_taken":["M","$","M","?","M","E","R","$","T","E","M","M","E","?","R","BOSS","M","M","$","M","$","E","R","?","T","?","?","E","R","M"],"build_version":"2019-07-17","purchased_purges":1,"victory":false,"max_hp_per_floor":[75,75,75,75,75,75,75,75,75,85,85,85,85,85,85,85,85,85,85,85,85,85,85,85,85,85,85,85,85,85,85],"card_choices":[{"not_picked":["Tempest","Redo"],"picked":"Gash","floor":1},{"not_picked":["Rip and Tear","Cold Snap"],"picked":"Self Repair","floor":3},{"not_picked":["Hologram","Thunder Strike"],"picked":"Cold Snap","floor":5},{"not_picked":["Compile Driver","Self Repair"],"picked":"Leap","floor":6},{"not_picked":["Electrodynamics","Barrage"],"picked":"Ball Lightning","floor":10},{"not_picked":["Fusion","Consume"],"picked":"FTL","floor":11},{"not_picked":["Sweeping Beam","Static Discharge"],"picked":"Streamline","floor":12},{"not_picked":["Sunder","Stack"],"picked":"Leap","floor":13},{"not_picked":["Echo Form","Rainbow"],"picked":"Buffer","floor":16},{"not_picked":["Compile Driver","Sunder"],"picked":"Steam","floor":17},{"not_picked":["Redo","Compile Driver"],"picked":"Glacier","floor":17},{"not_picked":["Chill","Recycle"],"picked":"Melter","floor":17},{"not_picked":["Storm","Chaos"],"picked":"Conserve Battery","floor":17},{"not_picked":["Undo","Storm"],"picked":"Coolheaded","floor":17},{"not_picked":["Biased Cognition","Auto Shields"],"picked":"Gash","floor":18},{"not_picked":["Streamline","Force Field"],"picked":"Barrage","floor":19},{"not_picked":["Streamline","Conserve Battery+1"],"picked":"Hologram+1","floor":21},{"not_picked":["Rainbow","Turbo"],"picked":"Compile Driver+1","floor":23},{"not_picked":["Cold Snap","Streamline"],"picked":"Ball Lightning","floor":29}],"player_experience":321357,"relics_obtained":[{"floor":4,"key":"Lantern"},{"floor":6,"key":"Regal Pillow"},{"floor":9,"key":"Boot"},{"floor":10,"key":"Pear"},{"floor":13,"key":"Oddly Smooth Stone"},{"floor":23,"key":"Vajra"},{"floor":26,"key":"Bottled Lightning"},{"floor":29,"key":"Kunai"}],"event_choices":[{"damage_healed":0,"gold_gain":0,"player_choice":"Fled","damage_taken":0,"max_hp_gain":0,"max_hp_loss":0,"event_name":"Scrap Ooze","floor":14,"gold_loss":0},{"damage_healed":0,"gold_gain":0,"player_choice":"Joined the Cult","damage_taken":6,"max_hp_gain":0,"max_hp_loss":0,"event_name":"Nest","floor":27,"gold_loss":0,"cards_obtained":["RitualDagger"]}],"is_beta":false,"boss_relics":[{"not_picked":["Runic Pyramid","Lizard Tail"],"picked":"Orrery"}],"items_purged_floors":[20],"is_endless":false,"potions_floor_spawned":[1,3,11,12,19,21,29],"killed_by":"Snake Plant","ascension_level":9}