{"gold_per_floor":[114,129,179,24,74,74,105,121,168,2,2,18,18,30,30,101,101,117,131,131,131,148,148,175,175,243,271,271,288,4,19,19,19],"floor_reached":33,"playtime":738,"items_purged":["Strike_R"],"score":558,"play_id":"7f019406-83a2-432a-83f8-daac80884ed9","local_time":"20181221234549","is_ascension_mode":true,"campfire_choices":[{"data":"Flex","floor":6.0,"key":"SMITH"},{"data":"Whirlwind","floor":11.0,"key":"SMITH"},{"data":"Uppercut","floor":13.0,"key":"SMITH"},{"data":"True Grit","floor":15.0,"key":"SMITH"},{"floor":23.0,"key":"REST"},{"data":"Limit Break","floor":25.0,"key":"SMITH"},{"floor":28.0,"key":"REST"},{"floor":32.0,"key":"REST"}],"neow_cost":"NONE","seed_source_timestamp":30205062868500,"circlet_count":0,"master_deck":["AscendersBane","Strike_R","Strike_R","Strike_R","Defend_R","Defend_R","Defend_R","Defend_R","Bash","Anger","Flex+1","Whirlwind+1","Inflame","Uppercut+1","Clash","True Grit+1","Limit Break+1","Pummel"],"special_seed":0,"relics":["Burning Blood","NeowsBlessing","Regal Pillow","Potion Belt","Ancient Tea Set","Velvet Choker","MutagenicStrength","Dodecahedron","Blue Candle","Oddly Smooth Stone","Sling"],"potions_floor_usage":[],"damage_taken":[{"damage":0.0,"enemies":"Cultist","floor":1.0,"turns":1.0},{"damage":0.0,"enemies":"2 Louse","floor":2.0,"turns":1.0},{"damage":0.0,"enemies":"3 Sentries","floor":7.0,"turns":1.0},{"damage":7.0,"enemies":"Jaw Worm","floor":8.0,"turns":2.0},{"damage":0.0,"enemies":"2 Fungi Beasts","floor":12.0,"turns":1.0},{"damage":12.0,"enemies":"Exordium Thugs","floor":14.0,"turns":4.0},{"damage":15.0,"enemies":"Slime Boss","floor":16.0,"turns":7.0},{"damage":0.0,"enemies":"Spheric Guardian","floor":18.0,"turns":2.0},{"damage":29.0,"enemies":"3 Byrds","floor":19.0,"turns":5.0},{"damage":31.0,"enemies":"Shelled Parasite and Fungi","floor":22.0,"turns":4.0},{"damage":19.0,"enemies":"Gremlin Leader","floor":24.0,"turns":5.0},{"damage":31.0,"enemies":"Slavers","floor":27.0,"turns":5.0},{"damage":7.0,"enemies":"Cultist and Chosen","floor":29.0,"turns":3.0},{"damage":32.0,"enemies":"Snake Plant","floor":31.0,"turns":3.0},{"damage":91,"enemies":"Collector","floor":33,"turns":6}],"seed_played":"2592017338508962447","potions_obtained":[{"floor":1.0,"key":"Energy Potion"},{"floor":2.0,"key":"Swift Potion"},{"floor":12.0,"key":"Weak Potion"},{"floor":19.0,"key":"BloodPotion"},{"floor":22.0,"key":"AttackPotion"},{"floor":24.0,"key":"Fire Potion"}],"is_trial":false,"path_per_floor":["M","M","?","$","?","R","E","M","T","$","R","M","R","M","R","B",null,"M","M","?","?","M","R","E","R","T","E","R","M","$","M","R","B"],"character_chosen":"IRONCLAD","items_purchased":["Whirlwind","Inflame","Ancient Tea Set","Sling"],"campfire_rested":3,"item_purchase_floors":[4,4,10,30],"current_hp_per_floor":[74,75,68,68,68,68,74,73,73,73,73,75,75,69,69,60,71,75,52,52,52,34,71,58,58,58,33,70,69,69,43,75,0],"gold":19,"neow_bonus":"THREE_ENEMY_KILL","is_prod":false,"is_daily":false,"chose_seed":false,"campfire_upgraded":5,"win_rate":0,"timestamp":1545464749,"path_taken":["M","M","?","?","?","R","E","?","T","$","R","M","R","M","R","BOSS","M","M","?","?","M","R","E","R","T","E","R","M","$","?","R","BOSS"],"build_version":"2018-12-20","purchased_purges":1,"victory":false,"max_hp_per_floor":[75,75,75,75,75,75,75,75,75,75,75,75,75,75,75,75,75,75,75,75,75,75,75,75,75,75,75,75,75,75,75,75,75],"card_choices":[{"not_picked":["Hemokinesis","Iron Wave"],"picked":"Anger","floor":1.0},{"not_picked":["Intimidate","Sentinel"],"picked":"Flex","floor":2.0},{"not_picked":["Flex","Twin Strike"],"picked":"Uppercut","floor":7.0},{"not_picked":["Perfected Strike","Disarm"],"picked":"Clash","floor":8.0},{"not_picked":["Warcry","Body Slam"],"picked":"True Grit","floor":12.0},{"not_picked":["Second Wind","True Grit","Whirlwind"],"picked":"SKIP","floor":14.0},{"not_picked":["Reaper","Berserk"],"picked":"Limit Break","floor":16.0},{"not_picked":["Searing Blow","Pommel Strike+1","Sword Boomerang"],"picked":"SKIP","floor":18.0},{"not_picked":["True Grit","Intimidate","Iron Wave"],"picked":"SKIP","floor":19.0},{"not_picked":["Headbutt","Shockwave"],"picked":"Pummel","floor":22.0},{"not_picked":["Pummel","Cleave","Ghostly Armor"],"picked":"SKIP","floor":24.0},{"not_picked":["Dropkick","Perfected Strike","Second Wind"],"picked":"SKIP","floor":27.0},{"not_picked":["Combust","Perfected Strike","Infernal Blade"],"picked":"SKIP","floor":29.0},{"not_picked":["Sword Boomerang","Warcry","Whirlwind"],"picked":"SKIP","floor":31.0}],"player_experience":166822,"relics_obtained":[{"floor":7.0,"key":"Regal Pillow"},{"floor":9.0,"key":"Potion Belt"},{"floor":24.0,"key":"Dodecahedron"},{"floor":26.0,"key":"Blue Candle"},{"floor":27.0,"key":"Oddly Smooth Stone"}],"event_choices":[{"damage_healed":0.0,"max_hp_gain":0.0,"max_hp_loss":0.0,"gold_gain":50.0,"event_name":"FaceTrader","player_choice":"Touch","floor":3.0,"gold_loss":0.0,"damage_taken":7.0},{"damage_healed":0.0,"max_hp_gain":0.0,"max_hp_loss":0.0,"gold_gain":50.0,"event_name":"Golden Shrine","player_choice":"Pray","floor":5.0,"gold_loss":0.0,"damage_taken":0.0},{"damage_healed":0.0,"max_hp_gain":0.0,"max_hp_loss":0.0,"gold_gain":0.0,"event_name":"Drug Dealer","player_choice":"Inject Mutagens","floor":20.0,"gold_loss":0.0,"damage_taken":0.0,"relics_obtained":["MutagenicStrength"]},{"cards_removed":["Strike_R"],"damage_healed":0.0,"max_hp_gain":0.0,"max_hp_loss":0.0,"gold_gain":0.0,"event_name":"Wheel of Change","player_choice":"Card Removal","floor":21.0,"gold_loss":0.0,"damage_taken":0.0}],"is_beta":false,"boss_relics":[{"not_picked":["Runic Cube","Eternal Feather"],"picked":"Velvet Choker"}],"items_purged_floors":[30],"is_endless":false,"potions_floor_spawned":[1,2,12,19,22,24],"killed_by":"Collector","ascension_level":16}