{"gold_per_floor":[117,135,135,135,15,15,59,74,152,152],"floor_reached":10,"playtime":377,"items_purged":["Defend_G"],"score":66,"play_id":"13316ec5-437c-4a4a-b053-8023e360e7b0","local_time":"20190904192214","is_ascension_mode":false,"campfire_choices":[{"data":"Catalyst","floor":6,"key":"SMITH"}],"neow_cost":"PERCENT_DAMAGE","seed_source_timestamp":1650202569622400,"circlet_count":0,"master_deck":["Strike_G","Strike_G","Strike_G","Defend_G","Defend_G","Defend_G","Defend_G","Survivor","Neutralize","Dagger Spray","Catalyst+1","Deadly Poison","Prepared","Deadly Poison","PiercingWail","Noxious Fumes"],"relics":["Ring of the Snake","Golden Idol","PreservedInsect","Matryoshka"],"potions_floor_usage":[],"damage_taken":[{"damage":0,"enemies":"2 Louse","floor":1,"turns":3},{"damage":1,"enemies":"Cultist","floor":2,"turns":4},{"damage":18,"enemies":"Lagavulin","floor":7,"turns":4},{"damage":0,"enemies":"Jaw Worm","floor":8,"turns":4},{"damage":13,"enemies":"3 Sentries","floor":10,"turns":2}],"seed_played":"5712642100258167778","potions_obtained":[],"is_trial":false,"path_per_floor":["M","M","?","?","$","R","E","M","T","E"],"character_chosen":"THE_SILENT","items_purchased":["Deadly Poison"],"campfire_rested":0,"item_purchase_floors":[5],"current_hp_per_floor":[49,48,31,31,31,31,13,13,13,0],"gold":152,"neow_bonus":"TRANSFORM_TWO_CARDS","is_prod":false,"is_daily":false,"chose_seed":false,"campfire_upgraded":1,"win_rate":0,"timestamp":1567650134,"path_taken":["M","M","?","?","$","R","E","?","T","E"],"build_version":"2019-07-17","purchased_purges":1,"victory":false,"max_hp_per_floor":[70,70,70,70,70,70,70,70,70,70],"card_choices":[{"not_picked":["Bane","Masterful Stab"],"picked":"Deadly Poison","floor":1},{"not_picked":["Outmaneuver","Heel Hook"],"picked":"Prepared","floor":2},{"not_picked":["Flying Knee","Cloak And Dagger"],"picked":"PiercingWail","floor":7},{"not_picked":["Reflex","Underhanded Strike"],"picked":"Noxious Fumes","floor":8}],"player_experience":115716,"relics_obtained":[{"floor":7,"key":"PreservedInsect"},{"floor":9,"key":"Matryoshka"}],"event_choices":[{"damage_healed":0,"gold_gain":0,"player_choice":"Take Damage","damage_taken":17,"relics_obtained":["Golden Idol"],"max_hp_gain":0,"max_hp_loss":0,"event_name":"Golden Idol","floor":3,"gold_loss":0},{"damage_healed":0,"gold_gain":0,"player_choice":"Ignored","damage_taken":0,"max_hp_gain":0,"max_hp_loss":0,"event_name":"NoteForYourself","floor":4,"gold_loss":0}],"is_beta":false,"boss_relics":[],"items_purged_floors":[5],"is_endless":false,"potions_floor_spawned":[],"killed_by":"3 Sentries","ascension_level":0}