{"gold_per_floor":[112,112,112,128,53,79,79,109,109,126,139,54,85,105,105,179,179,179,179,179,94,7,7,7,7,7,7,7,7,7,7,7,7,7,7,7,7,7,7,7,7,7,7,7,7,7,7,7,7,7],"floor_reached":50,"playtime":1984,"items_purged":["Strike_R"],"score":1247,"play_id":"651577ce-c48b-431a-ab3d-783846950e1f","local_time":"20190907003231","is_ascension_mode":true,"campfire_choices":[{"data":"Carnage","floor":7.0,"key":"SMITH"},{"data":"Limit Break","floor":15.0,"key":"SMITH"},{"data":"Offering","floor":23.0,"key":"SMITH"},{"floor":25.0,"key":"REST"},{"floor":27.0,"key":"REST"},{"data":"True Grit","floor":32.0,"key":"SMITH"},{"data":"Shockwave","floor":41.0,"key":"SMITH"},{"floor":49.0,"key":"RECALL"}],"neow_cost":"NONE","seed_source_timestamp":0,"circlet_count":0,"master_deck":["AscendersBane","Strike_R+1","Strike_R","Defend_R","Defend_R","Defend_R","Defend_R","Bash+1","Headbutt","Carnage+1","Shockwave+1","Spot Weakness","Metallicize","Anger+1","Limit Break+1","True Grit+1","Feel No Pain","Offering+1","Sword Boomerang+1","Carnage","Reckless Charge","Disarm","Juggernaut","Shrug It Off","Burning Pact","Shrug It Off","Exhume","Power Through","Flash of Steel+1","Feel No Pain","Warcry+1","Feel No Pain","Feel No Pain","True Grit"],"special_seed":0,"relics":["Burning Blood","NeowsBlessing","Blue Candle","Lantern","Darkstone Periapt","Strawberry","Ectoplasm","Orichalcum","Mercury Hourglass","Red Skull","Black Star","StoneCalendar","Pocketwatch","Bag of Marbles","The Courier","Whetstone","Shuriken","Magic Flower","Pen Nib"],"potions_floor_usage":[50],"damage_taken":[{"damage":0.0,"enemies":"Cultist","floor":1.0,"turns":1.0},{"damage":0.0,"enemies":"2 Louse","floor":4.0,"turns":1.0},{"damage":0.0,"enemies":"3 Sentries","floor":6.0,"turns":2.0},{"damage":23.0,"enemies":"Lagavulin","floor":8.0,"turns":4.0},{"damage":0.0,"enemies":"Small Slimes","floor":10.0,"turns":2.0},{"damage":4.0,"enemies":"Blue Slaver","floor":11.0,"turns":3.0},{"damage":12.0,"enemies":"3 Sentries","floor":13.0,"turns":5.0},{"damage":4.0,"enemies":"Exordium Wildlife","floor":14.0,"turns":4.0},{"damage":49.0,"enemies":"The Guardian","floor":16.0,"turns":11.0},{"damage":30.0,"enemies":"Spheric Guardian","floor":18.0,"turns":9.0},{"damage":37.0,"enemies":"Book of Stabbing","floor":24.0,"turns":5.0},{"damage":0.0,"enemies":"3 Byrds","floor":28.0,"turns":3.0},{"damage":9.0,"enemies":"Snecko","floor":29.0,"turns":4.0},{"damage":12.0,"enemies":"Slavers","floor":31.0,"turns":3.0},{"damage":37.0,"enemies":"Champ","floor":33.0,"turns":6.0},{"damage":9.0,"enemies":"Orb Walker","floor":35.0,"turns":2.0},{"damage":6.0,"enemies":"Mind Bloom Boss Battle","floor":37.0,"turns":7.0},{"damage":12.0,"enemies":"3 Shapes","floor":39.0,"turns":6.0},{"damage":33.0,"enemies":"Reptomancer","floor":40.0,"turns":6.0},{"damage":25.0,"enemies":"Giant Head","floor":42.0,"turns":6.0},{"damage":8.0,"enemies":"Nemesis","floor":44.0,"turns":7.0},{"damage":0.0,"enemies":"Transient","floor":45.0,"turns":6.0},{"damage":6.0,"enemies":"Writhing Mass","floor":46.0,"turns":7.0},{"damage":0.0,"enemies":"Jaw Worm Horde","floor":47.0,"turns":3.0},{"damage":36,"enemies":"Donu and Deca","floor":50,"turns":5}],"seed_played":"3916658674132872625","potions_obtained":[{"floor":4.0,"key":"Fire Potion"},{"floor":6.0,"key":"Block Potion"},{"floor":10.0,"key":"Weak Potion"},{"floor":18.0,"key":"SkillPotion"},{"floor":40.0,"key":"SpeedPotion"},{"floor":42.0,"key":"GamblersBrew"},{"floor":46.0,"key":"Poison Potion"}],"is_trial":false,"path_per_floor":["M","?","?","M","$","E","R","E","T","M","M","$","E","M","R","B",null,"M","?","?","$","$","R","E","R","T","R","M","M","?","E","R","B",null,"M","?","?","?","M","E","R","E","T","E","M","M","M","T","R","B"],"character_chosen":"IRONCLAD","items_purchased":["Limit Break","Disarm","Juggernaut"],"campfire_rested":2,"item_purchase_floors":[12,21,22],"current_hp_per_floor":[74,51,47,53,53,59,59,42,42,48,50,50,51,53,53,10,64,40,40,40,40,40,40,9,33,33,57,63,60,60,54,54,23,67,64,64,64,64,58,31,31,12,12,10,19,22,31,31,31,0],"gold":7,"neow_bonus":"THREE_ENEMY_KILL","is_prod":false,"is_daily":false,"chose_seed":false,"campfire_upgraded":5,"win_rate":0,"timestamp":1567841551,"path_taken":["M","?","?","M","$","E","R","E","T","?","M","?","E","M","R","BOSS","M","?","?","$","?","R","E","R","T","R","M","M","?","E","R","BOSS","M","?","?","?","M","E","R","E","T","E","M","M","M","?","R","BOSS"],"build_version":"2019-07-17","purchased_purges":1,"victory":false,"max_hp_per_floor":[75,75,75,75,75,75,75,75,75,75,75,75,82,82,82,82,82,82,82,82,82,82,82,82,82,82,82,82,82,82,82,82,82,82,82,78,78,78,78,78,78,78,78,78,78,78,78,78,78,78],"card_choices":[{"not_picked":["Flex","Clothesline"],"picked":"Headbutt","floor":1.0},{"not_picked":["Burning Pact","Combust"],"picked":"Carnage","floor":4.0},{"not_picked":["Brutality","Metallicize"],"picked":"Shockwave","floor":6.0},{"not_picked":["Twin Strike","Shockwave"],"picked":"Spot Weakness","floor":8.0},{"not_picked":["Warcry","Body Slam"],"picked":"Metallicize","floor":10.0},{"not_picked":["Warcry","Pummel"],"picked":"Anger","floor":11.0},{"not_picked":["Headbutt","Carnage"],"picked":"True Grit","floor":13.0},{"not_picked":["Iron Wave","Carnage"],"picked":"Feel No Pain","floor":14.0},{"not_picked":["Fiend Fire","Exhume"],"picked":"Offering","floor":16.0},{"not_picked":["Entrench","Uppercut+1"],"picked":"Sword Boomerang+1","floor":18.0},{"not_picked":["Havoc","Headbutt"],"picked":"Shrug It Off","floor":24.0},{"not_picked":["Heavy Blade","Perfected Strike"],"picked":"Burning Pact","floor":28.0},{"not_picked":["Thunderclap","Wild Strike","Barricade"],"picked":"SKIP","floor":29.0},{"not_picked":["Evolve","Wild Strike"],"picked":"Shrug It Off","floor":31.0},{"not_picked":["Double Tap","Offering"],"picked":"Exhume","floor":33.0},{"not_picked":["Twin Strike","Wild Strike+1"],"picked":"Power Through","floor":35.0},{"not_picked":["Madness","Enlightenment"],"picked":"Flash of Steel","floor":38.0},{"not_picked":["Sword Boomerang","Evolve"],"picked":"Feel No Pain","floor":39.0},{"not_picked":["Thunderclap+1","Burning Pact","Inflame"],"picked":"SKIP","floor":40.0},{"not_picked":["Perfected Strike+1","Berserk"],"picked":"Warcry+1","floor":42.0},{"not_picked":["Metallicize+1","Cleave+1"],"picked":"Feel No Pain","floor":44.0},{"not_picked":["Wild Strike","Body Slam"],"picked":"Feel No Pain","floor":45.0},{"not_picked":["Spot Weakness+1","Inflame"],"picked":"True Grit","floor":46.0},{"not_picked":["Inflame+1","Second Wind","Anger"],"picked":"SKIP","floor":47.0}],"player_experience":883792,"relics_obtained":[{"floor":6.0,"key":"Blue Candle"},{"floor":8.0,"key":"Lantern"},{"floor":9.0,"key":"Darkstone Periapt"},{"floor":13.0,"key":"Strawberry"},{"floor":24.0,"key":"Orichalcum"},{"floor":26.0,"key":"Mercury Hourglass"},{"floor":31.0,"key":"Red Skull"},{"floor":37.0,"key":"StoneCalendar"},{"floor":40.0,"key":"Pocketwatch"},{"floor":40.0,"key":"Bag of Marbles"},{"floor":42.0,"key":"The Courier"},{"floor":42.0,"key":"Whetstone"},{"floor":44.0,"key":"Shuriken"},{"floor":44.0,"key":"Magic Flower"},{"floor":48.0,"key":"Pen Nib"}],"event_choices":[{"damage_healed":0.0,"max_hp_gain":0.0,"max_hp_loss":0.0,"gold_gain":0.0,"event_name":"Shining Light","player_choice":"Entered Light","floor":2.0,"gold_loss":0.0,"damage_taken":23.0,"cards_upgraded":["Bash","Strike_R"]},{"damage_healed":0.0,"max_hp_gain":0.0,"max_hp_loss":0.0,"gold_gain":0.0,"event_name":"The Woman in Blue","player_choice":"Bought 0 Potions","floor":3.0,"gold_loss":0.0,"damage_taken":0.0},{"damage_healed":0.0,"max_hp_gain":0.0,"max_hp_loss":0.0,"gold_gain":0.0,"event_name":"Beggar","player_choice":"Ignored","floor":19.0,"gold_loss":0.0,"damage_taken":0.0},{"damage_healed":0.0,"max_hp_gain":0.0,"max_hp_loss":0.0,"gold_gain":0.0,"cards_transformed":["Strike_R","Strike_R"],"event_name":"Drug Dealer","player_choice":"Became Test Subject","floor":20.0,"gold_loss":0.0,"damage_taken":0.0,"cards_obtained":["Carnage","Reckless Charge"]},{"damage_healed":0.0,"max_hp_gain":0.0,"max_hp_loss":0.0,"gold_gain":0.0,"event_name":"Vampires","player_choice":"Ignored","floor":30.0,"gold_loss":0.0,"damage_taken":0.0},{"damage_healed":0.0,"max_hp_gain":0.0,"max_hp_loss":4.0,"gold_gain":0.0,"event_name":"Winding Halls","player_choice":"Max HP","floor":36.0,"gold_loss":0.0,"damage_taken":0.0},{"damage_healed":0.0,"max_hp_gain":0.0,"max_hp_loss":0.0,"gold_gain":0.0,"event_name":"MindBloom","player_choice":"Fight","floor":37.0,"gold_loss":0.0,"damage_taken":0.0},{"damage_healed":0.0,"max_hp_gain":0.0,"max_hp_loss":0.0,"gold_gain":0.0,"event_name":"SensoryStone","player_choice":"Memory 1","floor":38.0,"gold_loss":0.0,"damage_taken":0.0}],"is_beta":false,"boss_relics":[{"not_picked":["Runic Cube","White Beast Statue"],"picked":"Ectoplasm"},{"not_picked":["Coffee Dripper","Eternal Feather"],"picked":"Black Star"}],"items_purged_floors":[5],"is_endless":false,"potions_floor_spawned":[4,6,10,13,16,18,24,28,35,39,40,42,46],"killed_by":"Donu and Deca","ascension_level":20}