{"gold_per_floor":[114,114,36,56,51,70,70,102,128,41,107,157,0,29,29,103,103,117,178,228,241,261,261,281,281,306,324,334,407,432,36,36,115,115,128,138,199,99,116,116,148,148,175,175,225,375,389,403,403,403],"floor_reached":50,"playtime":1999,"items_purged":["Strike_R","Clothesline"],"score":1033,"play_id":"16e4b21e-08a4-4544-88e3-b7839dff28b8","local_time":"20190812180935","is_ascension_mode":true,"campfire_choices":[{"data":"Carnage","floor":7.0,"key":"SMITH"},{"data":"Disarm","floor":15.0,"key":"SMITH"},{"data":"Corruption","floor":23.0,"key":"SMITH"},{"data":"Bludgeon","floor":25.0,"key":"SMITH"},{"floor":32.0,"key":"REST"},{"data":"1","floor":40.0,"key":"LIFT"},{"data":"2","floor":42.0,"key":"LIFT"},{"data":"3","floor":44.0,"key":"LIFT"},{"floor":49.0,"key":"RECALL"}],"neow_cost":"NONE","seed_source_timestamp":784015171179100,"circlet_count":0,"master_deck":["AscendersBane","Strike_R","Defend_R","Defend_R","Defend_R","Defend_R","Bash","Carnage+1","Feel No Pain","Anger","Thunderclap","Disarm+1","Exhume","Metallicize","Bludgeon+1","Corruption+1","Inflame+1","True Grit","Spot Weakness","Reaper","Offering","Juggernaut","Clothesline+1","Double Tap+1","Inflame+1","Spot Weakness+1","Iron Wave+1","Feel No Pain","Power Through"],"special_seed":0,"relics":["Burning Blood","Anchor","SsserpentHead","Bronze Scales","Ancient Tea Set","Bag of Preparation","Omamori","Mark of Pain","WarpedTongs","Red Skull","Vajra","Girya","Astrolabe","Sundial","Nunchaku"],"potions_floor_usage":[50],"damage_taken":[{"damage":1.0,"enemies":"2 Louse","floor":1.0,"turns":3.0},{"damage":0.0,"enemies":"Cultist","floor":4.0,"turns":2.0},{"damage":2.0,"enemies":"Jaw Worm","floor":6.0,"turns":2.0},{"damage":34.0,"enemies":"Gremlin Nob","floor":8.0,"turns":4.0},{"damage":26.0,"enemies":"Exordium Thugs","floor":11.0,"turns":5.0},{"damage":24.0,"enemies":"Lagavulin","floor":14.0,"turns":7.0},{"damage":2.0,"enemies":"The Guardian","floor":16.0,"turns":13.0},{"damage":16.0,"enemies":"Spheric Guardian","floor":18.0,"turns":4.0},{"damage":13.0,"enemies":"Shell Parasite","floor":19.0,"turns":5.0},{"damage":14.0,"enemies":"Centurion and Healer","floor":21.0,"turns":6.0},{"damage":14.0,"enemies":"Snecko","floor":22.0,"turns":4.0},{"damage":13.0,"enemies":"Shelled Parasite and Fungi","floor":24.0,"turns":6.0},{"damage":0.0,"enemies":"Centurion and Healer","floor":27.0,"turns":3.0},{"damage":21.0,"enemies":"Snake Plant","floor":28.0,"turns":4.0},{"damage":18.0,"enemies":"Gremlin Leader","floor":30.0,"turns":5.0},{"damage":92.0,"enemies":"Automaton","floor":33.0,"turns":9.0},{"damage":43.0,"enemies":"3 Darklings","floor":35.0,"turns":9.0},{"damage":9.0,"enemies":"Orb Walker","floor":36.0,"turns":2.0},{"damage":62.0,"enemies":"Spire Growth","floor":37.0,"turns":6.0},{"damage":27.0,"enemies":"Transient","floor":39.0,"turns":6.0},{"damage":62.0,"enemies":"Nemesis","floor":41.0,"turns":9.0},{"damage":6.0,"enemies":"Mind Bloom Boss Battle","floor":46.0,"turns":6.0},{"damage":49.0,"enemies":"Maw","floor":47.0,"turns":8.0},{"damage":21.0,"enemies":"Jaw Worm Horde","floor":48.0,"turns":6.0},{"damage":16,"enemies":"Time Eater","floor":50,"turns":2}],"seed_played":"-7658651526625483079","potions_obtained":[{"floor":6.0,"key":"GamblersBrew"},{"floor":8.0,"key":"Weak Potion"},{"floor":14.0,"key":"PowerPotion"},{"floor":16.0,"key":"BloodPotion"},{"floor":30.0,"key":"LiquidBronze"},{"floor":33.0,"key":"GamblersBrew"},{"floor":36.0,"key":"Swift Potion"},{"floor":37.0,"key":"SkillPotion"},{"floor":46.0,"key":"Ancient Potion"}],"is_trial":false,"path_per_floor":["M","?","$","M","$","M","R","E","T","$","M","?","$","E","R","B",null,"M","M","?","M","M","R","M","R","T","M","M","T","E","$","R","B",null,"M","M","M","$","M","R","E","R","T","R","?","?","M","M","R","B"],"character_chosen":"IRONCLAD","items_purchased":["Combust","Anger","Disarm","Bag of Preparation","Metallicize","Reaper","Offering"],"campfire_rested":1,"item_purchase_floors":[3,5,10,13,13,31,31],"current_hp_per_floor":[73,73,73,75,75,75,75,47,47,47,27,75,75,57,57,61,72,62,55,55,47,39,39,32,32,32,38,23,23,11,11,33,11,59,75,72,48,48,67,67,27,27,27,27,27,51,23,8,8,0],"gold":403,"neow_bonus":"RANDOM_COMMON_RELIC","is_prod":false,"is_daily":false,"chose_seed":false,"campfire_upgraded":4,"win_rate":0,"timestamp":1565658575,"path_taken":["M","?","$","M","?","M","R","E","T","$","?","?","?","E","R","BOSS","M","?","?","M","M","R","M","R","T","M","M","?","E","$","R","BOSS","M","M","?","$","M","R","E","R","T","R","?","?","M","M","R","BOSS"],"build_version":"2019-07-17","purchased_purges":2,"victory":false,"max_hp_per_floor":[75,75,75,75,75,75,75,75,75,75,75,75,75,75,75,75,75,75,75,75,75,75,75,75,75,75,75,75,75,75,75,75,75,75,75,75,75,75,75,75,75,75,75,75,75,75,75,75,75,75],"card_choices":[{"not_picked":["Wild Strike","Perfected Strike"],"picked":"Carnage","floor":1.0},{"not_picked":["Havoc","Armaments"],"picked":"Feel No Pain","floor":4.0},{"not_picked":["Fire Breathing","Entrench"],"picked":"Thunderclap","floor":6.0},{"not_picked":["Thunderclap","Heavy Blade","Anger"],"picked":"SKIP","floor":8.0},{"not_picked":["Wild Strike","Thunderclap"],"picked":"Exhume","floor":11.0},{"not_picked":["Sever Soul","Havoc","Infernal Blade"],"picked":"SKIP","floor":14.0},{"not_picked":["Fiend Fire","Brutality"],"picked":"Bludgeon","floor":16.0},{"not_picked":["Fire Breathing","Sword Boomerang"],"picked":"Clothesline","floor":18.0},{"not_picked":["Flex","Power Through","Fire Breathing"],"picked":"SKIP","floor":19.0},{"not_picked":["Seeing Red","Rage","Twin Strike"],"picked":"SKIP","floor":21.0},{"not_picked":["Thunderclap","Shrug It Off+1"],"picked":"Corruption","floor":22.0},{"not_picked":["Corruption","Carnage+1","Flex"],"picked":"SKIP","floor":24.0},{"not_picked":["Anger+1","Headbutt"],"picked":"Inflame+1","floor":27.0},{"not_picked":["Second Wind","Sword Boomerang"],"picked":"True Grit","floor":28.0},{"not_picked":["Entrench","Heavy Blade"],"picked":"Spot Weakness","floor":30.0},{"not_picked":["Dark Embrace","Offering"],"picked":"Juggernaut","floor":33.0},{"not_picked":["Armaments","Clash"],"picked":"Spot Weakness+1","floor":35.0},{"not_picked":["Clash+1","Sword Boomerang+1","Anger"],"picked":"SKIP","floor":37.0},{"not_picked":["Metallicize","Perfected Strike"],"picked":"Iron Wave+1","floor":39.0},{"not_picked":["Shrug It Off+1","Cleave"],"picked":"Feel No Pain","floor":41.0},{"not_picked":["Fire Breathing","Clothesline"],"picked":"Power Through","floor":47.0},{"not_picked":["Feed","Thunderclap","Rampage+1"],"picked":"SKIP","floor":48.0}],"player_experience":780011,"relics_obtained":[{"floor":8.0,"key":"Bronze Scales"},{"floor":9.0,"key":"Ancient Tea Set"},{"floor":14.0,"key":"Omamori"},{"floor":26.0,"key":"Red Skull"},{"floor":29.0,"key":"Vajra"},{"floor":30.0,"key":"Girya"},{"floor":41.0,"key":"Sundial"},{"floor":46.0,"key":"Nunchaku"}],"event_choices":[{"damage_healed":0.0,"max_hp_gain":0.0,"max_hp_loss":0.0,"gold_gain":0.0,"event_name":"FaceTrader","player_choice":"Trade","floor":2.0,"gold_loss":0.0,"damage_taken":0.0,"relics_obtained":["SsserpentHead"]},{"cards_removed":["Combust"],"damage_healed":48.0,"max_hp_gain":0.0,"max_hp_loss":0.0,"gold_gain":0.0,"event_name":"Bonfire Elementals","player_choice":"Offered Uncommon","floor":12.0,"gold_loss":0.0,"damage_taken":0.0},{"damage_healed":0.0,"max_hp_gain":0.0,"max_hp_loss":0.0,"gold_gain":0.0,"event_name":"Accursed Blacksmith","player_choice":"Rummage","floor":20.0,"gold_loss":0.0,"damage_taken":0.0,"relics_obtained":["WarpedTongs"],"cards_obtained":["Pain"]},{"damage_healed":0.0,"max_hp_gain":0.0,"max_hp_loss":0.0,"gold_gain":0.0,"event_name":"Tomb of Lord Red Mask","player_choice":"Ignored","floor":45.0,"gold_loss":0.0,"damage_taken":0.0},{"damage_healed":0.0,"max_hp_gain":0.0,"max_hp_loss":0.0,"gold_gain":0.0,"event_name":"MindBloom","player_choice":"Fight","floor":46.0,"gold_loss":0.0,"damage_taken":0.0}],"is_beta":false,"boss_relics":[{"not_picked":["Calling Bell","Tiny House"],"picked":"Mark of Pain"},{"not_picked":["Cursed Key","Philosopher\u0027s Stone"],"picked":"Astrolabe"}],"items_purged_floors":[31,38],"is_endless":false,"potions_floor_spawned":[6,8,14,16,19,22,30,33,36,37,46],"killed_by":"Time Eater","ascension_level":20}