{"gold_per_floor":[217,236,236,253,253,253,223,223],"floor_reached":8,"playtime":237,"items_purged":[],"score":83,"play_id":"5e96b9c1-f8e7-4495-b431-3ad9687a7e94","local_time":"20181223040558","is_ascension_mode":true,"campfire_choices":[{"data":"Disarm","floor":6.0,"key":"SMITH"}],"neow_cost":"NONE","seed_source_timestamp":132677578091200,"circlet_count":0,"master_deck":["AscendersBane","Strike_R","Strike_R","Strike_R","Strike_R","Strike_R","Defend_R","Defend_R","Defend_R","Defend_R","Bash","Clash","Disarm+1","Metallicize","Power Through"],"special_seed":0,"relics":["Burning Blood","Strawberry"],"potions_floor_usage":[8],"damage_taken":[{"damage":6.0,"enemies":"Cultist","floor":1.0,"turns":3.0},{"damage":6.0,"enemies":"2 Louse","floor":2.0,"turns":3.0},{"damage":5.0,"enemies":"Jaw Worm","floor":4.0,"turns":4.0},{"damage":0,"enemies":"Looter","floor":7,"turns":4},{"damage":41,"enemies":"3 Sentries","floor":8,"turns":6}],"seed_played":"-1556577191178953238","potions_obtained":[{"floor":1.0,"key":"LiquidBronze"},{"floor":2.0,"key":"SkillPotion"},{"floor":4.0,"key":"BloodPotion"}],"is_trial":false,"path_per_floor":["M","M","?","M","?","R","M","E"],"character_chosen":"IRONCLAD","items_purchased":[],"campfire_rested":0,"item_purchase_floors":[],"current_hp_per_floor":[68,68,75,76,81,81,87,46],"gold":223,"neow_bonus":"HUNDRED_GOLD","is_prod":false,"is_daily":false,"chose_seed":false,"campfire_upgraded":1,"win_rate":0,"timestamp":1545566758,"path_taken":["M","M","?","?","?","R","M","E"],"build_version":"2018-12-20","purchased_purges":0,"victory":false,"max_hp_per_floor":[75,75,82,82,87,87,87,87],"card_choices":[{"not_picked":["Thunderclap","Wild Strike"],"picked":"Clash","floor":1.0},{"not_picked":["Cleave","Havoc"],"picked":"Disarm","floor":2.0},{"not_picked":["Exhume","Combust"],"picked":"Metallicize","floor":4.0},{"not_picked":["Flex","Warcry"],"picked":"Power Through","floor":7}],"player_experience":177196,"relics_obtained":[],"event_choices":[{"damage_healed":0.0,"max_hp_gain":0.0,"max_hp_loss":0.0,"gold_gain":0.0,"event_name":"WeMeetAgain","player_choice":"Gave Potion","floor":3.0,"gold_loss":0.0,"damage_taken":0.0,"relics_obtained":["Strawberry"]},{"damage_healed":0.0,"max_hp_gain":5.0,"max_hp_loss":0.0,"gold_gain":0.0,"event_name":"Big Fish","player_choice":"Donut","floor":5.0,"gold_loss":0.0,"damage_taken":0.0}],"is_beta":false,"boss_relics":[],"items_purged_floors":[],"is_endless":false,"potions_floor_spawned":[1,2,4],"killed_by":"3 Sentries","ascension_level":16}