{"gold_per_floor":[119,138,156,176,186,217,217,217,288,16,34,46,46,66,66,170,170,187,197,296,307,30,30,30,30],"floor_reached":25,"playtime":3695,"items_purged":["Strike_G"],"score":207,"play_id":"6de66fa0-debb-4d9e-871f-a7f23ae490c1","local_time":"20190331155132","is_ascension_mode":false,"campfire_choices":[{"floor":7,"key":"REST"},{"floor":13,"key":"REST"},{"data":"Outmaneuver","floor":15,"key":"SMITH"},{"floor":23,"key":"REST"}],"neow_cost":"NONE","seed_source_timestamp":10277218478227,"circlet_count":0,"master_deck":["Defend_G","Defend_G","Defend_G","Defend_G","Defend_G","Strike_G+1","Strike_G","Strike_G","Strike_G","Survivor","Neutralize","Forethought","Skewer","Infinite Blades+1","Poisoned Stab","Outmaneuver+1","Choke","Dagger Spray","Well Laid Plans","Dagger Throw","Unload","Terror","Venomology","Concentrate","Noxious Fumes","Transmutation"],"relics":["Ring of the Snake","Orichalcum","Dodecahedron","Toy Ornithopter","Black Star"],"potions_floor_usage":[16,16,18,19,19,21,21],"damage_taken":[{"damage":1,"enemies":"Cultist","floor":1,"turns":5},{"damage":0,"enemies":"Small Slimes","floor":2,"turns":3},{"damage":1,"enemies":"Jaw Worm","floor":3,"turns":4},{"damage":7,"enemies":"Blue Slaver","floor":4,"turns":4},{"damage":3,"enemies":"3 Louse","floor":5,"turns":4},{"damage":19,"enemies":"3 Sentries","floor":6,"turns":9},{"damage":0,"enemies":"Large Slime","floor":11,"turns":4},{"damage":11,"enemies":"Blue Slaver","floor":12,"turns":5},{"damage":0,"enemies":"Exordium Thugs","floor":14,"turns":4},{"damage":17,"enemies":"Hexaghost","floor":16,"turns":7},{"damage":15,"enemies":"Spheric Guardian","floor":18,"turns":5},{"damage":0,"enemies":"Chosen","floor":19,"turns":4},{"damage":25,"enemies":"Shelled Parasite and Fungi","floor":21,"turns":6},{"damage":60,"enemies":"Slavers","floor":25,"turns":3}],"seed_played":"-9102667910923091215","potions_obtained":[{"floor":3,"key":"SpeedPotion"},{"floor":4,"key":"Regen Potion"},{"floor":11,"key":"LiquidBronze"},{"floor":18,"key":"Energy Potion"}],"is_trial":false,"path_per_floor":["M","M","M","M","M","E","R","?","T","$","M","M","R","M","R","B",null,"M","M","?","M","$","R","?","E"],"character_chosen":"THE_SILENT","items_purchased":["Well Laid Plans","Toy Ornithopter","Noxious Fumes","Transmutation"],"campfire_rested":3,"item_purchase_floors":[10,10,22,22],"current_hp_per_floor":[69,69,68,61,58,39,60,46,46,46,46,35,56,56,56,59,70,60,70,70,55,55,70,57,0],"gold":30,"neow_bonus":"RANDOM_COLORLESS","is_prod":false,"is_daily":false,"chose_seed":false,"campfire_upgraded":1,"win_rate":0,"timestamp":1554027692,"path_taken":["M","M","M","?","M","E","R","?","T","?","M","M","R","M","R","BOSS","M","M","?","M","$","R","?","E"],"build_version":"2019-01-23","purchased_purges":1,"victory":false,"max_hp_per_floor":[70,70,70,70,70,70,70,70,70,70,70,70,70,70,70,70,70,70,70,70,70,70,70,75,75],"card_choices":[{"not_picked":["Outmaneuver","Bane"],"picked":"Skewer","floor":1},{"not_picked":["PiercingWail","Underhanded Strike"],"picked":"Infinite Blades","floor":2},{"not_picked":["Venomology","Eviscerate"],"picked":"Poisoned Stab","floor":3},{"not_picked":["Slice","Masterful Stab"],"picked":"Outmaneuver","floor":4},{"not_picked":["Acrobatics","Outmaneuver"],"picked":"Choke","floor":5},{"not_picked":["Prepared","Choke"],"picked":"Dagger Spray","floor":6},{"not_picked":["Bane","Choke"],"picked":"Dagger Throw","floor":11},{"not_picked":["Quick Slash","Leg Sweep"],"picked":"Unload","floor":12},{"not_picked":["PiercingWail","Prepared"],"picked":"Terror","floor":14},{"not_picked":["Bullet Time","After Image"],"picked":"Venomology","floor":16},{"not_picked":["Footwork+1","Dagger Throw"],"picked":"Concentrate","floor":18},{"not_picked":["Blur","Deflect","Setup"],"picked":"SKIP","floor":19},{"not_picked":["Riddle With Holes","Cloak And Dagger","Deflect"],"picked":"SKIP","floor":21}],"player_experience":127710,"relics_obtained":[{"floor":6,"key":"Orichalcum"},{"floor":9,"key":"Dodecahedron"}],"event_choices":[{"damage_healed":0,"gold_gain":0,"player_choice":"Entered Light","damage_taken":14,"max_hp_gain":0,"max_hp_loss":0,"event_name":"Shining Light","floor":8,"gold_loss":0,"cards_upgraded":["Strike_G","Infinite Blades"]},{"damage_healed":0,"gold_gain":99,"player_choice":"Stole From Cult","damage_taken":0,"max_hp_gain":0,"max_hp_loss":0,"event_name":"Nest","floor":20,"gold_loss":0},{"damage_healed":0,"gold_gain":0,"player_choice":"Shed Blood","damage_taken":18,"max_hp_gain":5,"max_hp_loss":0,"event_name":"Forgotten Altar","floor":24,"gold_loss":0}],"is_beta":false,"boss_relics":[{"not_picked":["Velvet Choker","Orrery"],"picked":"Black Star"}],"items_purged_floors":[22],"is_endless":false,"potions_floor_spawned":[3,4,11,12,14,18],"killed_by":"Slavers","ascension_level":0}