{"gold_per_floor":[112,127,146,71,146,146,203,203,203,203,219,219,250,269,269,343,343,359,25,42,42,52,52,72,90,142,142,158,158,158,177,177,177],"floor_reached":33,"playtime":3216,"items_purged":[],"score":436,"play_id":"c266f740-3c40-440c-9521-d1c88a799161","local_time":"20190112221543","is_ascension_mode":true,"campfire_choices":[{"data":"Streamline","floor":6,"key":"SMITH"},{"data":"Doom and Gloom","floor":10,"key":"SMITH"},{"data":"Zap","floor":12,"key":"SMITH"},{"data":"Leap","floor":15,"key":"SMITH"},{"data":"Redo","floor":23,"key":"SMITH"},{"floor":27,"key":"REST"},{"floor":32,"key":"REST"}],"neow_cost":"NONE","seed_source_timestamp":314018533670243,"circlet_count":0,"master_deck":["AscendersBane","Strike_B","Strike_B","Strike_B","Defend_B","Defend_B","Defend_B","Defend_B","Zap+1","Dualcast","Machine Learning","Leap+1","Ball Lightning","Streamline+1","Doom and Gloom+1","Leap","Glacier","Biased Cognition","Redo+1","Melter","Compile Driver","Rebound","Compile Driver+1","Conserve Battery","Double Energy"],"relics":["Cracked Core","Boot","Bottled Flame","Pen Nib","Nuclear Battery","Ice Cream","Oddly Smooth Stone"],"potions_floor_usage":[7,18,25,31,33,33],"damage_taken":[{"damage":6,"enemies":"2 Louse","floor":1,"turns":3},{"damage":0,"enemies":"Small Slimes","floor":2,"turns":3},{"damage":0,"enemies":"Jaw Worm","floor":3,"turns":3},{"damage":21,"enemies":"Lagavulin Event","floor":7,"turns":5},{"damage":5,"enemies":"Red Slaver","floor":11,"turns":2},{"damage":11,"enemies":"Lagavulin","floor":13,"turns":5},{"damage":6,"enemies":"Looter","floor":14,"turns":3},{"damage":20,"enemies":"Hexaghost","floor":16,"turns":8},{"damage":7,"enemies":"3 Byrds","floor":18,"turns":3},{"damage":0,"enemies":"Spheric Guardian","floor":20,"turns":3},{"damage":7,"enemies":"Shelled Parasite and Fungi","floor":22,"turns":5},{"damage":7,"enemies":"Cultist and Chosen","floor":24,"turns":4},{"damage":19,"enemies":"Snake Plant","floor":25,"turns":3},{"damage":0,"enemies":"3 Cultists","floor":28,"turns":2},{"damage":0,"enemies":"Cultist and Chosen","floor":31,"turns":4},{"damage":77,"enemies":"Collector","floor":33,"turns":6}],"seed_played":"1483285891091127089","potions_obtained":[{"floor":1,"key":"Ancient Potion"},{"floor":3,"key":"Fire Potion"},{"floor":14,"key":"SpeedPotion"},{"floor":16,"key":"FocusPotion"},{"floor":22,"key":"SpeedPotion"},{"floor":25,"key":"Swift Potion"},{"floor":30,"key":"Block Potion"},{"floor":31,"key":"Weak Potion"}],"is_trial":false,"path_per_floor":["M","M","M","?","?","R","?","?","T","R","M","R","E","M","R","B",null,"M","$","M","?","M","R","M","M","T","R","M","?","?","M","R","B"],"character_chosen":"DEFECT","items_purchased":["Ice Cream","Melter"],"campfire_rested":2,"item_purchase_floors":[19,19],"current_hp_per_floor":[58,58,58,58,47,47,26,43,43,43,38,38,27,21,21,1,54,47,47,47,47,40,40,33,14,14,34,34,34,34,34,54,0],"gold":177,"neow_bonus":"ONE_RANDOM_RARE_CARD","is_prod":false,"is_daily":false,"chose_seed":false,"campfire_upgraded":5,"win_rate":0,"timestamp":1547349343,"path_taken":["M","M","M","?","?","R","?","?","T","R","M","R","E","M","R","BOSS","M","$","M","?","M","R","?","M","T","R","M","?","?","M","R","BOSS"],"build_version":"2019-01-10","purchased_purges":0,"victory":false,"max_hp_per_floor":[71,71,71,71,71,71,71,71,71,71,71,71,71,71,71,71,71,71,71,71,68,68,68,68,68,68,68,68,68,68,68,68,68],"card_choices":[{"not_picked":["Undo","Steam"],"picked":"Leap","floor":1},{"not_picked":["Go for the Eyes","Stack"],"picked":"Ball Lightning","floor":2},{"not_picked":["Stack","Coolheaded"],"picked":"Streamline","floor":3},{"not_picked":["Ball Lightning","Fusion"],"picked":"Doom and Gloom","floor":7},{"not_picked":["Ball Lightning","Gash"],"picked":"Leap","floor":11},{"not_picked":["Hello World","Coolheaded","Force Field"],"picked":"SKIP","floor":13},{"not_picked":["White Noise","Fission"],"picked":"Glacier","floor":14},{"not_picked":["All For One","Seek"],"picked":"Biased Cognition","floor":16},{"not_picked":["Steam","Ball Lightning"],"picked":"Redo","floor":18},{"not_picked":["Recycle","Auto Shields"],"picked":"Compile Driver","floor":20},{"not_picked":["Compile Driver","Sweeping Beam+1"],"picked":"Rebound","floor":22},{"not_picked":["Ball Lightning","Barrage","Fusion"],"picked":"SKIP","floor":24},{"not_picked":["Barrage","Ball Lightning"],"picked":"Compile Driver+1","floor":25},{"not_picked":["Compile Driver","Gash"],"picked":"Conserve Battery","floor":28},{"not_picked":["Doom and Gloom","Auto Shields"],"picked":"Double Energy","floor":31}],"player_experience":525548,"relics_obtained":[{"floor":7,"key":"Boot"},{"floor":9,"key":"Bottled Flame"},{"floor":13,"key":"Pen Nib"},{"floor":26,"key":"Oddly Smooth Stone"}],"event_choices":[{"cards_removed":["Strike_B"],"damage_healed":0,"gold_gain":0,"player_choice":"Card Removal","damage_taken":0,"max_hp_gain":0,"max_hp_loss":0,"event_name":"The Cleric","floor":4,"gold_loss":75},{"damage_healed":0,"gold_gain":75,"player_choice":"Gather Gold","damage_taken":11,"max_hp_gain":0,"max_hp_loss":0,"event_name":"World of Goop","floor":5,"gold_loss":0},{"damage_healed":0,"gold_gain":0,"player_choice":"Searched \u00271\u0027 times","damage_taken":0,"max_hp_gain":0,"max_hp_loss":0,"event_name":"Dead Adventurer","floor":7,"gold_loss":0},{"damage_healed":17,"gold_gain":0,"player_choice":"Healed and dodged fight","damage_taken":0,"max_hp_gain":0,"max_hp_loss":0,"event_name":"Mushrooms","floor":8,"gold_loss":0,"cards_obtained":["Parasite"]},{"cards_removed":["Parasite"],"damage_healed":0,"gold_gain":0,"player_choice":"Removed Curses","damage_taken":0,"max_hp_gain":0,"max_hp_loss":0,"event_name":"Fountain of Cleansing","floor":21,"gold_loss":0},{"damage_healed":0,"gold_gain":0,"player_choice":"Ignored","damage_taken":0,"max_hp_gain":0,"max_hp_loss":0,"event_name":"The Mausoleum","floor":29,"gold_loss":0},{"damage_healed":0,"gold_gain":0,"player_choice":"Got Potions","damage_taken":0,"max_hp_gain":0,"max_hp_loss":0,"event_name":"Lab","floor":30,"gold_loss":0}],"is_beta":false,"boss_relics":[{"not_picked":["Snecko Eye","Black Star"],"picked":"Nuclear Battery"}],"items_purged_floors":[],"is_endless":false,"potions_floor_spawned":[1,3,14,16,22,25,31],"killed_by":"Collector","ascension_level":15}