{"gold_per_floor":[117,192,8,8,8,8,41,60,110,128,139,139,157,33,33,133,133,101,101,116,129,129,129,29,29,29,29,29,29,29],"floor_reached":30,"playtime":947,"items_purged":["Strike_R","Decay"],"score":362,"play_id":"b6875209-fb16-49c1-a7e5-a67cebd1370f","local_time":"20181217190334","is_ascension_mode":true,"campfire_choices":[{"data":"Uppercut","floor":6.0,"key":"SMITH"},{"data":"Armaments","floor":12.0,"key":"SMITH"},{"floor":15.0,"key":"REST"},{"data":"Rampage","floor":23.0,"key":"SMITH"},{"floor":25,"key":"REST"},{"data":"True Grit","floor":27,"key":"SMITH"}],"neow_cost":"NONE","seed_source_timestamp":213927867629000,"circlet_count":0,"master_deck":["AscendersBane","Strike_R","Strike_R","Strike_R","Defend_R","Defend_R","Defend_R+1","Defend_R+1","Bash","Uppercut+1","Rampage+1","Pommel Strike","True Grit+1","Armaments+1","Battle Trance","Shrug It Off","Reaper","Shrug It Off"],"special_seed":0,"relics":["Burning Blood","Boot","Vajra","Bag of Marbles","War Paint","Lizard Tail","Question Card"],"potions_floor_usage":[30],"damage_taken":[{"damage":9.0,"enemies":"Cultist","floor":1.0,"turns":5.0},{"damage":33.0,"enemies":"Lagavulin","floor":7.0,"turns":7.0},{"damage":0.0,"enemies":"2 Louse","floor":8.0,"turns":1.0},{"damage":2.0,"enemies":"Jaw Worm","floor":10.0,"turns":3.0},{"damage":2.0,"enemies":"Exordium Thugs","floor":11.0,"turns":5.0},{"damage":12.0,"enemies":"Looter","floor":13.0,"turns":4.0},{"damage":22.0,"enemies":"The Guardian","floor":16.0,"turns":11.0},{"damage":33.0,"enemies":"2 Thieves","floor":18.0,"turns":5.0},{"damage":56.0,"enemies":"3 Byrds","floor":20.0,"turns":9.0},{"damage":38.0,"enemies":"Snake Plant","floor":21.0,"turns":6.0},{"damage":71,"enemies":"Book of Stabbing","floor":30,"turns":7}],"seed_played":"-6157407528499056482","potions_obtained":[{"floor":7.0,"key":"Energy Potion"},{"floor":8.0,"key":"BloodPotion"},{"floor":16.0,"key":"EssenceOfSteel"},{"floor":21.0,"key":"SkillPotion"}],"is_trial":false,"path_per_floor":["M","?","$","?","?","R","E","M","T","M","M","R","M","$","R","B",null,"M","?","M","M","?","R","$","R","T","R","$","?","E"],"character_chosen":"IRONCLAD","items_purchased":["Vajra","Rampage","Shrug It Off"],"campfire_rested":2,"item_purchase_floors":[3,3,14],"current_hp_per_floor":[69,58,58,51,56,56,29,35,35,39,43,43,45,45,70,54,77,60,60,20,39,39,39,39,64,64,64,64,64,0],"gold":29,"neow_bonus":"RANDOM_COMMON_RELIC","is_prod":false,"is_daily":false,"chose_seed":false,"campfire_upgraded":4,"win_rate":0,"timestamp":1545102214,"path_taken":["M","?","$","?","?","R","E","M","T","M","M","R","M","$","R","BOSS","M","?","M","?","?","R","$","R","T","R","?","?","E"],"build_version":"2018-12-13","purchased_purges":2,"victory":false,"max_hp_per_floor":[80,80,80,80,85,85,85,85,85,85,85,85,85,85,85,85,85,85,85,85,85,85,85,85,85,85,85,85,85,85],"card_choices":[{"not_picked":["Twin Strike","Disarm"],"picked":"Uppercut","floor":1.0},{"not_picked":["Entrench","Rage"],"picked":"Pommel Strike","floor":7.0},{"not_picked":["Intimidate","Pummel","Dual Wield"],"picked":"SKIP","floor":8.0},{"not_picked":["Reckless Charge","Perfected Strike"],"picked":"True Grit","floor":10.0},{"not_picked":["Clash","Heavy Blade"],"picked":"Armaments","floor":11.0},{"not_picked":["Blood for Blood","Feel No Pain"],"picked":"Battle Trance","floor":13.0},{"not_picked":["Immolate","Dark Embrace"],"picked":"Reaper","floor":16.0},{"not_picked":["Dual Wield","Havoc","Uppercut+1"],"picked":"SKIP","floor":18.0},{"not_picked":["Clothesline","Warcry","Corruption"],"picked":"SKIP","floor":20.0},{"not_picked":["Hemokinesis","Flex","Sword Boomerang"],"picked":"SKIP","floor":21.0}],"player_experience":121310,"relics_obtained":[{"floor":7.0,"key":"Bag of Marbles"},{"floor":9.0,"key":"War Paint"},{"floor":26,"key":"Question Card"}],"event_choices":[{"damage_healed":0.0,"max_hp_gain":0.0,"max_hp_loss":0.0,"gold_gain":75.0,"event_name":"World of Goop","player_choice":"Gather Gold","floor":2.0,"gold_loss":0.0,"damage_taken":11.0},{"cards_removed":["Strike_R"],"damage_healed":0.0,"max_hp_gain":0.0,"max_hp_loss":0.0,"gold_gain":0.0,"event_name":"Golden Wing","player_choice":"Card Removal","floor":4.0,"gold_loss":0.0,"damage_taken":7.0},{"damage_healed":0.0,"max_hp_gain":5.0,"max_hp_loss":0.0,"gold_gain":0.0,"event_name":"Big Fish","player_choice":"Donut","floor":5.0,"gold_loss":0.0,"damage_taken":0.0},{"damage_healed":0.0,"max_hp_gain":0.0,"max_hp_loss":0.0,"gold_gain":0.0,"event_name":"Wheel of Change","player_choice":"Cursed","floor":19.0,"gold_loss":0.0,"damage_taken":0.0,"cards_obtained":["Decay"]},{"damage_healed":0.0,"max_hp_gain":0.0,"max_hp_loss":0.0,"gold_gain":0.0,"event_name":"Match and Keep!","player_choice":"0 cards matched","floor":22.0,"gold_loss":0.0,"damage_taken":0.0,"cards_obtained":[]},{"damage_healed":0,"gold_gain":0,"player_choice":"Copied","damage_taken":0,"max_hp_gain":0,"max_hp_loss":0,"event_name":"Duplicator","floor":29,"gold_loss":0,"cards_obtained":["Shrug It Off"]}],"is_beta":false,"boss_relics":[{"not_picked":["Black Star","Black Blood"],"picked":"Lizard Tail"}],"items_purged_floors":[14,24],"is_endless":false,"potions_floor_spawned":[7,8,10,11,16,21],"killed_by":"Book of Stabbing","ascension_level":12}