{"gold_per_floor":[115,115,115,115,131,131,169,169,192,205,245,245,29,104,104,203,203,217,231,231,13,26,57,57,97,120,120,80,355,355,396,396,492,492,513,537,870,870,882,912,912,931,931,961,961],"floor_reached":45,"playtime":1344,"items_purged":["Strike_R"],"score":1195,"play_id":"2fb626ed-1d9c-4d73-a08e-8343b6607bc3","local_time":"20190905162149","is_ascension_mode":true,"campfire_choices":[{"data":"Bash","floor":6.0,"key":"SMITH"},{"data":"Whirlwind","floor":8.0,"key":"SMITH"},{"data":"Armaments","floor":15.0,"key":"SMITH"},{"data":"Offering","floor":24.0,"key":"SMITH"},{"data":"Rupture","floor":27.0,"key":"SMITH"},{"floor":32.0,"key":"REST"},{"floor":41.0,"key":"REST"}],"neow_cost":"TEN_PERCENT_HP_LOSS","seed_source_timestamp":383135666576800,"circlet_count":0,"master_deck":["AscendersBane","Strike_R+1","Strike_R+1","Strike_R","Strike_R","Defend_R","Defend_R","Defend_R","Defend_R","Bash+1","Twin Strike+1","Whirlwind+1","Shrug It Off","Rupture+1","Armaments+1","Offering+1","Carnage+1","Burning Pact","Uppercut+1","Regret","True Grit+1","Immolate","Feel No Pain","Shrug It Off","Shrug It Off+1","Reaper","Parasite","True Grit","Warcry"],"special_seed":0,"relics":["Burning Blood","StoneCalendar","Blue Candle","Anchor","Strawberry","Juzu Bracelet","Philosopher\u0027s Stone","Nilry\u0027s Codex","Chemical X","Potion Belt","Bottled Flame","Regal Pillow","PreservedInsect","Black Star","The Courier","FossilizedHelix","Orichalcum","Whetstone"],"potions_floor_usage":[],"damage_taken":[{"damage":5.0,"enemies":"2 Louse","floor":1.0,"turns":4.0},{"damage":14.0,"enemies":"Jaw Worm","floor":5.0,"turns":4.0},{"damage":28.0,"enemies":"Lagavulin","floor":7.0,"turns":5.0},{"damage":0.0,"enemies":"Small Slimes","floor":10.0,"turns":2.0},{"damage":17.0,"enemies":"3 Sentries","floor":11.0,"turns":6.0},{"damage":31.0,"enemies":"Slime Boss","floor":16.0,"turns":7.0},{"damage":9.0,"enemies":"Spheric Guardian","floor":18.0,"turns":3.0},{"damage":11.0,"enemies":"Shell Parasite","floor":19.0,"turns":3.0},{"damage":6.0,"enemies":"Snecko","floor":22.0,"turns":2.0},{"damage":7.0,"enemies":"Gremlin Leader","floor":23.0,"turns":4.0},{"damage":0.0,"enemies":"Slavers","floor":25.0,"turns":1.0},{"damage":6.0,"enemies":"Gremlin Leader","floor":31.0,"turns":3.0},{"damage":22.0,"enemies":"Collector","floor":33.0,"turns":6.0},{"damage":0.0,"enemies":"3 Darklings","floor":35.0,"turns":2.0},{"damage":30.0,"enemies":"3 Shapes","floor":36.0,"turns":7.0},{"damage":29.0,"enemies":"Jaw Worm Horde","floor":39.0,"turns":3.0},{"damage":9.0,"enemies":"Reptomancer","floor":40.0,"turns":4.0},{"damage":26.0,"enemies":"Writhing Mass","floor":42.0,"turns":7.0},{"damage":41.0,"enemies":"Giant Head","floor":44.0,"turns":9.0},{"damage":16,"enemies":"Transient","floor":45,"turns":3}],"seed_played":"8432972096655049550","potions_obtained":[{"floor":5.0,"key":"EssenceOfSteel"},{"floor":7.0,"key":"Swift Potion"},{"floor":10.0,"key":"FearPotion"},{"floor":19.0,"key":"Explosive Potion"},{"floor":23.0,"key":"GamblersBrew"},{"floor":28.0,"key":"PowerPotion"},{"floor":28.0,"key":"AttackPotion"},{"floor":28.0,"key":"Weak Potion"},{"floor":30.0,"key":"Swift Potion"},{"floor":36.0,"key":"Energy Potion"}],"is_trial":false,"path_per_floor":["M","?","?","T","M","R","E","R","T","M","E","?","$","?","R","B",null,"M","M","?","$","M","E","R","E","T","R","?","?","?","E","R","B",null,"M","M","?","?","M","E","R","M","T","E","M"],"character_chosen":"IRONCLAD","items_purchased":["Rupture","Armaments","Chemical X"],"campfire_rested":2,"item_purchase_floors":[13,13,21],"current_hp_per_floor":[68,62,62,62,54,54,32,32,39,45,34,57,57,46,46,21,57,54,49,28,28,28,27,27,33,33,33,33,33,33,33,68,52,65,69,45,45,45,22,19,54,44,44,16,0],"gold":961,"neow_bonus":"ONE_RARE_RELIC","is_prod":false,"is_daily":false,"chose_seed":false,"campfire_upgraded":5,"win_rate":0,"timestamp":1567725709,"path_taken":["M","?","?","?","M","R","E","R","T","M","E","?","$","?","R","BOSS","M","M","?","$","M","E","R","E","T","R","?","?","?","E","R","BOSS","M","M","?","?","M","E","R","M","T","E","M"],"build_version":"2019-07-17","purchased_purges":1,"victory":false,"max_hp_per_floor":[68,62,62,62,62,62,62,62,69,69,69,69,69,69,69,69,69,69,69,69,69,69,69,69,69,69,69,69,69,69,69,69,69,69,69,69,69,69,69,69,69,69,69,69,69],"card_choices":[{"not_picked":["Armaments","Wild Strike"],"picked":"Twin Strike","floor":1.0},{"not_picked":["Wild Strike","Reckless Charge","Ghostly Armor"],"picked":"SKIP","floor":5.0},{"not_picked":["True Grit","Body Slam"],"picked":"Whirlwind","floor":7.0},{"not_picked":["Heavy Blade","Perfected Strike"],"picked":"Shrug It Off","floor":10.0},{"not_picked":["Havoc","Perfected Strike","Blood for Blood"],"picked":"SKIP","floor":11.0},{"not_picked":["Double Tap","Limit Break"],"picked":"Offering","floor":16.0},{"not_picked":["Rage","Dropkick+1"],"picked":"Carnage+1","floor":18.0},{"not_picked":["Clothesline","Second Wind"],"picked":"Burning Pact","floor":19.0},{"not_picked":["Second Wind","Dropkick"],"picked":"Uppercut+1","floor":22.0},{"not_picked":["Thunderclap","Rupture","Ghostly Armor"],"picked":"SKIP","floor":23.0},{"not_picked":["Warcry","Clash+1","Searing Blow"],"picked":"SKIP","floor":25.0},{"not_picked":["Sentinel","Battle Trance"],"picked":"True Grit+1","floor":31.0},{"not_picked":["Feed","Berserk"],"picked":"Immolate","floor":33.0},{"not_picked":["Perfected Strike","Wild Strike"],"picked":"Feel No Pain","floor":35.0},{"not_picked":["Pummel+1","Metallicize"],"picked":"Shrug It Off","floor":36.0},{"not_picked":["True Grit","Pommel Strike"],"picked":"Shrug It Off+1","floor":39.0},{"not_picked":["Clothesline+1","Entrench"],"picked":"Reaper","floor":40.0},{"not_picked":["Burning Pact","Cleave"],"picked":"True Grit","floor":42.0},{"not_picked":["Pommel Strike","Rampage+1"],"picked":"Warcry","floor":44.0}],"player_experience":871104,"relics_obtained":[{"floor":4.0,"key":"Blue Candle"},{"floor":7.0,"key":"Anchor"},{"floor":9.0,"key":"Strawberry"},{"floor":11.0,"key":"Juzu Bracelet"},{"floor":20.0,"key":"Nilry\u0027s Codex"},{"floor":23.0,"key":"Potion Belt"},{"floor":25.0,"key":"Bottled Flame"},{"floor":26.0,"key":"Regal Pillow"},{"floor":31.0,"key":"PreservedInsect"},{"floor":40.0,"key":"The Courier"},{"floor":40.0,"key":"FossilizedHelix"},{"floor":44.0,"key":"Orichalcum"},{"floor":44.0,"key":"Whetstone"}],"event_choices":[{"damage_healed":0.0,"max_hp_gain":0.0,"max_hp_loss":6.0,"gold_gain":0.0,"event_name":"Golden Idol","player_choice":"Lose Max HP","floor":2.0,"gold_loss":0.0,"damage_taken":0.0,"relics_obtained":["Golden Idol"]},{"damage_healed":0.0,"max_hp_gain":0.0,"max_hp_loss":0.0,"gold_gain":0.0,"event_name":"Living Wall","player_choice":"Grow","floor":3.0,"gold_loss":0.0,"damage_taken":0.0,"cards_upgraded":["Twin Strike"]},{"damage_healed":23.0,"max_hp_gain":0.0,"max_hp_loss":0.0,"gold_gain":0.0,"event_name":"Big Fish","player_choice":"Banana","floor":12.0,"gold_loss":0.0,"damage_taken":0.0},{"damage_healed":0.0,"max_hp_gain":0.0,"max_hp_loss":0.0,"gold_gain":75.0,"event_name":"World of Goop","player_choice":"Gather Gold","floor":14.0,"gold_loss":0.0,"damage_taken":11.0},{"damage_healed":0.0,"max_hp_gain":0.0,"max_hp_loss":0.0,"gold_gain":0.0,"event_name":"Cursed Tome","player_choice":"Obtained Book","floor":20.0,"gold_loss":0.0,"damage_taken":21.0},{"damage_healed":0.0,"max_hp_gain":0.0,"max_hp_loss":0.0,"gold_gain":0.0,"event_name":"The Woman in Blue","player_choice":"Bought 3 Potions","floor":28.0,"gold_loss":0.0,"damage_taken":0.0},{"damage_healed":0.0,"max_hp_gain":0.0,"max_hp_loss":0.0,"gold_gain":275.0,"event_name":"Golden Shrine","player_choice":"Desecrate","floor":29.0,"gold_loss":0.0,"damage_taken":0.0,"cards_obtained":["Regret"]},{"damage_healed":0.0,"max_hp_gain":0.0,"max_hp_loss":0.0,"gold_gain":0.0,"event_name":"Lab","player_choice":"Got Potions","floor":30.0,"gold_loss":0.0,"damage_taken":0.0},{"damage_healed":0.0,"max_hp_gain":0.0,"max_hp_loss":0.0,"gold_gain":333.0,"event_name":"The Moai Head","player_choice":"Gave Idol","floor":37.0,"relics_lost":["Golden Idol"],"gold_loss":0.0,"damage_taken":0.0},{"damage_healed":0.0,"max_hp_gain":0.0,"max_hp_loss":0.0,"gold_gain":0.0,"event_name":"SensoryStone","player_choice":"Memory 1","floor":38.0,"gold_loss":0.0,"damage_taken":0.0}],"is_beta":false,"boss_relics":[{"not_picked":["Busted Crown","Tiny House"],"picked":"Philosopher\u0027s Stone"},{"not_picked":["Velvet Choker","Black Blood"],"picked":"Black Star"}],"items_purged_floors":[13],"is_endless":false,"potions_floor_spawned":[5,7,10,16,18,19,23,31,36,39],"killed_by":"Transient","ascension_level":20}