{"gold_per_floor":[114,11,11,0,13,41,41,51,78,39,39,73,73,92,92,192,192,204,204,0,12,12,12,45,65,65,82,102,17,17,27,27,128,128,143,143,154,154,172,172,199,199,225,225,277,37,53,53,53,53],"floor_reached":51,"playtime":9888,"items_purged":[],"score":974,"play_id":"123c0ccb-2d27-44c3-898a-0ae4bcc8a566","local_time":"20180930192213","is_ascension_mode":true,"campfire_choices":[{"data":"Neutralize","floor":7,"key":"SMITH"},{"floor":11,"key":"REST"},{"floor":13,"key":"REST"},{"floor":15,"key":"REST"},{"floor":23,"key":"REST"},{"floor":30,"key":"REST"},{"floor":32,"key":"REST"},{"floor":40,"key":"REST"},{"floor":42,"key":"REST"},{"floor":44,"key":"REST"},{"floor":49,"key":"REST"}],"neow_cost":"","seed_source_timestamp":59232470110822,"circlet_count":0,"master_deck":["Defend_G","Defend_G","Defend_G","Defend_G","Strike_G","Strike_G","Strike_G","Strike_G","Survivor","Neutralize+1","Backflip","Cloak And Dagger","Tools of the Trade","Prepared","Reflex","PiercingWail","Glass Knife","Quick Slash","Heel Hook","Caltrops","Concentrate","Backflip","Corpse Explosion","Deflect+1","Acrobatics+1","Bane+1","Riddle With Holes","Underhanded Strike","Storm of Steel+1","Accuracy+1","Pain","Footwork+1","Tactician+1","Prepared+1","Flechettes+1","Madness+1","Madness+1"],"relics":["Ring of the Snake","Lantern","Blue Candle","Boot","Paper Crane","Fusion Hammer","Toxic Egg 2","Shuriken","Vajra","Eternal Feather","WarpedTongs","Gremlin Horn","Potion Belt","Bronze Scales","Kunai"],"potions_floor_usage":[12,16,18,24,24,33,41,50],"damage_taken":[{"damage":2,"enemies":"2 Louse","floor":1,"turns":3},{"damage":0,"enemies":"Cultist","floor":5,"turns":5},{"damage":26,"enemies":"3 Sentries","floor":6,"turns":13},{"damage":0,"enemies":"Small Slimes","floor":8,"turns":4},{"damage":47,"enemies":"Gremlin Nob","floor":12,"turns":6},{"damage":11,"enemies":"3 Louse","floor":14,"turns":3},{"damage":25,"enemies":"The Guardian","floor":16,"turns":21},{"damage":3,"enemies":"3 Byrds","floor":18,"turns":4},{"damage":6,"enemies":"2 Thieves","floor":21,"turns":5},{"damage":26,"enemies":"Gremlin Leader","floor":24,"turns":7},{"damage":17,"enemies":"Centurion and Healer","floor":25,"turns":5},{"damage":0,"enemies":"Cultist and Chosen","floor":27,"turns":4},{"damage":0,"enemies":"Snake Plant","floor":28,"turns":3},{"damage":23,"enemies":"Sentry and Sphere","floor":31,"turns":4},{"damage":38,"enemies":"Champ","floor":33,"turns":10},{"damage":14,"enemies":"3 Darklings","floor":35,"turns":3},{"damage":8,"enemies":"3 Shapes","floor":37,"turns":3},{"damage":5,"enemies":"Maw","floor":39,"turns":6},{"damage":65,"enemies":"2 Orb Walkers","floor":41,"turns":6},{"damage":8,"enemies":"Reptomancer","floor":47,"turns":6},{"damage":63,"enemies":"Awakened One","floor":50,"turns":11}],"seed_played":"2075336654753322710","potions_obtained":[{"floor":5,"key":"Ancient Potion"},{"floor":12,"key":"GhostInAJar"},{"floor":16,"key":"Explosive Potion"},{"floor":18,"key":"AttackPotion"},{"floor":21,"key":"Poison Potion"},{"floor":28,"key":"Poison Potion"},{"floor":35,"key":"Fire Potion"},{"floor":47,"key":"Fire Potion"}],"is_trial":false,"path_per_floor":["M","?","?","?","M","E","R","M","T","$","R","E","R","M","R","B",null,"M","?","?","M","?","R","E","M","T","M","M","?","R","M","R","B",null,"M","?","M","?","M","R","E","R","T","R","T","$","M","?","R","B"],"character_chosen":"THE_SILENT","items_purchased":["Reflex","Kunai"],"campfire_rested":10,"item_purchase_floors":[10,46],"current_hp_per_floor":[61,61,61,61,61,35,35,35,35,35,56,9,30,19,40,15,56,53,53,53,47,47,68,42,25,25,25,25,25,46,23,44,6,54,40,40,32,32,27,66,1,40,40,70,70,70,62,53,70,7],"gold":53,"neow_bonus":"","is_prod":false,"is_daily":false,"chose_seed":false,"campfire_upgraded":1,"win_rate":0,"timestamp":1538349733,"path_taken":["M","?","?","?","?","E","R","M","T","$","R","E","R","M","R","BOSS","M","?","?","M","?","R","E","M","T","M","M","?","R","M","R","BOSS","M","?","?","?","M","R","E","R","T","R","?","$","?","?","R","BOSS"],"build_version":"2018-09-27","purchased_purges":0,"victory":true,"max_hp_per_floor":[70,70,70,70,70,70,70,70,70,70,70,70,70,70,70,70,70,70,70,70,70,70,70,70,70,70,70,70,70,70,70,70,70,70,70,70,70,70,70,70,70,70,70,70,70,70,70,70,70,70],"card_choices":[{"not_picked":["Underhanded Strike","Acrobatics"],"picked":"Backflip","floor":1},{"not_picked":["Escape Plan","Slice"],"picked":"Cloak And Dagger","floor":5},{"not_picked":["Dagger Throw","Bouncing Flask"],"picked":"Tools of the Trade","floor":6},{"not_picked":["Bouncing Flask","Outmaneuver"],"picked":"Prepared","floor":8},{"not_picked":["Slice","Distraction"],"picked":"Escape Plan","floor":12},{"not_picked":["Deadly Poison","Bane"],"picked":"PiercingWail","floor":14},{"not_picked":["Tools of the Trade","Venomology"],"picked":"Glass Knife","floor":16},{"not_picked":["Calculated Gamble","PiercingWail"],"picked":"Quick Slash","floor":18},{"not_picked":["Reflex+1","Calculated Gamble+1"],"picked":"Caltrops","floor":21},{"not_picked":["Poisoned Stab","Heel Hook"],"picked":"Deflect","floor":24},{"not_picked":["Backflip+1","PiercingWail+1"],"picked":"Acrobatics+1","floor":25},{"not_picked":["Finisher","Prepared+1"],"picked":"Bane+1","floor":27},{"not_picked":["Bouncing Flask+1","Backflip+1"],"picked":"Riddle With Holes","floor":28},{"not_picked":["Finisher","Deflect+1"],"picked":"Underhanded Strike","floor":31},{"not_picked":["Venomology+1","Bullet Time+1"],"picked":"Storm of Steel+1","floor":33},{"not_picked":["PiercingWail+1","Prepared+1"],"picked":"Accuracy+1","floor":35},{"not_picked":["Underhanded Strike","Dodge and Roll+1"],"picked":"Footwork+1","floor":37},{"not_picked":["Backflip+1","Underhanded Strike+1"],"picked":"Tactician+1","floor":39},{"not_picked":["Quick Slash+1","Poisoned Stab"],"picked":"Prepared+1","floor":41},{"not_picked":["Noxious Fumes+1","Backstab+1"],"picked":"Flechettes+1","floor":47}],"player_experience":299717,"relics_obtained":[{"floor":6,"key":"Blue Candle"},{"floor":9,"key":"Boot"},{"floor":12,"key":"Paper Crane"},{"floor":24,"key":"Toxic Egg 2"},{"floor":26,"key":"Shuriken"},{"floor":41,"key":"Gremlin Horn"},{"floor":43,"key":"Potion Belt"},{"floor":45,"key":"Bronze Scales"}],"event_choices":[{"event_name":"WeMeetAgain","player_choice":"Gold","floor":2,"damage_taken":0},{"event_name":"The Cleric","player_choice":"Leave","floor":3,"damage_taken":0},{"event_name":"World of Goop","player_choice":"Left","floor":4,"damage_taken":0},{"event_name":"The Library","player_choice":"Read","floor":19,"damage_taken":0},{"event_name":"Masked Bandits","player_choice":"Paid Fearfully","floor":20,"damage_taken":0},{"event_name":"Drug Dealer","player_choice":"Became Test Subject","floor":22,"damage_taken":0},{"event_name":"Addict","player_choice":"Obtained Relic","floor":29,"damage_taken":0},{"event_name":"Accursed Blacksmith","player_choice":"Rummage","floor":36,"damage_taken":0},{"event_name":"The Moai Head","player_choice":"Ignored","floor":38,"damage_taken":0},{"event_name":"Winding Halls","player_choice":"Embrace Madness","floor":48,"damage_taken":0}],"is_beta":false,"boss_relics":[{"not_picked":["Tiny House","Coffee Dripper"],"picked":"Fusion Hammer"},{"not_picked":["White Beast Statue","Lizard Tail"],"picked":"Eternal Feather"}],"items_purged_floors":[],"is_endless":false,"potions_floor_spawned":[5,12,16,18,21,28,35,47],"ascension_level":8}