{"gold_per_floor":[212,229,243,27,27,57,57,74,74,103,122,136,147,177,177,249,249,260,28,28,46,46,80,97,132,178,178,189,200,43,62,62,62],"floor_reached":33,"playtime":1474,"items_purged":["Strike_R"],"score":622,"play_id":"6b6dcd54-5d27-4aaa-9482-7238600d56ea","local_time":"20190905232958","is_ascension_mode":true,"campfire_choices":[{"data":"Uppercut","floor":7,"key":"SMITH"},{"data":"Inflame","floor":15,"key":"SMITH"},{"data":"Armaments","floor":27,"key":"SMITH"},{"data":"Offering","floor":32,"key":"SMITH"}],"neow_cost":"NONE","seed_source_timestamp":409197689256400,"circlet_count":0,"master_deck":["AscendersBane","Strike_R","Strike_R","Strike_R","Strike_R","Defend_R","Defend_R","Defend_R","Defend_R","Bash","Uppercut+1","Inflame+1","Whirlwind+1","Shrug It Off","Twin Strike+1","Reaper","Shrug It Off","Sword Boomerang","True Grit","Headbutt+1","Offering+1","Headbutt+1","Combust","Ghostly","Ghostly","Ghostly","Armaments+1","Exhume","Corruption","Inflame"],"relics":["Burning Blood","Darkstone Periapt","Self Forming Clay","StoneCalendar","Black Star","PreservedInsect","Magic Flower","Anchor","Calipers","Bag of Preparation","Whetstone"],"potions_floor_usage":[6,16,16,18,25,28,33,33],"damage_taken":[{"damage":10,"enemies":"2 Louse","floor":1,"turns":3},{"damage":7,"enemies":"Cultist","floor":2,"turns":4},{"damage":7,"enemies":"Jaw Worm","floor":3,"turns":3},{"damage":15,"enemies":"3 Sentries","floor":6,"turns":4},{"damage":2,"enemies":"2 Fungi Beasts","floor":8,"turns":3},{"damage":44,"enemies":"Gremlin Nob","floor":10,"turns":5},{"damage":4,"enemies":"Blue Slaver","floor":11,"turns":5},{"damage":18,"enemies":"Lots of Slimes","floor":12,"turns":2},{"damage":18,"enemies":"Gremlin Gang","floor":13,"turns":5},{"damage":22,"enemies":"3 Sentries","floor":14,"turns":5},{"damage":47,"enemies":"The Guardian","floor":16,"turns":12},{"damage":22,"enemies":"3 Byrds","floor":18,"turns":4},{"damage":11,"enemies":"Shell Parasite","floor":21,"turns":7},{"damage":25,"enemies":"Gremlin Leader","floor":23,"turns":4},{"damage":22,"enemies":"Centurion and Healer","floor":24,"turns":9},{"damage":23,"enemies":"Slavers","floor":25,"turns":6},{"damage":18,"enemies":"3 Cultists","floor":28,"turns":5},{"damage":47,"enemies":"Snecko","floor":29,"turns":5},{"damage":6,"enemies":"Shelled Parasite and Fungi","floor":31,"turns":7},{"damage":46,"enemies":"Collector","floor":33,"turns":7}],"seed_played":"-5728035531987856569","potions_obtained":[{"floor":3,"key":"Explosive Potion"},{"floor":8,"key":"Weak Potion"},{"floor":12,"key":"BloodPotion"},{"floor":16,"key":"SkillPotion"},{"floor":23,"key":"AttackPotion"},{"floor":24,"key":"Fire Potion"},{"floor":31,"key":"Energy Potion"}],"is_trial":false,"path_per_floor":["M","M","M","$","?","E","R","M","T","E","M","M","M","E","R","B",null,"M","$","?","M","$","E","M","E","T","R","M","M","$","M","R","B"],"character_chosen":"IRONCLAD","items_purchased":["Whirlwind","Shrug It Off","PreservedInsect","Combust","Corruption","Regen Potion"],"campfire_rested":0,"item_purchase_floors":[4,4,19,19,30,30],"current_hp_per_floor":[64,63,62,62,62,53,53,57,57,28,36,44,38,34,34,21,62,52,52,37,32,32,13,24,29,29,29,31,18,18,32,32,0],"gold":62,"neow_bonus":"HUNDRED_GOLD","is_prod":false,"is_daily":false,"chose_seed":false,"campfire_upgraded":4,"win_rate":0,"timestamp":1567751398,"path_taken":["M","M","M","$","?","E","R","M","T","E","M","M","M","E","R","BOSS","M","$","?","M","$","E","M","E","T","R","M","M","$","M","R","BOSS"],"build_version":"2019-07-17","purchased_purges":1,"victory":false,"max_hp_per_floor":[75,75,75,75,75,75,75,75,75,75,75,75,75,75,75,75,75,75,75,37,37,37,37,37,37,37,37,37,37,37,37,37,37],"card_choices":[{"not_picked":["Thunderclap","Metallicize"],"picked":"Uppercut","floor":1},{"not_picked":["Reckless Charge","Clothesline"],"picked":"Inflame","floor":2},{"not_picked":["Rage","Intimidate","Seeing Red"],"picked":"SKIP","floor":3},{"not_picked":["Spot Weakness","Sentinel"],"picked":"Twin Strike","floor":6},{"not_picked":["Body Slam","True Grit"],"picked":"Reaper","floor":8},{"not_picked":["Headbutt","Wild Strike"],"picked":"Shrug It Off","floor":10},{"not_picked":["Clothesline","Shockwave"],"picked":"Sword Boomerang","floor":11},{"not_picked":["Iron Wave","Flex"],"picked":"True Grit","floor":12},{"not_picked":["Whirlwind","Pummel"],"picked":"Headbutt","floor":13},{"not_picked":["Thunderclap","Searing Blow","Twin Strike"],"picked":"SKIP","floor":14},{"not_picked":["Berserk","Feed"],"picked":"Offering","floor":16},{"not_picked":["Hemokinesis","Wild Strike"],"picked":"Headbutt+1","floor":18},{"not_picked":["Flame Barrier","Iron Wave"],"picked":"Armaments","floor":21},{"not_picked":["Pommel Strike","Shrug It Off"],"picked":"Exhume","floor":23},{"not_picked":["Headbutt","Infernal Blade","Power Through"],"picked":"SKIP","floor":24},{"not_picked":["Perfected Strike","Pommel Strike","Sword Boomerang"],"picked":"SKIP","floor":25},{"not_picked":["Pummel+1","Clash","Cleave"],"picked":"SKIP","floor":28},{"not_picked":["Berserk","Sword Boomerang","Cleave"],"picked":"SKIP","floor":29},{"not_picked":["Intimidate","True Grit"],"picked":"Inflame","floor":31}],"player_experience":876737,"relics_obtained":[{"floor":6,"key":"Darkstone Periapt"},{"floor":10,"key":"Self Forming Clay"},{"floor":14,"key":"StoneCalendar"},{"floor":23,"key":"Magic Flower"},{"floor":23,"key":"Anchor"},{"floor":25,"key":"Calipers"},{"floor":25,"key":"Bag of Preparation"},{"floor":26,"key":"Whetstone"}],"event_choices":[{"damage_healed":0,"gold_gain":0,"player_choice":"Upgraded","damage_taken":0,"max_hp_gain":0,"max_hp_loss":0,"event_name":"Upgrade Shrine","floor":5,"gold_loss":0,"cards_upgraded":["Whirlwind"]},{"damage_healed":0,"gold_gain":0,"player_choice":"Became a Ghost","damage_taken":0,"max_hp_gain":0,"max_hp_loss":38,"event_name":"Ghosts","floor":20,"gold_loss":0,"cards_obtained":["Ghostly","Ghostly","Ghostly"]}],"is_beta":false,"boss_relics":[{"not_picked":["Orrery","Tiny House"],"picked":"Black Star"}],"items_purged_floors":[4],"is_endless":false,"potions_floor_spawned":[3,8,12,14,16,23,24,31],"killed_by":"Collector","ascension_level":20}