{"gold_per_floor":[111,126,126,126,47,47,91,114,139,139,104,140,152,164,176,284,296,331,368,399,8,28,63,63,73,73,73,90,90,90,103,103,180,180,198,122,137,153,153,168,202,3,3,29,74,88,123,0,0,0,0,0,0,0,31,31],"floor_reached":56,"playtime":2575,"items_purged":["Strike_R","Strike_R+1"],"score":2005,"play_id":"d0aea3c9-0e75-4c49-8718-9a29471d6c2e","local_time":"20190905044204","is_ascension_mode":true,"campfire_choices":[{"data":"Inflame","floor":6.0,"key":"SMITH"},{"floor":10.0,"key":"REST"},{"data":"Disarm","floor":13.0,"key":"SMITH"},{"data":"Bash","floor":15.0,"key":"SMITH"},{"floor":27.0,"key":"REST"},{"floor":30.0,"key":"REST"},{"data":"Demon Form","floor":32.0,"key":"SMITH"},{"floor":49.0,"key":"RECALL"},{"data":"Feel No Pain","floor":53.0,"key":"SMITH"}],"neow_cost":"NONE","seed_source_timestamp":339092562942500,"circlet_count":0,"master_deck":["AscendersBane","Strike_R+1","Strike_R+1","Strike_R+1","Defend_R+1","Defend_R+1","Defend_R+1","Defend_R+1","Bash+1","Offering","Inflame+1","Carnage+1","Disarm+1","Headbutt","Battle Trance","Impervious+1","Sword Boomerang","Clothesline","Demon Form+1","Offering+1","Combust+1","Havoc+1","Feel No Pain+1","Limit Break","Reaper+1","Cleave+1","Shrug It Off","Armaments","Ghostly Armor","Armaments+1","Demon Form","Whirlwind+1","Entrench","Second Wind+1","Power Through","Bludgeon+1"],"special_seed":0,"relics":["Burning Blood","Vajra","Bloody Idol","Bag of Preparation","Omamori","MawBank","Cursed Key","Oddly Smooth Stone","Molten Egg 2","Snecko Eye","War Paint","Pen Nib","Prayer Wheel","PreservedInsect","Red Mask","Anchor"],"potions_floor_usage":[56,56],"damage_taken":[{"damage":4.0,"enemies":"Jaw Worm","floor":1.0,"turns":4.0},{"damage":10.0,"enemies":"2 Louse","floor":2.0,"turns":4.0},{"damage":29.0,"enemies":"Lagavulin","floor":7.0,"turns":5.0},{"damage":0.0,"enemies":"Small Slimes","floor":8.0,"turns":2.0},{"damage":12.0,"enemies":"Gremlin Nob","floor":12.0,"turns":3.0},{"damage":34.0,"enemies":"The Guardian","floor":16.0,"turns":10.0},{"damage":6.0,"enemies":"Chosen","floor":18.0,"turns":3.0},{"damage":9.0,"enemies":"2 Thieves","floor":19.0,"turns":4.0},{"damage":13.0,"enemies":"3 Cultists","floor":20.0,"turns":4.0},{"damage":22.0,"enemies":"Snecko","floor":22.0,"turns":4.0},{"damage":26.0,"enemies":"Book of Stabbing","floor":23.0,"turns":5.0},{"damage":6.0,"enemies":"Centurion and Healer","floor":25.0,"turns":5.0},{"damage":19.0,"enemies":"Snake Plant","floor":28.0,"turns":4.0},{"damage":9.0,"enemies":"Snecko","floor":31.0,"turns":4.0},{"damage":41.0,"enemies":"Collector","floor":33.0,"turns":7.0},{"damage":47.0,"enemies":"3 Darklings","floor":35.0,"turns":6.0},{"damage":46.0,"enemies":"Orb Walker","floor":37.0,"turns":5.0},{"damage":33.0,"enemies":"Spire Growth","floor":38.0,"turns":5.0},{"damage":6.0,"enemies":"Maw","floor":40.0,"turns":6.0},{"damage":33.0,"enemies":"Nemesis","floor":41.0,"turns":9.0},{"damage":12.0,"enemies":"Giant Head","floor":44.0,"turns":6.0},{"damage":16.0,"enemies":"2 Orb Walkers","floor":45.0,"turns":3.0},{"damage":6.0,"enemies":"4 Shapes","floor":46.0,"turns":3.0},{"damage":8.0,"enemies":"Nemesis","floor":47.0,"turns":5.0},{"damage":47.0,"enemies":"Awakened One","floor":50.0,"turns":10.0},{"damage":91.0,"enemies":"Donu and Deca","floor":51.0,"turns":10.0},{"damage":47.0,"enemies":"Shield and Spear","floor":55.0,"turns":5.0},{"damage":95,"enemies":"The Heart","floor":56,"turns":6}],"seed_played":"-2994461697620842628","potions_obtained":[{"floor":7.0,"key":"FearPotion"},{"floor":12.0,"key":"LiquidBronze"},{"floor":19.0,"key":"Swift Potion"},{"floor":23.0,"key":"Energy Potion"},{"floor":28.0,"key":"EssenceOfSteel"},{"floor":31.0,"key":"EntropicBrew"},{"floor":35.0,"key":"Explosive Potion"},{"floor":55.0,"key":"Strength Potion"}],"is_trial":false,"path_per_floor":["M","M","?","?","$","R","E","M","T","R","?","E","R","?","R","B",null,"M","M","M","$","M","E","?","M","T","R","M","?","R","M","R","B",null,"M","$","M","M","?","M","E","$","T","E","?","M","E","?","R","B","B",null,"R","$","E","B"],"character_chosen":"IRONCLAD","items_purchased":["Disarm","Demon Form","Offering","Shrug It Off","Armaments","Whirlwind+1","Dexterity Potion"],"campfire_rested":3,"item_purchase_floors":[5,21,21,36,36,42,42],"current_hp_per_floor":[70,66,31,31,31,31,8,14,14,34,51,45,45,45,45,17,55,55,52,45,45,29,9,9,14,14,34,26,26,46,48,48,18,56,68,68,67,68,68,68,68,68,68,67,62,68,68,68,68,53,30,59,59,59,68,0],"gold":31,"neow_bonus":"ONE_RANDOM_RARE_CARD","is_prod":false,"is_daily":false,"chose_seed":false,"campfire_upgraded":5,"win_rate":0,"timestamp":1567683724,"path_taken":["M","M","?","?","?","R","E","M","T","R","?","E","R","?","R","BOSS","M","M","M","$","M","E","?","M","T","R","M","?","R","M","R","BOSS","M","$","M","M","?","M","E","$","T","E","?","M","E","?","R","BOSS","BOSS","R","$","E","BOSS"],"build_version":"2019-07-17","purchased_purges":2,"victory":false,"max_hp_per_floor":[75,75,75,68,68,68,68,68,68,68,68,68,68,68,68,68,68,68,68,68,68,68,68,68,68,68,68,68,68,68,68,68,68,68,68,68,68,68,68,68,68,68,68,68,68,68,68,68,68,68,68,68,68,68,68,68],"card_choices":[{"not_picked":["Warcry","Pommel Strike"],"picked":"Inflame","floor":1.0},{"not_picked":["Wild Strike","Shrug It Off"],"picked":"Carnage","floor":2.0},{"not_picked":["Bloodletting","Flex"],"picked":"Headbutt","floor":7.0},{"not_picked":["Clash","Dropkick","Carnage"],"picked":"SKIP","floor":8.0},{"not_picked":["Body Slam","Flex"],"picked":"Battle Trance","floor":12.0},{"not_picked":["Brutality","Dark Embrace"],"picked":"Impervious","floor":16.0},{"not_picked":["Havoc","Flex","Second Wind"],"picked":"SKIP","floor":18.0},{"not_picked":["True Grit","Armaments"],"picked":"Sword Boomerang","floor":19.0},{"not_picked":["Dropkick","Sword Boomerang"],"picked":"Clothesline","floor":20.0},{"not_picked":["Clash","Warcry","Reckless Charge"],"picked":"SKIP","floor":22.0},{"not_picked":["Anger","Clothesline"],"picked":"Combust+1","floor":23.0},{"not_picked":["Inflame","Heavy Blade"],"picked":"Havoc+1","floor":25.0},{"not_picked":["Heavy Blade+1","Hemokinesis+1"],"picked":"Feel No Pain","floor":28.0},{"not_picked":["Havoc","Evolve+1"],"picked":"Limit Break","floor":31.0},{"not_picked":["Feed+1","Berserk"],"picked":"Reaper+1","floor":33.0},{"not_picked":["Hemokinesis+1","Headbutt+1"],"picked":"Cleave+1","floor":35.0},{"not_picked":["Iron Wave+1","Sever Soul+1","Clash+1"],"picked":"SKIP","floor":37.0},{"not_picked":["Clothesline+1","Sword Boomerang+1"],"picked":"Ghostly Armor","floor":38.0},{"not_picked":["Shrug It Off","Thunderclap+1"],"picked":"Armaments+1","floor":40.0},{"not_picked":["Clash+1","Feed+1"],"picked":"Demon Form","floor":41.0},{"not_picked":["Searing Blow+1","Rage"],"picked":"Entrench","floor":44.0},{"not_picked":["Warcry+1","Twin Strike+1"],"picked":"Second Wind+1","floor":45.0},{"not_picked":["Cleave+1","Havoc"],"picked":"Power Through","floor":46.0},{"not_picked":["Blood for Blood+1","Twin Strike+1","Pummel+1"],"picked":"SKIP","floor":46.0},{"not_picked":["Rupture","Havoc"],"picked":"Bludgeon+1","floor":47.0},{"not_picked":["Flex","Bloodletting","Ghostly Armor"],"picked":"SKIP","floor":55.0}],"player_experience":863464,"relics_obtained":[{"floor":7.0,"key":"Bag of Preparation"},{"floor":9.0,"key":"Omamori"},{"floor":12.0,"key":"MawBank"},{"floor":23.0,"key":"Oddly Smooth Stone"},{"floor":26.0,"key":"Molten Egg 2"},{"floor":41.0,"key":"War Paint"},{"floor":44.0,"key":"Pen Nib"},{"floor":45.0,"key":"Prayer Wheel"},{"floor":47.0,"key":"PreservedInsect"},{"floor":55.0,"key":"Anchor"}],"event_choices":[{"damage_healed":0.0,"max_hp_gain":0.0,"max_hp_loss":0.0,"gold_gain":0.0,"event_name":"Scrap Ooze","player_choice":"Success","floor":3.0,"gold_loss":0.0,"damage_taken":35.0,"relics_obtained":["Vajra"]},{"damage_healed":0.0,"max_hp_gain":0.0,"max_hp_loss":7.0,"gold_gain":0.0,"event_name":"Golden Idol","player_choice":"Lose Max HP","floor":4.0,"gold_loss":0.0,"damage_taken":0.0,"relics_obtained":["Golden Idol"]},{"damage_healed":17.0,"max_hp_gain":0.0,"max_hp_loss":0.0,"gold_gain":0.0,"event_name":"The Cleric","player_choice":"Healed","floor":11.0,"gold_loss":35.0,"damage_taken":0.0},{"damage_healed":0.0,"max_hp_gain":0.0,"max_hp_loss":0.0,"gold_gain":0.0,"event_name":"Upgrade Shrine","player_choice":"Upgraded","floor":14.0,"gold_loss":0.0,"damage_taken":0.0,"cards_upgraded":["Carnage"]},{"damage_healed":0.0,"max_hp_gain":0.0,"max_hp_loss":0.0,"gold_gain":0.0,"event_name":"Forgotten Altar","player_choice":"Gave Idol","floor":24.0,"relics_lost":["Golden Idol"],"gold_loss":0.0,"damage_taken":0.0,"relics_obtained":["Bloody Idol"]},{"damage_healed":0.0,"max_hp_gain":0.0,"max_hp_loss":0.0,"gold_gain":0.0,"event_name":"Back to Basics","player_choice":"Simplicity","floor":29.0,"gold_loss":0.0,"damage_taken":0.0,"cards_upgraded":["Strike_R","Strike_R","Strike_R","Strike_R","Defend_R","Defend_R","Defend_R","Defend_R"]},{"damage_healed":0.0,"max_hp_gain":0.0,"max_hp_loss":0.0,"gold_gain":0.0,"event_name":"SensoryStone","player_choice":"Memory 1","floor":39.0,"gold_loss":0.0,"damage_taken":0.0},{"damage_healed":0.0,"max_hp_gain":0.0,"max_hp_loss":0.0,"gold_gain":0.0,"event_name":"Mysterious Sphere","player_choice":"Fight","floor":45.0,"gold_loss":0.0,"damage_taken":0.0},{"damage_healed":0.0,"max_hp_gain":0.0,"max_hp_loss":0.0,"gold_gain":0.0,"event_name":"Tomb of Lord Red Mask","player_choice":"Paid","floor":48.0,"gold_loss":123.0,"damage_taken":0.0,"relics_obtained":["Red Mask"]}],"is_beta":false,"boss_relics":[{"not_picked":["Black Blood","Pandora\u0027s Box"],"picked":"Cursed Key"},{"not_picked":["Eternal Feather","Sozu"],"picked":"Snecko Eye"}],"items_purged_floors":[21,42],"is_endless":false,"potions_floor_spawned":[7,12,19,22,23,28,31,35,40,41,44,45,55],"killed_by":"The Heart","ascension_level":20}