{"gold_per_floor":[116,116,127,52,66,98,98,113,113,124,144,156,171,190,190,294,294,310,278,85,97,22,22,22],"floor_reached":24,"playtime":1979,"items_purged":["Strike_G","Regret","Strike_G"],"score":204,"play_id":"f5c1be8d-4c5f-4e3f-8004-84dd36bfb640","local_time":"20190305110904","is_ascension_mode":false,"campfire_choices":[{"data":"Bane","floor":7,"key":"SMITH"},{"floor":15,"key":"REST"},{"floor":23,"key":"REST"}],"neow_cost":"NONE","seed_source_timestamp":195635580174440,"circlet_count":0,"master_deck":["Defend_G","Defend_G+1","Defend_G+1","Defend_G","Defend_G","Strike_G","Strike_G","Strike_G","Survivor","Neutralize","Bane+1","Flying Knee","Calculated Gamble","Deadly Poison","Crippling Poison","Burst","Doubt","Clumsy","PiercingWail","Backflip+1","Poisoned Stab+1","Poisoned Stab"],"relics":["White Beast Statue","Girya","Gremlin Horn","Ornamental Fan","Calling Bell","Smiling Mask","Shuriken","Ginger","War Paint"],"potions_floor_usage":[6,6,11,12,12,14,14,16,19,21,21,21],"damage_taken":[{"damage":2,"enemies":"Small Slimes","floor":1,"turns":5},{"damage":12,"enemies":"Cultist","floor":3,"turns":4},{"damage":3,"enemies":"Jaw Worm","floor":5,"turns":3},{"damage":8,"enemies":"Gremlin Nob","floor":6,"turns":3},{"damage":1,"enemies":"2 Fungi Beasts","floor":8,"turns":4},{"damage":4,"enemies":"Blue Slaver","floor":10,"turns":4},{"damage":3,"enemies":"Red Slaver","floor":11,"turns":3},{"damage":0,"enemies":"Looter","floor":12,"turns":3},{"damage":1,"enemies":"3 Louse","floor":13,"turns":3},{"damage":0,"enemies":"2 Fungi Beasts","floor":14,"turns":1},{"damage":27,"enemies":"The Guardian","floor":16,"turns":12},{"damage":16,"enemies":"3 Byrds","floor":18,"turns":7},{"damage":24,"enemies":"2 Thieves","floor":19,"turns":5},{"damage":13,"enemies":"Snecko","floor":21,"turns":9},{"damage":21,"enemies":"Colosseum Slavers","floor":24,"turns":5},{"damage":42,"enemies":"Colosseum Nobs","floor":24,"turns":3}],"seed_played":"8443474595920917862","potions_obtained":[{"floor":1,"key":"SkillPotion"},{"floor":3,"key":"Explosive Potion"},{"floor":5,"key":"Poison Potion"},{"floor":6,"key":"GhostInAJar"},{"floor":8,"key":"Fire Potion"},{"floor":10,"key":"SpeedPotion"},{"floor":11,"key":"Ancient Potion"},{"floor":12,"key":"Explosive Potion"},{"floor":13,"key":"SteroidPotion"},{"floor":14,"key":"Dexterity Potion"},{"floor":16,"key":"Dexterity Potion"},{"floor":18,"key":"Fire Potion"},{"floor":19,"key":"LiquidBronze"},{"floor":21,"key":"SpeedPotion"}],"is_trial":false,"path_per_floor":["M","?","M","$","M","E","R","M","T","M","M","M","M","M","R","B",null,"M","M","$","M","$","R","?"],"character_chosen":"THE_SILENT","items_purchased":["War Paint","Poisoned Stab"],"campfire_rested":2,"item_purchase_floors":[20,22],"current_hp_per_floor":[68,68,56,56,53,45,45,44,44,40,37,37,36,36,57,30,70,54,30,30,17,17,38,0],"gold":22,"neow_bonus":"BOSS_RELIC","is_prod":false,"is_daily":false,"chose_seed":false,"campfire_upgraded":1,"win_rate":0,"timestamp":1551764344,"path_taken":["M","?","M","$","M","E","R","M","T","?","M","M","M","M","R","BOSS","M","M","?","?","$","R","?"],"build_version":"2019-01-23","purchased_purges":3,"victory":false,"max_hp_per_floor":[70,70,70,70,70,70,70,70,70,70,70,70,70,70,70,70,70,70,70,70,70,70,70,70],"card_choices":[{"not_picked":["Dagger Throw","Underhanded Strike"],"picked":"Bane","floor":1},{"not_picked":["Backflip","Predator"],"picked":"Flying Knee","floor":3},{"not_picked":["Accuracy","Underhanded Strike","Blade Dance"],"picked":"SKIP","floor":5},{"not_picked":["Outmaneuver","Heel Hook"],"picked":"Calculated Gamble","floor":6},{"not_picked":["Underhanded Strike","Blade Dance","Dodge and Roll"],"picked":"SKIP","floor":8},{"not_picked":["Infinite Blades","Dagger Spray","Caltrops"],"picked":"SKIP","floor":10},{"not_picked":["Heel Hook","Quick Slash"],"picked":"Deadly Poison","floor":11},{"not_picked":["Sucker Punch","Slice","Backflip"],"picked":"SKIP","floor":12},{"not_picked":["Masterful Stab","Tools of the Trade","Outmaneuver"],"picked":"SKIP","floor":13},{"not_picked":["Flechettes","Accuracy"],"picked":"Crippling Poison","floor":14},{"not_picked":["Malaise","Doppelganger"],"picked":"Burst","floor":16},{"not_picked":["Accuracy","Eviscerate"],"picked":"PiercingWail","floor":18},{"not_picked":["Underhanded Strike","Dagger Spray"],"picked":"Backflip+1","floor":19},{"not_picked":["Catalyst","Dagger Throw+1"],"picked":"Poisoned Stab+1","floor":21}],"player_experience":49396,"relics_obtained":[{"floor":6,"key":"Gremlin Horn"},{"floor":9,"key":"Ornamental Fan"},{"floor":17,"key":"Smiling Mask"},{"floor":17,"key":"Shuriken"},{"floor":17,"key":"Ginger"}],"event_choices":[{"damage_healed":0,"gold_gain":0,"player_choice":"Gave Potion","damage_taken":0,"relics_obtained":["Girya"],"max_hp_gain":0,"max_hp_loss":0,"event_name":"WeMeetAgain","floor":2,"gold_loss":0},{"damage_healed":0,"gold_gain":0,"player_choice":"Fight","damage_taken":0,"max_hp_gain":0,"max_hp_loss":0,"event_name":"Colosseum","floor":24,"gold_loss":0},{"damage_healed":0,"gold_gain":0,"player_choice":"Fought Nobs","damage_taken":0,"max_hp_gain":0,"max_hp_loss":0,"event_name":"Colosseum","floor":24,"gold_loss":0}],"is_beta":false,"boss_relics":[{"not_picked":["Philosopher\u0027s Stone","Empty Cage"],"picked":"Calling Bell"}],"items_purged_floors":[4,20,22],"is_endless":false,"potions_floor_spawned":[1,3,5,6,8,10,11,12,13,14,16,18,19,21,24],"killed_by":"Colosseum Nobs","ascension_level":0}