{"gold_per_floor":[116,116,133,83,98,126,142,142,198,210,210,230,230,245,245,349,349,349,349,29,29,29,29,29,29,29,29,29,29,29,29,29,29,29,29,29,29,29,29,29,29,29,29,29,29,29,29,29,29,29,29,29,29,29,29],"floor_reached":55,"playtime":2843,"items_purged":["Strike_B"],"score":917,"play_id":"86aa2de9-c4ea-4f0a-b40f-bf401b132953","local_time":"20190103032836","is_ascension_mode":true,"campfire_choices":[{"data":"Defragment","floor":8,"key":"SMITH"},{"data":"Zap","floor":11,"key":"SMITH"},{"data":"Go for the Eyes","floor":13,"key":"SMITH"},{"floor":15,"key":"REST"},{"data":"Buffer","floor":24,"key":"SMITH"},{"data":"Blizzard","floor":27,"key":"SMITH"},{"floor":32,"key":"REST"},{"floor":40,"key":"RECALL"},{"floor":45,"key":"REST"},{"data":"Forethought","floor":49,"key":"SMITH"},{"floor":52,"key":"REST"}],"neow_cost":"NONE","seed_source_timestamp":556519119990917,"circlet_count":0,"master_deck":["Strike_B+1","Defend_B+1","Defend_B+1","Defend_B+1","Defend_B+1","Zap+1","Dualcast+1","Defragment+1","Ball Lightning+1","Go for the Eyes+1","Blizzard+1","Coolheaded+1","Hologram+1","Cold Snap+1","Glacier+1","Buffer+1","Rebound+1","Coolheaded+1","Rebound+1","Cold Snap+1","Decay","Stack+1","Defragment+1","Seek+1","Coolheaded+1","Skim+1","Coolheaded+1","Sweeping Beam+1","Hologram+1","Coolheaded+1","Chill+1","Leap+1","Stack+1","Forethought+1","Auto Shields+1"],"relics":["Cracked Core","NeowsBlessing","Bronze Scales","Tiny Chest","Ectoplasm","Cables","Potion Belt","Darkstone Periapt","Bag of Marbles","Prayer Wheel","Blood Vial","Sozu","Happy Flower","Mark of the Bloom","Symbiotic Virus"],"potions_floor_usage":[16,21,23,23,48,55],"damage_taken":[{"damage":0,"enemies":"Small Slimes","floor":1,"turns":1},{"damage":0,"enemies":"Cultist","floor":3,"turns":1},{"damage":0,"enemies":"Jaw Worm","floor":5,"turns":1},{"damage":35,"enemies":"3 Sentries","floor":6,"turns":5},{"damage":6,"enemies":"3 Louse","floor":7,"turns":3},{"damage":8,"enemies":"Blue Slaver","floor":10,"turns":3},{"damage":17,"enemies":"Exordium Thugs","floor":12,"turns":4},{"damage":6,"enemies":"3 Louse","floor":14,"turns":4},{"damage":0,"enemies":"Slime Boss","floor":16,"turns":8},{"damage":0,"enemies":"Chosen","floor":18,"turns":4},{"damage":0,"enemies":"Spheric Guardian","floor":19,"turns":3},{"damage":15,"enemies":"Colosseum Slavers","floor":21,"turns":5},{"damage":0,"enemies":"Snecko","floor":22,"turns":4},{"damage":3,"enemies":"Book of Stabbing","floor":23,"turns":6},{"damage":28,"enemies":"Slavers","floor":25,"turns":5},{"damage":15,"enemies":"Gremlin Leader","floor":30,"turns":6},{"damage":0,"enemies":"Centurion and Healer","floor":31,"turns":5},{"damage":16,"enemies":"Automaton","floor":33,"turns":11},{"damage":5,"enemies":"3 Darklings","floor":35,"turns":5},{"damage":0,"enemies":"Orb Walker","floor":36,"turns":4},{"damage":0,"enemies":"Spire Growth","floor":39,"turns":4},{"damage":0,"enemies":"3 Darklings","floor":41,"turns":5},{"damage":0,"enemies":"Sphere and 2 Shapes","floor":42,"turns":4},{"damage":0,"enemies":"Transient","floor":44,"turns":5},{"damage":0,"enemies":"3 Darklings","floor":47,"turns":2},{"damage":15,"enemies":"Writhing Mass","floor":48,"turns":6},{"damage":4,"enemies":"Awakened One","floor":50,"turns":17},{"damage":22,"enemies":"Shield and Spear","floor":54,"turns":10},{"damage":40,"enemies":"The Heart","floor":55,"turns":5}],"seed_played":"-3527204393305950082","potions_obtained":[{"floor":1,"key":"Swift Potion"},{"floor":3,"key":"SkillPotion"},{"floor":7,"key":"SteroidPotion"},{"floor":19,"key":"Weak Potion"},{"floor":30,"key":"SpeedPotion"},{"floor":33,"key":"Fire Potion"}],"is_trial":false,"path_per_floor":["M","?","M","?","M","E","M","R","T","M","R","M","R","M","R","B",null,"M","M","$","?","M","E","R","E","T","R","?","T","E","M","R","B",null,"M","M","T","?","M","R","M","M","T","M","R","?","M","M","R","B",null,"R","$","E","B"],"character_chosen":"DEFECT","items_purchased":["Cables"],"campfire_rested":4,"item_purchase_floors":[20],"current_hp_per_floor":[75,75,75,75,75,40,34,34,34,26,26,9,9,3,25,25,75,75,75,75,60,60,57,57,29,29,29,35,35,20,22,46,32,81,76,78,78,78,78,78,78,78,78,78,78,78,78,63,63,59,59,59,59,37,0],"gold":29,"neow_bonus":"THREE_ENEMY_KILL","is_prod":false,"is_daily":false,"chose_seed":false,"campfire_upgraded":6,"win_rate":0,"timestamp":1546507716,"path_taken":["M","?","?","?","M","E","M","R","T","M","R","M","R","M","R","BOSS","M","M","$","?","M","E","R","E","T","R","?","?","E","M","R","BOSS","M","M","?","?","M","R","M","M","T","M","R","?","M","M","R","BOSS","R","$","E","BOSS"],"build_version":"2018-12-20","purchased_purges":1,"victory":false,"max_hp_per_floor":[75,75,75,75,75,75,75,75,75,75,75,75,75,75,75,75,75,75,75,75,75,75,75,75,75,75,75,81,81,81,81,81,81,81,81,81,81,81,81,81,81,81,81,81,81,81,81,81,81,81,81,81,81,81,81],"card_choices":[{"not_picked":["Undo","Hello World"],"picked":"Defragment","floor":1},{"not_picked":["Force Field","Darkness"],"picked":"Ball Lightning","floor":3},{"not_picked":["Lockon","Redo"],"picked":"Go for the Eyes","floor":5},{"not_picked":["Stack","Compile Driver"],"picked":"Blizzard","floor":6},{"not_picked":["Beam Cell","Darkness"],"picked":"Coolheaded","floor":7},{"not_picked":["Tempest","Core Surge"],"picked":"Hologram","floor":10},{"not_picked":["Sweeping Beam","Barrage"],"picked":"Cold Snap","floor":12},{"not_picked":["Coolheaded","Gash"],"picked":"Glacier","floor":14},{"not_picked":["Reboot","Thunder Strike"],"picked":"Buffer","floor":16},{"not_picked":["Gash","Streamline+1"],"picked":"Rebound","floor":18},{"not_picked":["Steam Power","Beam Cell"],"picked":"Coolheaded","floor":19},{"not_picked":["Steam","Conserve Battery"],"picked":"Rebound+1","floor":22},{"not_picked":["Hello World+1","Doom and Gloom","Recycle"],"picked":"SKIP","floor":23},{"not_picked":["Hyperbeam","Sweeping Beam"],"picked":"Cold Snap+1","floor":25},{"not_picked":["Rebound","Static Discharge"],"picked":"Stack+1","floor":30},{"not_picked":["Doom and Gloom","Turbo"],"picked":"Defragment","floor":31},{"not_picked":["Sweeping Beam","Rebound","Melter"],"picked":"SKIP","floor":31},{"not_picked":["Creative AI","Meteor Strike"],"picked":"Seek","floor":33},{"not_picked":["Redo+1","Conserve Battery"],"picked":"Coolheaded+1","floor":35},{"not_picked":["White Noise+1","Steam"],"picked":"Skim+1","floor":35},{"not_picked":["Ball Lightning","Compile Driver"],"picked":"Coolheaded+1","floor":36},{"not_picked":["Turbo+1","Ball Lightning+1"],"picked":"Sweeping Beam+1","floor":36},{"not_picked":["White Noise","Blizzard"],"picked":"Hologram+1","floor":39},{"not_picked":["Turbo+1","Auto Shields"],"picked":"Coolheaded+1","floor":39},{"not_picked":["Go for the Eyes+1","Coolheaded"],"picked":"Chill+1","floor":41},{"not_picked":["Steam","Consume","Turbo"],"picked":"SKIP","floor":41},{"not_picked":["Barrage","Coolheaded"],"picked":"Leap+1","floor":42},{"not_picked":["White Noise+1","Storm+1","Hyperbeam"],"picked":"SKIP","floor":42},{"not_picked":["Gash","Skim"],"picked":"Stack+1","floor":44},{"not_picked":["Cold Snap","Redo+1","Loop"],"picked":"SKIP","floor":44},{"not_picked":["Metamorphosis","PanicButton"],"picked":"Forethought","floor":46},{"not_picked":["Coolheaded","Sweeping Beam","Gash"],"picked":"SKIP","floor":47},{"not_picked":["Streamline+1","FTL+1","Stack"],"picked":"SKIP","floor":47},{"not_picked":["Gash","Barrage+1","Beam Cell"],"picked":"SKIP","floor":48},{"not_picked":["Thunder Strike","Coolheaded","Hologram"],"picked":"SKIP","floor":48},{"not_picked":["Chill","Go for the Eyes"],"picked":"Auto Shields+1","floor":54}],"player_experience":99853,"relics_obtained":[{"floor":6,"key":"Bronze Scales"},{"floor":9,"key":"Tiny Chest"},{"floor":23,"key":"Potion Belt"},{"floor":25,"key":"Darkstone Periapt"},{"floor":26,"key":"Bag of Marbles"},{"floor":29,"key":"Prayer Wheel"},{"floor":30,"key":"Blood Vial"},{"floor":37,"key":"Happy Flower"},{"floor":54,"key":"Symbiotic Virus"}],"event_choices":[{"cards_removed":["Strike_B"],"damage_healed":0,"gold_gain":0,"player_choice":"Purged","damage_taken":0,"max_hp_gain":0,"max_hp_loss":0,"event_name":"Purifier","floor":2,"gold_loss":0},{"cards_removed":["Strike_B"],"damage_healed":0,"gold_gain":0,"player_choice":"Card Removal","damage_taken":0,"max_hp_gain":0,"max_hp_loss":0,"event_name":"The Cleric","floor":4,"gold_loss":50},{"damage_healed":0,"gold_gain":0,"player_choice":"Fight","damage_taken":0,"max_hp_gain":0,"max_hp_loss":0,"event_name":"Colosseum","floor":21,"gold_loss":0},{"damage_healed":0,"gold_gain":0,"player_choice":"Fled From Nobs","damage_taken":0,"max_hp_gain":0,"max_hp_loss":0,"event_name":"Colosseum","floor":21,"gold_loss":0},{"damage_healed":0,"gold_gain":0,"player_choice":"Smashed Altar","damage_taken":0,"max_hp_gain":0,"max_hp_loss":0,"event_name":"Forgotten Altar","floor":28,"gold_loss":0,"cards_obtained":["Decay"]},{"damage_healed":0,"gold_gain":0,"player_choice":"Upgrade","damage_taken":0,"relics_obtained":["Mark of the Bloom"],"max_hp_gain":0,"max_hp_loss":0,"event_name":"MindBloom","floor":38,"gold_loss":0,"cards_upgraded":["Strike_B","Defend_B","Defend_B","Defend_B","Defend_B","Dualcast","Ball Lightning","Coolheaded","Hologram","Cold Snap","Glacier","Rebound","Coolheaded","Defragment","Seek"]},{"damage_healed":0,"gold_gain":0,"player_choice":"Memory 1","damage_taken":0,"max_hp_gain":0,"max_hp_loss":0,"event_name":"SensoryStone","floor":46,"gold_loss":0}],"is_beta":false,"boss_relics":[{"not_picked":["Lizard Tail","Coffee Dripper"],"picked":"Ectoplasm"},{"not_picked":["Snecko Eye","Cursed Key"],"picked":"Sozu"}],"items_purged_floors":[20],"is_endless":false,"potions_floor_spawned":[1,3,7,10,19,21,30,33,35,39,42,44,48,54],"killed_by":"The Heart","ascension_level":2}