{"gold_per_floor":[362,374,374,399,66,66,107,107,107,123,123,23,23,44,44,44],"floor_reached":16,"playtime":785,"items_purged":["Strike_R","Strike_R"],"score":100,"play_id":"ee8558fd-42c2-4ff1-a246-7a7e87bde5ef","local_time":"20190906193134","is_ascension_mode":false,"campfire_choices":[{"data":"Sword Boomerang","floor":6,"key":"SMITH"},{"data":"Feed","floor":11,"key":"SMITH"},{"data":"Sword Boomerang","floor":13,"key":"SMITH"},{"data":"Flex","floor":15,"key":"SMITH"}],"neow_cost":"PERCENT_DAMAGE","seed_source_timestamp":1823154306666300,"circlet_count":0,"master_deck":["Strike_R","Strike_R","Strike_R","Defend_R","Defend_R","Defend_R","Defend_R","Bash","Heavy Blade","Sword Boomerang+1","Sword Boomerang+1","Flex+1","Feed+1","Whirlwind"],"relics":["Burning Blood","Golden Idol","Kunai","Question Card","Meat on the Bone"],"potions_floor_usage":[7,7],"damage_taken":[{"damage":10,"enemies":"Jaw Worm","floor":1,"turns":4},{"damage":2,"enemies":"2 Louse","floor":2,"turns":3},{"damage":8,"enemies":"Small Slimes","floor":4,"turns":3},{"damage":32,"enemies":"Lagavulin","floor":7,"turns":7},{"damage":12,"enemies":"Blue Slaver","floor":10,"turns":3},{"damage":11,"enemies":"Lots of Slimes","floor":14,"turns":3},{"damage":51,"enemies":"Hexaghost","floor":16,"turns":8}],"seed_played":"9112211822509489325","potions_obtained":[{"floor":1,"key":"Block Potion"},{"floor":2,"key":"Weak Potion"}],"is_trial":false,"path_per_floor":["M","M","?","M","$","R","E","?","T","M","R","$","R","M","R","B"],"character_chosen":"IRONCLAD","items_purchased":["Kunai"],"campfire_rested":0,"item_purchase_floors":[5],"current_hp_per_floor":[52,56,36,34,34,34,8,34,34,40,40,40,40,51,51,0],"gold":44,"neow_bonus":"TWO_FIFTY_GOLD","is_prod":false,"is_daily":false,"chose_seed":false,"campfire_upgraded":4,"win_rate":0,"timestamp":1567823494,"path_taken":["M","M","?","M","$","R","E","?","T","M","R","$","R","M","R","BOSS"],"build_version":"2019-07-17","purchased_purges":2,"victory":false,"max_hp_per_floor":[80,80,80,80,80,80,80,80,80,80,80,80,80,84,84,84],"card_choices":[{"not_picked":["Pummel","Anger"],"picked":"Heavy Blade","floor":1},{"not_picked":["Twin Strike","Power Through"],"picked":"Sword Boomerang","floor":2},{"not_picked":["Iron Wave","Entrench"],"picked":"Sword Boomerang","floor":4},{"not_picked":["Hemokinesis","Rage"],"picked":"Flex","floor":7},{"not_picked":["Dual Wield","Bloodletting","Havoc"],"picked":"Feed","floor":10},{"not_picked":["Iron Wave","Reckless Charge","Wild Strike"],"picked":"Whirlwind","floor":14}],"player_experience":135426,"relics_obtained":[{"floor":7,"key":"Question Card"},{"floor":9,"key":"Meat on the Bone"}],"event_choices":[{"damage_healed":0,"gold_gain":0,"player_choice":"Take Damage","damage_taken":20,"relics_obtained":["Golden Idol"],"max_hp_gain":0,"max_hp_loss":0,"event_name":"Golden Idol","floor":3,"gold_loss":0},{"damage_healed":26,"gold_gain":0,"player_choice":"Banana","damage_taken":0,"max_hp_gain":0,"max_hp_loss":0,"event_name":"Big Fish","floor":8,"gold_loss":0}],"is_beta":false,"boss_relics":[],"items_purged_floors":[5,12],"is_endless":false,"potions_floor_spawned":[1,2],"killed_by":"Hexaghost","ascension_level":0}