{"gold_per_floor":[114,114,128,53,63,88,88,104,131,164,164,164,189,207,207,282,282,294,294,314,59,71,103,103,18,43,43,74,48,9,26,26,103,103,114,33,49,49,63,63,88,106,106,106],"floor_reached":44,"playtime":1919,"items_purged":["Regret"],"score":972,"play_id":"7d7d6e46-781f-4a02-834f-a7ce960b25df","local_time":"20190903122004","is_ascension_mode":true,"campfire_choices":[{"data":"Juggernaut","floor":7,"key":"SMITH"},{"data":"Clothesline","floor":11,"key":"SMITH"},{"data":"Iron Wave","floor":15,"key":"SMITH"},{"floor":24,"key":"REST"},{"floor":27,"key":"REST"},{"floor":32,"key":"REST"}],"neow_cost":"NONE","seed_source_timestamp":195759483561000,"circlet_count":0,"master_deck":["AscendersBane","Strike_R","Strike_R","Strike_R","Defend_R","Defend_R","Defend_R","Defend_R","Bash","Clothesline+1","Juggernaut+1","Iron Wave+1","Rage","Anger","Shrug It Off","Dual Wield","Offering+1","Headbutt+1","Inflame","Bloodletting+1","Metallicize","Shrug It Off","Deflect","Undo","Acrobatics","Immolate","True Grit","Disarm","Well Laid Plans","Sweeping Beam","Evolve","Iron Wave"],"relics":["Burning Blood","Dream Catcher","Strawberry","Blood Vial","Orichalcum","Bag of Preparation","Fusion Hammer","PrismaticShard","Ancient Tea Set","Oddly Smooth Stone","Regal Pillow","War Paint","Mark of Pain","Bronze Scales"],"potions_floor_usage":[6,10],"damage_taken":[{"damage":16,"enemies":"Jaw Worm","floor":1,"turns":5},{"damage":10,"enemies":"Small Slimes","floor":3,"turns":4},{"damage":0,"enemies":"Cultist","floor":5,"turns":4},{"damage":56,"enemies":"3 Sentries","floor":6,"turns":9},{"damage":5,"enemies":"2 Fungi Beasts","floor":8,"turns":4},{"damage":15,"enemies":"Lagavulin","floor":10,"turns":7},{"damage":17,"enemies":"3 Louse","floor":14,"turns":4},{"damage":17,"enemies":"Hexaghost","floor":16,"turns":9},{"damage":26,"enemies":"2 Thieves","floor":18,"turns":4},{"damage":9,"enemies":"3 Byrds","floor":20,"turns":4},{"damage":13,"enemies":"Centurion and Healer","floor":22,"turns":6},{"damage":21,"enemies":"Gremlin Leader","floor":23,"turns":6},{"damage":10,"enemies":"Book of Stabbing","floor":28,"turns":4},{"damage":20,"enemies":"3 Cultists","floor":31,"turns":4},{"damage":78,"enemies":"Automaton","floor":33,"turns":10},{"damage":2,"enemies":"3 Shapes","floor":35,"turns":8},{"damage":30,"enemies":"Orb Walker","floor":37,"turns":6},{"damage":42,"enemies":"Jaw Worm Horde","floor":39,"turns":4},{"damage":25,"enemies":"Nemesis","floor":41,"turns":9},{"damage":25,"enemies":"Sphere and 2 Shapes","floor":42,"turns":6},{"damage":33,"enemies":"Reptomancer","floor":44,"turns":2}],"seed_played":"5708534492662989313","potions_obtained":[{"floor":0,"key":"Explosive Potion"},{"floor":0,"key":"Regen Potion"},{"floor":6,"key":"Ancient Potion"},{"floor":10,"key":"Fire Potion"}],"is_trial":false,"path_per_floor":["M","?","M","$","M","E","R","M","T","E","R","?","T","M","R","B",null,"M","?","M","$","M","E","R","?","T","R","E","$","$","M","R","B",null,"M","$","M","$","M","?","E","M","T","E"],"character_chosen":"IRONCLAD","items_purchased":["PrismaticShard","Shrug It Off","True Grit","Disarm","Evolve"],"campfire_rested":3,"item_purchase_floors":[21,21,29,30,36],"current_hp_per_floor":[58,58,54,54,60,32,32,33,33,26,26,26,26,17,17,8,64,46,46,45,45,40,27,51,51,51,82,78,78,78,66,82,10,64,70,70,48,48,14,67,48,31,31,0],"gold":106,"neow_bonus":"THREE_SMALL_POTIONS","is_prod":false,"is_daily":false,"chose_seed":false,"campfire_upgraded":3,"win_rate":0,"timestamp":1567538404,"path_taken":["M","?","M","$","M","E","R","M","T","E","R","?","?","M","R","BOSS","M","?","M","$","M","E","R","?","T","R","E","?","$","M","R","BOSS","M","$","M","$","?","?","E","M","T","E"],"build_version":"2019-07-17","purchased_purges":1,"victory":false,"max_hp_per_floor":[75,75,75,75,75,82,82,82,82,82,82,82,82,82,82,82,82,82,82,82,82,82,82,82,82,82,82,82,82,82,82,82,82,82,82,82,82,82,82,67,67,67,67,67],"card_choices":[{"not_picked":["Clash","Dropkick"],"picked":"Clothesline","floor":1},{"not_picked":["Thunderclap","Searing Blow"],"picked":"Juggernaut","floor":3},{"not_picked":["Armaments","Shrug It Off"],"picked":"Iron Wave","floor":5},{"not_picked":["Blood for Blood","Pommel Strike"],"picked":"Rage","floor":6},{"not_picked":["Clothesline","Wild Strike"],"picked":"Anger","floor":8},{"not_picked":["Wild Strike","Uppercut"],"picked":"Shrug It Off","floor":10},{"not_picked":["Sword Boomerang","Armaments"],"picked":"Dual Wield","floor":14},{"not_picked":["Brutality","Impervious"],"picked":"Offering","floor":16},{"not_picked":["Armaments","Perfected Strike"],"picked":"Headbutt+1","floor":18},{"not_picked":["Warcry","Rupture"],"picked":"Metallicize","floor":20},{"not_picked":["Slice","Turbo"],"picked":"Deflect","floor":22},{"not_picked":["Hologram","Darkness"],"picked":"Undo","floor":23},{"not_picked":["Accuracy","Scrape"],"picked":"Acrobatics","floor":27},{"not_picked":["Panacea","Outmaneuver"],"picked":"Immolate","floor":28},{"not_picked":["Power Through","Leap"],"picked":"Well Laid Plans","floor":31},{"not_picked":["Ghostly Armor","Reckless Charge"],"picked":"Sweeping Beam","floor":32},{"not_picked":["Bandage Up","Hemokinesis","Redo"],"picked":"SKIP","floor":35},{"not_picked":["White Noise","Streamline"],"picked":"Iron Wave","floor":37},{"not_picked":["Bane","Spot Weakness","Underhanded Strike"],"picked":"SKIP","floor":39},{"not_picked":["Dagger Spray","Perfected Strike","Redo"],"picked":"SKIP","floor":41},{"not_picked":["Flying Knee","Dual Wield","Anger"],"picked":"SKIP","floor":42}],"player_experience":843410,"relics_obtained":[{"floor":6,"key":"Strawberry"},{"floor":9,"key":"Blood Vial"},{"floor":10,"key":"Orichalcum"},{"floor":13,"key":"Bag of Preparation"},{"floor":23,"key":"Ancient Tea Set"},{"floor":26,"key":"Regal Pillow"},{"floor":28,"key":"War Paint"},{"floor":41,"key":"Bronze Scales"}],"event_choices":[{"damage_healed":0,"gold_gain":0,"player_choice":"Box","damage_taken":0,"relics_obtained":["Dream Catcher"],"max_hp_gain":0,"max_hp_loss":0,"event_name":"Big Fish","floor":2,"gold_loss":0,"cards_obtained":["Regret"]},{"damage_healed":0,"gold_gain":0,"player_choice":"Ignored","damage_taken":0,"max_hp_gain":0,"max_hp_loss":0,"event_name":"Liars Game","floor":12,"gold_loss":0},{"damage_healed":0,"gold_gain":0,"cards_transformed":["Strike_R","Strike_R"],"player_choice":"Became Test Subject","damage_taken":0,"max_hp_gain":0,"max_hp_loss":0,"event_name":"Drug Dealer","floor":19,"gold_loss":0,"cards_obtained":["Inflame","Bloodletting"]},{"damage_healed":0,"gold_gain":0,"player_choice":"Obtained Relic","damage_taken":0,"relics_obtained":["Oddly Smooth Stone"],"max_hp_gain":0,"max_hp_loss":0,"event_name":"Addict","floor":25,"gold_loss":85},{"damage_healed":67,"gold_gain":0,"player_choice":"Heal","damage_taken":0,"max_hp_gain":0,"max_hp_loss":15,"event_name":"The Moai Head","floor":40,"gold_loss":0}],"is_beta":false,"boss_relics":[{"not_picked":["Runic Pyramid","Eternal Feather"],"picked":"Fusion Hammer"},{"not_picked":["Black Star","Velvet Choker"],"picked":"Mark of Pain"}],"items_purged_floors":[4],"is_endless":false,"potions_floor_spawned":[6,10,14,16,20,28,39],"killed_by":"Reptomancer","ascension_level":20}