{"gold_per_floor":[119,119,169,189,21,21,50,50,50,85,10,28,103,113,113,188,188,201,215,195,205,238,238,266,266,318,318,318,27,27,27,27,27],"floor_reached":33,"playtime":1134,"items_purged":[],"score":542,"play_id":"8e16180c-d8a7-4f03-8cda-e5aa67c3fcf8","local_time":"20190902021400","is_ascension_mode":true,"campfire_choices":[{"data":"Juggernaut","floor":6.0,"key":"SMITH"},{"floor":8.0,"key":"REST"},{"data":"Armaments","floor":15.0,"key":"SMITH"},{"data":"Battle Trance","floor":23,"key":"SMITH"},{"data":"Spot Weakness","floor":25,"key":"SMITH"},{"floor":32,"key":"REST"}],"neow_cost":"CURSE","seed_source_timestamp":73696480009600,"circlet_count":0,"master_deck":["AscendersBane","Strike_R","Strike_R","Strike_R","Strike_R","Defend_R","Defend_R","Defend_R","Defend_R","Bash","Juggernaut+1","True Grit","Twin Strike","Rampage+1","Iron Wave+1","Armaments+1","Rage","Impervious","Iron Wave","Battle Trance+1","Combust+1","Metallicize","Spot Weakness+1","Anger","Secret Technique","Clothesline","Shrug It Off"],"special_seed":0,"relics":["Burning Blood","PreservedInsect","Meat on the Bone","Bird Faced Urn","Question Card","Philosopher\u0027s Stone","Red Mask","Blue Candle","Whetstone"],"potions_floor_usage":[16,19,24,27],"damage_taken":[{"damage":23.0,"enemies":"Small Slimes","floor":1.0,"turns":5.0},{"damage":10.0,"enemies":"2 Louse","floor":4.0,"turns":4.0},{"damage":28.0,"enemies":"3 Sentries","floor":7.0,"turns":6.0},{"damage":18.0,"enemies":"Lagavulin","floor":10.0,"turns":6.0},{"damage":1.0,"enemies":"Cultist","floor":12.0,"turns":3.0},{"damage":2.0,"enemies":"Looter","floor":14.0,"turns":5.0},{"damage":43,"enemies":"Slime Boss","floor":16,"turns":10},{"damage":0,"enemies":"Spheric Guardian","floor":18,"turns":4},{"damage":19,"enemies":"2 Thieves","floor":19,"turns":5},{"damage":10,"enemies":"Centurion and Healer","floor":21,"turns":7},{"damage":49,"enemies":"Masked Bandits","floor":22,"turns":5},{"damage":28,"enemies":"Book of Stabbing","floor":24,"turns":4},{"damage":18,"enemies":"Chosen and Byrds","floor":27,"turns":5},{"damage":74,"enemies":"Champ","floor":33,"turns":11}],"seed_played":"-2860805761840142797","potions_obtained":[{"floor":1.0,"key":"LiquidBronze"},{"floor":7.0,"key":"Strength Potion"},{"floor":14.0,"key":"Ancient Potion"},{"floor":18,"key":"Poison Potion"},{"floor":19,"key":"Strength Potion"},{"floor":20,"key":"SmokeBomb"}],"is_trial":false,"path_per_floor":["M","?","?","M","$","R","E","R","T","E","?","M","?","M","R","B",null,"M","M","?","M","?","R","E","R","T","M","?","$","?","?","R","B"],"character_chosen":"IRONCLAD","items_purchased":["PreservedInsect","Secret Technique","Clothesline","Shrug It Off"],"campfire_rested":2,"item_purchase_floors":[5,29,29,29],"current_hp_per_floor":[51,44,37,33,33,33,11,33,33,35,35,54,43,47,47,24,62,70,59,59,57,30,30,26,26,26,32,32,32,32,11,35,0],"gold":27,"neow_bonus":"THREE_RARE_CARDS","is_prod":false,"is_daily":false,"chose_seed":false,"campfire_upgraded":4,"win_rate":0,"timestamp":1567415640,"path_taken":["M","?","?","?","$","R","E","R","T","E","?","M","?","M","R","BOSS","M","M","?","?","?","R","E","R","T","M","?","?","?","?","R","BOSS"],"build_version":"2019-07-17","purchased_purges":0,"victory":false,"max_hp_per_floor":[75,75,75,75,75,75,75,75,75,75,75,75,75,75,75,75,75,75,75,75,75,75,75,75,75,75,75,75,75,75,80,80,80],"card_choices":[{"not_picked":["Demon Form","Berserk"],"picked":"Juggernaut","floor":0.0},{"not_picked":["Clothesline","Havoc"],"picked":"True Grit","floor":1.0},{"not_picked":["Dropkick","Power Through"],"picked":"Twin Strike","floor":4.0},{"not_picked":["Barricade","Dropkick"],"picked":"Rampage","floor":7.0},{"not_picked":["Cleave","True Grit"],"picked":"Iron Wave","floor":10.0},{"not_picked":["Blood for Blood","Power Through","Pommel Strike"],"picked":"Armaments","floor":12.0},{"not_picked":["Cleave","Metallicize","Clothesline"],"picked":"Rage","floor":14.0},{"not_picked":["Brutality","Bludgeon","Double Tap"],"picked":"Impervious","floor":16},{"not_picked":["Rage","Anger","Evolve"],"picked":"Iron Wave","floor":18},{"not_picked":["Flame Barrier","Pummel","Havoc"],"picked":"Battle Trance","floor":19},{"not_picked":["Brutality","Fire Breathing","Pommel Strike"],"picked":"Combust+1","floor":21},{"not_picked":["Cleave+1","Body Slam","Rage"],"picked":"Metallicize","floor":22},{"not_picked":["Sword Boomerang","Cleave","Feed"],"picked":"Spot Weakness","floor":24}],"player_experience":836069,"relics_obtained":[{"floor":7.0,"key":"Meat on the Bone"},{"floor":9.0,"key":"Bird Faced Urn"},{"floor":10.0,"key":"Question Card"},{"floor":22,"key":"Red Mask"},{"floor":24,"key":"Blue Candle"},{"floor":26,"key":"Whetstone"}],"event_choices":[{"cards_removed":["Strike_R"],"damage_healed":0.0,"max_hp_gain":0.0,"max_hp_loss":0.0,"gold_gain":0.0,"event_name":"Golden Wing","player_choice":"Card Removal","floor":2.0,"gold_loss":0.0,"damage_taken":7.0},{"damage_healed":0.0,"max_hp_gain":0.0,"max_hp_loss":0.0,"gold_gain":50.0,"event_name":"FaceTrader","player_choice":"Touch","floor":3.0,"gold_loss":0.0,"damage_taken":7.0},{"cards_removed":["Injury"],"damage_healed":0.0,"max_hp_gain":0.0,"max_hp_loss":0.0,"gold_gain":0.0,"event_name":"The Cleric","player_choice":"Card Removal","floor":11.0,"gold_loss":75.0,"damage_taken":0.0},{"damage_healed":0.0,"max_hp_gain":0.0,"max_hp_loss":0.0,"gold_gain":75.0,"event_name":"World of Goop","player_choice":"Gather Gold","floor":13.0,"gold_loss":0.0,"damage_taken":11.0},{"damage_healed":0,"gold_gain":0,"player_choice":"Bought 1 Potion","damage_taken":0,"max_hp_gain":0,"max_hp_loss":0,"event_name":"The Woman in Blue","floor":20,"gold_loss":0},{"damage_healed":0,"gold_gain":0,"player_choice":"Fought Bandits","damage_taken":0,"max_hp_gain":0,"max_hp_loss":0,"event_name":"Masked Bandits","floor":22,"gold_loss":0},{"damage_healed":0,"gold_gain":0,"player_choice":"Read","damage_taken":0,"max_hp_gain":0,"max_hp_loss":0,"event_name":"The Library","floor":28,"gold_loss":0,"cards_obtained":["Anger"]},{"damage_healed":0,"gold_gain":0,"player_choice":"Ignored","damage_taken":0,"max_hp_gain":0,"max_hp_loss":0,"event_name":"The Mausoleum","floor":30,"gold_loss":0},{"damage_healed":0,"gold_gain":0,"player_choice":"Shed Blood","damage_taken":26,"max_hp_gain":5,"max_hp_loss":0,"event_name":"Forgotten Altar","floor":31,"gold_loss":0}],"is_beta":false,"boss_relics":[{"not_picked":["Orrery","Ectoplasm"],"picked":"Philosopher\u0027s Stone"}],"items_purged_floors":[],"is_endless":false,"potions_floor_spawned":[1,7,14,18,19,27],"killed_by":"Champ","ascension_level":20}