{"gold_per_floor":[114,114,71,87,106,106,132,132,184,109,125,125,158,158,158,234,234,249,249,265,7,7,7,23,57,57,57,76,1,1,1,1,1],"floor_reached":33,"playtime":885,"items_purged":["Strike_R"],"score":488,"play_id":"b910c83d-85a6-470d-8d7e-5bb9e0cea43f","local_time":"20181223025316","is_ascension_mode":true,"campfire_choices":[{"data":"Uppercut","floor":6.0,"key":"SMITH"},{"data":"Bash","floor":8.0,"key":"SMITH"},{"data":"Body Slam","floor":12.0,"key":"SMITH"},{"data":"Shrug It Off","floor":15.0,"key":"SMITH"},{"data":"Barricade","floor":23.0,"key":"SMITH"},{"floor":27,"key":"REST"},{"data":"True Grit","floor":30,"key":"SMITH"},{"floor":32,"key":"REST"}],"neow_cost":"TEN_PERCENT_HP_LOSS","seed_source_timestamp":127709480986800,"circlet_count":0,"master_deck":["AscendersBane","Strike_R","Strike_R","Strike_R","Defend_R","Defend_R","Defend_R","Defend_R","Bash+1","Body Slam+1","Uppercut+1","Shrug It Off+1","Headbutt","Iron Wave","Body Slam+1","Barricade+1","Feel No Pain","True Grit+1","Iron Wave"],"special_seed":0,"relics":["Burning Blood","Mango","Ancient Tea Set","Pen Nib","Boot","Meat on the Bone","Runic Pyramid","Regal Pillow","Ornamental Fan","Paper Frog"],"potions_floor_usage":[25,25,33],"damage_taken":[{"damage":5.0,"enemies":"Small Slimes","floor":1.0,"turns":3.0},{"damage":1.0,"enemies":"2 Louse","floor":4.0,"turns":3.0},{"damage":0.0,"enemies":"Cultist","floor":5.0,"turns":3.0},{"damage":17.0,"enemies":"Gremlin Nob","floor":7.0,"turns":4.0},{"damage":0.0,"enemies":"3 Louse","floor":11.0,"turns":3.0},{"damage":7.0,"enemies":"Lagavulin","floor":13.0,"turns":4.0},{"damage":29.0,"enemies":"Hexaghost","floor":16.0,"turns":9.0},{"damage":0.0,"enemies":"Spheric Guardian","floor":18.0,"turns":3.0},{"damage":0.0,"enemies":"Chosen","floor":20.0,"turns":6.0},{"damage":0,"enemies":"Sentry and Sphere","floor":24,"turns":6},{"damage":65,"enemies":"Book of Stabbing","floor":25,"turns":6},{"damage":6,"enemies":"Snake Plant","floor":28,"turns":5},{"damage":50,"enemies":"Collector","floor":33,"turns":6}],"seed_played":"-2216399352255840454","potions_obtained":[{"floor":4.0,"key":"EntropicBrew"},{"floor":7.0,"key":"Poison Potion"},{"floor":28,"key":"Poison Potion"}],"is_trial":false,"path_per_floor":["M","?","$","M","M","R","E","R","T","?","M","R","E","?","R","B",null,"M","?","M","$","?","R","M","E","T","R","M","$","R","?","R","B"],"character_chosen":"IRONCLAD","items_purchased":["Uppercut","Feel No Pain","True Grit","Regal Pillow"],"campfire_rested":2,"item_purchase_floors":[3,21,21,21],"current_hp_per_floor":[82,82,82,82,82,82,71,71,71,71,77,77,76,50,50,39,71,77,77,82,82,82,82,82,35,35,74,74,74,74,50,87,37],"gold":1,"neow_bonus":"ONE_RARE_RELIC","is_prod":false,"is_daily":false,"chose_seed":false,"campfire_upgraded":6,"win_rate":0,"timestamp":1545562396,"path_taken":["M","?","$","M","M","R","E","R","T","?","M","R","E","?","R","BOSS","M","?","M","$","?","R","M","E","T","R","M","$","R","?","R","BOSS"],"build_version":"2018-12-20","purchased_purges":1,"victory":false,"max_hp_per_floor":[82,82,82,82,82,82,82,82,82,82,82,82,82,82,82,82,82,82,82,82,82,82,82,82,82,82,82,82,82,82,87,87,87],"card_choices":[{"not_picked":["Twin Strike","Iron Wave"],"picked":"Body Slam","floor":1.0},{"not_picked":["Ghostly Armor","Heavy Blade"],"picked":"Shrug It Off","floor":4.0},{"not_picked":["Anger","Sword Boomerang"],"picked":"Headbutt","floor":5.0},{"not_picked":["Wild Strike","Uppercut"],"picked":"Iron Wave","floor":7.0},{"not_picked":["Flex","Thunderclap"],"picked":"Body Slam","floor":11.0},{"not_picked":["Shockwave","Metallicize","Flex"],"picked":"SKIP","floor":13.0},{"not_picked":["Bludgeon","Juggernaut"],"picked":"Barricade","floor":16.0},{"not_picked":["Sever Soul","Wild Strike","Cleave"],"picked":"SKIP","floor":18.0},{"not_picked":["Anger","Body Slam","Havoc+1"],"picked":"SKIP","floor":20.0},{"not_picked":["Infernal Blade","Pummel","Dark Embrace"],"picked":"SKIP","floor":24},{"not_picked":["Body Slam","Brutality"],"picked":"Iron Wave","floor":25},{"not_picked":["Wild Strike","Clothesline","Shrug It Off"],"picked":"SKIP","floor":28}],"player_experience":174201,"relics_obtained":[{"floor":7.0,"key":"Ancient Tea Set"},{"floor":9.0,"key":"Pen Nib"},{"floor":13.0,"key":"Boot"},{"floor":25,"key":"Ornamental Fan"},{"floor":26,"key":"Paper Frog"}],"event_choices":[{"damage_healed":0.0,"max_hp_gain":0.0,"max_hp_loss":0.0,"gold_gain":0.0,"event_name":"Living Wall","player_choice":"Grow","floor":2.0,"gold_loss":0.0,"damage_taken":0.0,"cards_upgraded":["Body Slam"]},{"cards_removed":["Strike_R"],"damage_healed":0.0,"max_hp_gain":0.0,"max_hp_loss":0.0,"gold_gain":0.0,"event_name":"The Cleric","player_choice":"Card Removal","floor":10.0,"gold_loss":75.0,"damage_taken":0.0},{"damage_healed":0.0,"max_hp_gain":0.0,"max_hp_loss":0.0,"gold_gain":0.0,"event_name":"Scrap Ooze","player_choice":"Success","floor":14.0,"gold_loss":0.0,"damage_taken":26.0,"relics_obtained":["Meat on the Bone"]},{"damage_healed":0.0,"max_hp_gain":0.0,"max_hp_loss":0.0,"gold_gain":0.0,"event_name":"Ghosts","player_choice":"Ignored","floor":19.0,"gold_loss":0.0,"damage_taken":0.0},{"damage_healed":0.0,"max_hp_gain":0.0,"max_hp_loss":0.0,"gold_gain":0.0,"event_name":"The Mausoleum","player_choice":"Ignored","floor":22.0,"gold_loss":0.0,"damage_taken":0.0},{"damage_healed":0,"gold_gain":0,"player_choice":"Shed Blood","damage_taken":29,"max_hp_gain":5,"max_hp_loss":0,"event_name":"Forgotten Altar","floor":31,"gold_loss":0}],"is_beta":false,"boss_relics":[{"not_picked":["Calling Bell","Coffee Dripper"],"picked":"Runic Pyramid"}],"items_purged_floors":[29],"is_endless":false,"potions_floor_spawned":[4,7,13,28],"killed_by":"Collector","ascension_level":16}