{"gold_per_floor":[115,40,40,59,73,73,103,103,103,122,132,112,128,144,144,239,239,214,226,226,33,47,47,47,82,82,94,126,155,167,94,106,222,234,259,271,81,81,0,0,0,15,15,15,31,47,102,202,202,202],"floor_reached":51,"playtime":3305,"items_purged":["Pain"],"score":744,"play_id":"e2e18028-38a1-4657-bc62-496414c97337","local_time":"20190907224244","is_ascension_mode":false,"campfire_choices":[{"data":"Loop","floor":6.0,"key":"SMITH"},{"floor":8.0,"key":"REST"},{"floor":15.0,"key":"REST"},{"floor":23.0,"key":"REST"},{"floor":27.0,"key":"REST"},{"floor":32.0,"key":"REST"},{"floor":40,"key":"DIG"},{"floor":44,"key":"DIG"},{"floor":49,"key":"REST"}],"neow_cost":"NONE","seed_source_timestamp":0,"circlet_count":0,"master_deck":["Strike_B","Strike_B","Strike_B","Strike_B","Defend_B","Defend_B","Defend_B","Defend_B","Zap","Dualcast","White Noise","Glacier","Amplify","Loop+1","Purity","Doom and Gloom","BootSequence","Barrage","Cold Snap","Rebound","Steam","Leap","Core Surge","Ball Lightning+1","Hyperbeam","Conserve Battery","Self Repair","Chill+1","Coolheaded","Cold Snap","Defragment","Static Discharge+1","Reboot","Aggregate+1","Coolheaded","Panache","Conserve Battery+1","Undo+1","Parasite","Auto Shields+1","Capacitor","Gash+1","White Noise"],"special_seed":0,"relics":["Cracked Core","Gambling Chip","StoneCalendar","Black Star","WarpedTongs","Prayer Wheel","Symbiotic Virus","MawBank","Shovel","Fusion Hammer","ClockworkSouvenir","Red Mask","Oddly Smooth Stone","Sundial","Cables","Nunchaku","Incense Burner"],"potions_floor_usage":[47,50,50,50,50],"damage_taken":[{"damage":1.0,"enemies":"Jaw Worm","floor":1.0,"turns":3.0},{"damage":0.0,"enemies":"Cultist","floor":4.0,"turns":4.0},{"damage":0.0,"enemies":"2 Louse","floor":5.0,"turns":4.0},{"damage":60.0,"enemies":"Gremlin Nob","floor":7.0,"turns":6.0},{"damage":5.0,"enemies":"Gremlin Gang","floor":10.0,"turns":4.0},{"damage":3.0,"enemies":"Exordium Thugs","floor":11.0,"turns":5.0},{"damage":6.0,"enemies":"2 Fungi Beasts","floor":13.0,"turns":3.0},{"damage":0.0,"enemies":"Looter","floor":14.0,"turns":2.0},{"damage":0.0,"enemies":"The Guardian","floor":16.0,"turns":12.0},{"damage":25.0,"enemies":"2 Thieves","floor":18.0,"turns":5.0},{"damage":15.0,"enemies":"3 Byrds","floor":19.0,"turns":7.0},{"damage":6.0,"enemies":"Shelled Parasite and Fungi","floor":22.0,"turns":7.0},{"damage":0.0,"enemies":"Centurion and Healer","floor":24.0,"turns":2.0},{"damage":34.0,"enemies":"Book of Stabbing","floor":25.0,"turns":7.0},{"damage":27.0,"enemies":"Cultist and Chosen","floor":28.0,"turns":8.0},{"damage":9.0,"enemies":"Snake Plant","floor":29.0,"turns":5.0},{"damage":54.0,"enemies":"Automaton","floor":33.0,"turns":14.0},{"damage":0,"enemies":"3 Darklings","floor":35,"turns":7},{"damage":0,"enemies":"Orb Walker","floor":42,"turns":3},{"damage":0,"enemies":"Writhing Mass","floor":45,"turns":7},{"damage":0,"enemies":"Jaw Worm Horde","floor":46,"turns":7},{"damage":16,"enemies":"2 Orb Walkers","floor":47,"turns":7},{"damage":34,"enemies":"Mind Bloom Boss Battle","floor":48,"turns":7},{"damage":6,"enemies":"Donu and Deca","floor":50,"turns":10}],"seed_played":"-8525107991874924753","potions_obtained":[{"floor":4.0,"key":"SteroidPotion"},{"floor":7.0,"key":"Energy Potion"},{"floor":11.0,"key":"Ancient Potion"},{"floor":12.0,"key":"SmokeBomb"},{"floor":13.0,"key":"EssenceOfSteel"},{"floor":18.0,"key":"Fire Potion"},{"floor":28.0,"key":"SpeedPotion"},{"floor":33.0,"key":"Energy Potion"},{"floor":46,"key":"AttackPotion"},{"floor":48,"key":"EntropicBrew"}],"is_trial":false,"path_per_floor":["M","$","?","M","M","R","E","R","T","M","M","?","M","M","R","B",null,"M","M","?","$","M","R","M","E","T","R","M","M","?","?","R","B",null,"M","?","$","?","?","R","$","M","T","R","M","M","?","?","R","B",null],"character_chosen":"DEFECT","items_purchased":["Glacier","Conserve Battery","Self Repair","ClockworkSouvenir"],"campfire_rested":6,"item_purchase_floors":[2,21,21,37],"current_hp_per_floor":[81,81,81,81,81,81,21,45,45,40,37,37,31,31,55,55,82,57,42,42,42,43,67,67,40,40,64,57,48,48,48,72,25,82,82,82,82,82,82,82,82,82,82,82,82,82,66,42,66,67],"gold":202,"neow_bonus":"TEN_PERCENT_HP_BONUS","is_prod":false,"is_daily":false,"chose_seed":false,"campfire_upgraded":1,"win_rate":0,"timestamp":1567867364,"path_taken":["M","$","?","M","?","R","E","R","T","M","M","?","M","M","R","BOSS","M","?","?","?","M","R","M","E","T","R","M","M","?","?","R","BOSS","M","?","$","?","?","R","?","M","T","R","?","M","?","?","R","BOSS"],"build_version":"2019-07-17","purchased_purges":1,"victory":true,"max_hp_per_floor":[82,82,82,82,82,82,82,82,82,82,82,82,82,82,82,82,82,82,82,82,82,82,82,82,82,82,82,82,82,82,82,82,82,82,82,82,82,82,82,82,82,82,82,82,82,82,82,82,82,82],"card_choices":[{"not_picked":["Stack","Go for the Eyes"],"picked":"White Noise","floor":1.0},{"not_picked":["Beam Cell","Stack"],"picked":"Doom and Gloom","floor":4.0},{"not_picked":["Amplify","Compile Driver"],"picked":"BootSequence","floor":5.0},{"not_picked":["Rainbow","Reprogram"],"picked":"Barrage","floor":7.0},{"not_picked":["Blizzard","Redo"],"picked":"Cold Snap","floor":10.0},{"not_picked":["Barrage","Hello World"],"picked":"Rebound","floor":11.0},{"not_picked":["Rebound","Thunder Strike"],"picked":"Steam","floor":13.0},{"not_picked":["Streamline","Consume"],"picked":"Leap","floor":14.0},{"not_picked":["Fission","Creative AI"],"picked":"Core Surge","floor":16.0},{"not_picked":["Reinforced Body","Redo"],"picked":"Ball Lightning+1","floor":18.0},{"not_picked":["Hologram","Turbo"],"picked":"Hyperbeam","floor":19.0},{"not_picked":["Sweeping Beam","Redo+1"],"picked":"Chill+1","floor":22.0},{"not_picked":["Rebound+1","Double Energy"],"picked":"Coolheaded","floor":25.0},{"not_picked":["Rebound","Recycle"],"picked":"Cold Snap","floor":28.0},{"not_picked":["Sweeping Beam","FTL"],"picked":"Defragment","floor":28.0},{"not_picked":["Coolheaded","Lockon"],"picked":"Static Discharge+1","floor":29.0},{"not_picked":["Streamline","Compile Driver"],"picked":"Reboot","floor":29.0},{"not_picked":["Reboot","Machine Learning"],"picked":"Echo Form","floor":33.0},{"not_picked":["Fusion","Chaos+1"],"picked":"Aggregate+1","floor":35},{"not_picked":["Redo","Heatsinks+1"],"picked":"Coolheaded","floor":35},{"not_picked":["Master of Strategy","Good Instincts"],"picked":"Panache","floor":36},{"not_picked":["Gash","Streamline+1"],"picked":"Conserve Battery+1","floor":42},{"not_picked":["Rebound+1","Skim"],"picked":"Undo+1","floor":42},{"not_picked":["Reinforced Body","Gash+1"],"picked":"Auto Shields+1","floor":45},{"not_picked":["Double Energy+1","Genetic Algorithm+1"],"picked":"Capacitor","floor":45},{"not_picked":["Chill","Auto Shields+1"],"picked":"Gash+1","floor":46},{"not_picked":["Chill","Conserve Battery","Turbo"],"picked":"SKIP","floor":46},{"not_picked":["Biased Cognition","Redo"],"picked":"White Noise","floor":48}],"player_experience":313675,"relics_obtained":[{"floor":7.0,"key":"Gambling Chip"},{"floor":9.0,"key":"StoneCalendar"},{"floor":25.0,"key":"Prayer Wheel"},{"floor":25.0,"key":"Symbiotic Virus"},{"floor":26.0,"key":"MawBank"},{"floor":40,"key":"Oddly Smooth Stone"},{"floor":43,"key":"Sundial"},{"floor":44,"key":"Cables"},{"floor":47,"key":"Nunchaku"},{"floor":48,"key":"Incense Burner"}],"event_choices":[{"damage_healed":0.0,"max_hp_gain":0.0,"max_hp_loss":0.0,"gold_gain":0.0,"event_name":"Match and Keep!","player_choice":"3 cards matched","floor":3.0,"gold_loss":0.0,"damage_taken":0.0,"cards_obtained":["Amplify","Loop","Purity"]},{"damage_healed":0.0,"max_hp_gain":0.0,"max_hp_loss":0.0,"gold_gain":0.0,"event_name":"The Woman in Blue","player_choice":"Bought 1 Potion","floor":12.0,"gold_loss":0.0,"damage_taken":0.0},{"damage_healed":0.0,"max_hp_gain":0.0,"max_hp_loss":0.0,"gold_gain":0.0,"event_name":"Accursed Blacksmith","player_choice":"Rummage","floor":20.0,"gold_loss":0.0,"damage_taken":0.0,"relics_obtained":["WarpedTongs"],"cards_obtained":["Pain"]},{"damage_healed":0.0,"max_hp_gain":0.0,"max_hp_loss":0.0,"gold_gain":0.0,"event_name":"Vampires","player_choice":"Ignored","floor":30.0,"gold_loss":0.0,"damage_taken":0.0},{"damage_healed":0.0,"max_hp_gain":0.0,"max_hp_loss":0.0,"gold_gain":0.0,"event_name":"Addict","player_choice":"Obtained Relic","floor":31.0,"gold_loss":85.0,"damage_taken":0.0,"relics_obtained":["Shovel"]},{"damage_healed":0,"gold_gain":0,"player_choice":"Memory 1","damage_taken":0,"max_hp_gain":0,"max_hp_loss":0,"event_name":"SensoryStone","floor":36,"gold_loss":0},{"cards_removed":["Echo Form"],"damage_healed":0,"gold_gain":0,"player_choice":"Removed Power","damage_taken":0,"max_hp_gain":0,"max_hp_loss":0,"event_name":"Falling","floor":38,"gold_loss":0},{"damage_healed":0,"gold_gain":0,"player_choice":"Paid","damage_taken":0,"relics_obtained":["Red Mask"],"max_hp_gain":0,"max_hp_loss":0,"event_name":"Tomb of Lord Red Mask","floor":39,"gold_loss":81},{"damage_healed":0,"gold_gain":0,"player_choice":"Fight","damage_taken":0,"max_hp_gain":0,"max_hp_loss":0,"event_name":"Mysterious Sphere","floor":47,"gold_loss":0},{"damage_healed":0,"gold_gain":0,"player_choice":"Fight","damage_taken":0,"max_hp_gain":0,"max_hp_loss":0,"event_name":"MindBloom","floor":48,"gold_loss":0}],"is_beta":false,"boss_relics":[{"not_picked":["Cursed Key","Runic Pyramid"],"picked":"Black Star"},{"not_picked":["Velvet Choker","Orrery"],"picked":"Fusion Hammer"}],"items_purged_floors":[21],"is_endless":false,"potions_floor_spawned":[4,7,11,13,18,28,33,46,48],"ascension_level":0}