{"gold_per_floor":[119,119,119,138,152,178,35,46,46,73,73,91,91,55,55,127,127],"floor_reached":17,"playtime":508,"items_purged":[],"score":289,"play_id":"ef537dd9-b5a6-4c3a-8fb1-5334ddcdb252","local_time":"20181218142756","is_ascension_mode":true,"campfire_choices":[{"floor":11,"key":"REST"},{"data":"Armaments","floor":13,"key":"SMITH"},{"floor":15,"key":"REST"}],"neow_cost":"NONE","seed_source_timestamp":284258957411300,"circlet_count":0,"master_deck":["AscendersBane","Strike_R","Strike_R","Strike_R","Defend_R","Defend_R","Defend_R","Bash","Armaments+1","Clash","Anger","Disarm","Double Tap","Inflame","Immolate+1"],"relics":["Burning Blood","Omamori","Blood Vial","Pocketwatch","Bronze Scales","Molten Egg 2","Paper Frog","Empty Cage"],"potions_floor_usage":[8,10],"damage_taken":[{"damage":8,"enemies":"2 Louse","floor":1,"turns":5},{"damage":1,"enemies":"Cultist","floor":4,"turns":3},{"damage":8,"enemies":"Jaw Worm","floor":5,"turns":4},{"damage":42,"enemies":"Lagavulin","floor":6,"turns":8},{"damage":11,"enemies":"Looter","floor":8,"turns":3},{"damage":20,"enemies":"Gremlin Nob","floor":10,"turns":4},{"damage":10,"enemies":"Exordium Wildlife","floor":12,"turns":4},{"damage":62,"enemies":"The Guardian","floor":16,"turns":8}],"seed_played":"1989673523665942555","potions_obtained":[{"floor":5,"key":"SkillPotion"},{"floor":6,"key":"BloodPotion"},{"floor":16,"key":"SteroidPotion"}],"is_trial":false,"path_per_floor":["M","?","?","M","M","E","$","M","T","E","R","M","R","$","R","B",null],"character_chosen":"IRONCLAD","items_purchased":["Bronze Scales","Inflame"],"campfire_rested":2,"item_purchase_floors":[7,14],"current_hp_per_floor":[66,55,55,62,62,28,28,32,32,20,42,40,40,40,62,8,58],"gold":127,"neow_bonus":"RANDOM_COMMON_RELIC","is_prod":false,"is_daily":false,"chose_seed":false,"campfire_upgraded":1,"win_rate":0,"timestamp":1545172076,"path_taken":["M","?","?","?","M","E","$","M","T","E","R","M","R","$","R","BOSS"],"build_version":"2018-12-13","purchased_purges":0,"victory":false,"max_hp_per_floor":[75,75,75,75,75,75,75,75,75,75,75,75,75,75,75,75,75],"card_choices":[{"not_picked":["True Grit","Anger"],"picked":"Armaments","floor":1},{"not_picked":["Burning Pact","Twin Strike"],"picked":"Clash","floor":4},{"not_picked":["Wild Strike","Fire Breathing","Thunderclap"],"picked":"SKIP","floor":5},{"not_picked":["Seeing Red","Headbutt"],"picked":"Anger","floor":6},{"not_picked":["Thunderclap","Havoc"],"picked":"Disarm","floor":8},{"not_picked":["Havoc","Dual Wield","Warcry"],"picked":"SKIP","floor":10},{"not_picked":["Entrench","Clothesline+1"],"picked":"Double Tap","floor":12},{"not_picked":["Juggernaut","Exhume"],"picked":"Immolate+1","floor":16}],"player_experience":139881,"relics_obtained":[{"floor":6,"key":"Pocketwatch"},{"floor":9,"key":"Molten Egg 2"},{"floor":10,"key":"Paper Frog"}],"event_choices":[{"damage_healed":0,"gold_gain":0,"player_choice":"Success","damage_taken":11,"relics_obtained":["Blood Vial"],"max_hp_gain":0,"max_hp_loss":0,"event_name":"Scrap Ooze","floor":2,"gold_loss":0},{"cards_removed":["Defend_R"],"damage_healed":0,"gold_gain":0,"player_choice":"Card Removal","damage_taken":0,"max_hp_gain":0,"max_hp_loss":0,"event_name":"Wheel of Change","floor":3,"gold_loss":0}],"is_beta":false,"boss_relics":[{"not_picked":["Ectoplasm","Orrery"],"picked":"Empty Cage"}],"items_purged_floors":[],"is_endless":false,"potions_floor_spawned":[5,6,16],"ascension_level":15}