{"gold_per_floor":[110,110,25,25,25,25,56,76,76,76,1,28,40,40,40,133,133,156,81,95,15,15,15,15],"floor_reached":24,"playtime":537,"items_purged":["Pain"],"score":380,"play_id":"28407549-2839-40be-a41c-6ee51459f0b2","local_time":"20190729164435","is_ascension_mode":true,"campfire_choices":[{"floor":6,"key":"REST"},{"floor":10,"key":"REST"},{"data":"Disarm","floor":15,"key":"SMITH"},{"floor":23,"key":"REST"}],"neow_cost":"TEN_PERCENT_HP_LOSS","seed_source_timestamp":1070920612903900,"circlet_count":0,"master_deck":["AscendersBane","Strike_R+1","Strike_R","Strike_R","Defend_R","Defend_R","Defend_R","Defend_R","Bash","Demon Form+1","Sword Boomerang","Feel No Pain","Disarm+1","Sword Boomerang","Pommel Strike","Thunderclap","Shrug It Off","Impervious","Whirlwind","Shrug It Off","Havoc","Dark Embrace"],"relics":["Burning Blood","WarpedTongs","Boot","Prayer Wheel","Odd Mushroom","Golden Idol","Philosopher\u0027s Stone"],"potions_floor_usage":[20,20,24],"damage_taken":[{"damage":15,"enemies":"2 Louse","floor":1,"turns":4},{"damage":30,"enemies":"Gremlin Nob","floor":7,"turns":4},{"damage":7,"enemies":"Jaw Worm","floor":8,"turns":5},{"damage":14,"enemies":"The Mushroom Lair","floor":12,"turns":4},{"damage":0,"enemies":"Cultist","floor":13,"turns":3},{"damage":23,"enemies":"Hexaghost","floor":16,"turns":7},{"damage":24,"enemies":"2 Thieves","floor":18,"turns":4},{"damage":51,"enemies":"Spheric Guardian","floor":20,"turns":7},{"damage":45,"enemies":"Book of Stabbing","floor":24,"turns":3}],"seed_played":"112555908505958773","potions_obtained":[{"floor":8,"key":"Poison Potion"},{"floor":13,"key":"BloodPotion"},{"floor":18,"key":"Fruit Juice"},{"floor":20,"key":"EssenceOfSteel"}],"is_trial":false,"path_per_floor":["M","?","$","?","?","R","E","M","T","R","$","?","M","?","R","B",null,"M","?","M","$","?","R","E"],"character_chosen":"IRONCLAD","items_purchased":["Feel No Pain","Regen Potion"],"campfire_rested":3,"item_purchase_floors":[3,21],"current_hp_per_floor":[59,52,52,32,32,52,28,27,27,47,47,39,45,45,45,28,54,36,36,12,12,12,32,0],"gold":15,"neow_bonus":"THREE_RARE_CARDS","is_prod":false,"is_daily":false,"chose_seed":false,"campfire_upgraded":1,"win_rate":0,"timestamp":1564443875,"path_taken":["M","?","$","?","?","R","E","?","T","R","$","?","M","?","R","BOSS","M","?","M","$","?","R","E"],"build_version":"2019-07-17","purchased_purges":1,"victory":false,"max_hp_per_floor":[68,68,68,68,68,68,68,68,68,68,68,68,68,62,62,62,62,62,62,67,67,67,67,67],"card_choices":[{"not_picked":["Impervious","Exhume"],"picked":"Demon Form","floor":0},{"not_picked":["Perfected Strike","Flex"],"picked":"Sword Boomerang","floor":1},{"not_picked":["Rage","Whirlwind"],"picked":"Disarm","floor":7},{"not_picked":["Armaments","Pummel"],"picked":"Sword Boomerang","floor":8},{"not_picked":["Cleave","Intimidate"],"picked":"Pommel Strike","floor":12},{"not_picked":["Havoc","Armaments"],"picked":"Thunderclap","floor":13},{"not_picked":["Bludgeon","Sword Boomerang"],"picked":"Shrug It Off","floor":13},{"not_picked":["Bludgeon","Fiend Fire"],"picked":"Impervious","floor":16},{"not_picked":["Havoc+1","Second Wind"],"picked":"Whirlwind","floor":18},{"not_picked":["Body Slam","Wild Strike","Perfected Strike"],"picked":"SKIP","floor":18},{"not_picked":["Anger","Wild Strike"],"picked":"Shrug It Off","floor":20},{"not_picked":["Clash","Havoc","Iron Wave"],"picked":"SKIP","floor":20},{"not_picked":["Clash","Iron Wave"],"picked":"Havoc","floor":20}],"player_experience":720920,"relics_obtained":[{"floor":7,"key":"Boot"},{"floor":9,"key":"Prayer Wheel"},{"floor":12,"key":"Odd Mushroom"}],"event_choices":[{"cards_removed":["Strike_R"],"damage_healed":0,"gold_gain":0,"player_choice":"Card Removal","damage_taken":7,"max_hp_gain":0,"max_hp_loss":0,"event_name":"Golden Wing","floor":2,"gold_loss":0},{"damage_healed":0,"gold_gain":0,"player_choice":"Entered Light","damage_taken":20,"max_hp_gain":0,"max_hp_loss":0,"event_name":"Shining Light","floor":4,"gold_loss":0,"cards_upgraded":["Strike_R","Demon Form"]},{"damage_healed":0,"gold_gain":0,"player_choice":"Rummage","damage_taken":0,"relics_obtained":["WarpedTongs"],"max_hp_gain":0,"max_hp_loss":0,"event_name":"Accursed Blacksmith","floor":5,"gold_loss":0,"cards_obtained":["Pain"]},{"damage_healed":0,"gold_gain":0,"player_choice":"Fought Mushrooms","damage_taken":0,"max_hp_gain":0,"max_hp_loss":0,"event_name":"Mushrooms","floor":12,"gold_loss":0},{"damage_healed":0,"gold_gain":0,"player_choice":"Lose Max HP","damage_taken":0,"relics_obtained":["Golden Idol"],"max_hp_gain":0,"max_hp_loss":6,"event_name":"Golden Idol","floor":14,"gold_loss":0},{"cards_removed":["Strike_R"],"damage_healed":0,"gold_gain":0,"player_choice":"Gave Gold","damage_taken":0,"max_hp_gain":0,"max_hp_loss":0,"event_name":"Beggar","floor":19,"gold_loss":75},{"damage_healed":0,"gold_gain":0,"player_choice":"1 cards matched","damage_taken":0,"max_hp_gain":0,"max_hp_loss":0,"event_name":"Match and Keep!","floor":22,"gold_loss":0,"cards_obtained":["Dark Embrace"]}],"is_beta":false,"boss_relics":[{"not_picked":["Astrolabe","Calling Bell"],"picked":"Philosopher\u0027s Stone"}],"items_purged_floors":[11],"is_endless":false,"potions_floor_spawned":[8,13,18,20],"killed_by":"Book of Stabbing","ascension_level":20}