{"gold_per_floor":[117,117],"floor_reached":2,"playtime":95,"items_purged":[],"score":12,"play_id":"b8689bc3-e8e8-4066-852b-a39dbe71dbf9","local_time":"20190907151008","daily_mods":["Draft","Vintage"],"is_ascension_mode":false,"campfire_choices":[],"neow_cost":"","seed_source_timestamp":0,"circlet_count":0,"master_deck":["Turbo","Coolheaded","Loop","Leap","Melter","Genetic Algorithm","Gash","Beam Cell","Conserve Battery","Heatsinks","Sweeping Beam","Chill","Cold Snap","Gash","Static Discharge"],"relics":["Cracked Core","Meat on the Bone"],"potions_floor_usage":[],"damage_taken":[{"damage":0,"enemies":"Jaw Worm","floor":1,"turns":2},{"damage":0,"enemies":"Small Slimes","floor":2,"turns":2}],"seed_played":"-5202568200715308633","potions_obtained":[],"is_trial":true,"path_per_floor":["M","M"],"character_chosen":"DEFECT","items_purchased":[],"campfire_rested":0,"item_purchase_floors":[],"current_hp_per_floor":[75,75],"gold":117,"neow_bonus":"","is_prod":false,"is_daily":false,"chose_seed":false,"campfire_upgraded":0,"win_rate":0,"timestamp":1567894208,"path_taken":["M","M"],"build_version":"2019-07-17","purchased_purges":0,"victory":false,"max_hp_per_floor":[75,75],"card_choices":[{"not_picked":["Redo","White Noise"],"picked":"Turbo","floor":0},{"not_picked":["Rebound","Beam Cell"],"picked":"Coolheaded","floor":0},{"not_picked":["Cold Snap","Rebound"],"picked":"Loop","floor":0},{"not_picked":["Auto Shields","Barrage"],"picked":"Leap","floor":0},{"not_picked":["Lockon","Rebound"],"picked":"Melter","floor":0},{"not_picked":["Hologram","Go for the Eyes"],"picked":"Genetic Algorithm","floor":0},{"not_picked":["Sunder","Auto Shields"],"picked":"Gash","floor":0},{"not_picked":["Go for the Eyes","Doom and Gloom"],"picked":"Beam Cell","floor":0},{"not_picked":["Force Field","Skim"],"picked":"Conserve Battery","floor":0},{"not_picked":["Hologram","Sunder"],"picked":"Heatsinks","floor":0},{"not_picked":["Streamline","Rebound"],"picked":"Sweeping Beam","floor":0},{"not_picked":["Cold Snap","Skim"],"picked":"Chill","floor":0},{"not_picked":["Coolheaded","Sweeping Beam"],"picked":"Cold Snap","floor":0},{"not_picked":["Darkness","Steam"],"picked":"Gash","floor":0},{"not_picked":["Compile Driver","Go for the Eyes"],"picked":"Static Discharge","floor":0}],"player_experience":151163,"relics_obtained":[{"floor":1,"key":"Meat on the Bone"}],"event_choices":[],"is_beta":false,"boss_relics":[],"items_purged_floors":[],"is_endless":false,"potions_floor_spawned":[],"killed_by":"Small Slimes","ascension_level":0}