{"gold_per_floor":[109,129,129,304,327,327,341,341,410,435,435,478,478],"floor_reached":13,"playtime":288,"items_purged":[],"score":85,"play_id":"6d4ee949-ee72-4edf-b489-3219a837b9a6","local_time":"20181220212009","is_ascension_mode":false,"campfire_choices":[{"data":"Zap","floor":6,"key":"SMITH"},{"data":"Dualcast","floor":8,"key":"SMITH"},{"data":"Storm","floor":11,"key":"SMITH"}],"neow_cost":"NONE","seed_source_timestamp":1727922002397399,"circlet_count":0,"master_deck":["Strike_B","Strike_B","Strike_B","Strike_B","Defend_B","Defend_B","Defend_B","Defend_B","Zap+1","Dualcast+1","Melter","Skim","Doubt","Sweeping Beam","Storm+1","White Noise+1","Loop"],"relics":["Cracked Core","NeowsBlessing","Golden Idol","Toxic Egg 2","Pen Nib"],"potions_floor_usage":[],"damage_taken":[{"damage":0,"enemies":"Jaw Worm","floor":1,"turns":1},{"damage":0,"enemies":"2 Louse","floor":2,"turns":1},{"damage":0,"enemies":"Cultist","floor":5,"turns":1},{"damage":9,"enemies":"3 Louse","floor":7,"turns":3},{"damage":2,"enemies":"Blue Slaver","floor":10,"turns":3},{"damage":25,"enemies":"3 Sentries","floor":12,"turns":5},{"damage":21,"enemies":"The Mushroom Lair","floor":13,"turns":2}],"seed_played":"6701335036201936946","potions_obtained":[{"floor":1,"key":"Ancient Potion"},{"floor":5,"key":"Weak Potion"}],"is_trial":false,"path_per_floor":["M","M","?","?","M","R","M","R","T","M","R","E","?"],"character_chosen":"DEFECT","items_purchased":[],"campfire_rested":0,"item_purchase_floors":[],"current_hp_per_floor":[75,75,57,57,57,57,48,48,48,46,46,21,0],"gold":478,"neow_bonus":"THREE_ENEMY_KILL","is_prod":false,"is_daily":false,"chose_seed":false,"campfire_upgraded":3,"win_rate":0.0,"timestamp":1545362409,"path_taken":["M","M","?","?","M","R","M","R","T","?","R","E","?"],"build_version":"2018-12-20","purchased_purges":0,"victory":false,"max_hp_per_floor":[75,75,75,75,75,75,75,75,75,75,75,75,75],"card_choices":[{"not_picked":["Compile Driver","Conserve Battery"],"picked":"Melter","floor":1},{"not_picked":["Ball Lightning","Redo"],"picked":"Skim","floor":2},{"not_picked":["Ball Lightning","Compile Driver"],"picked":"Sweeping Beam","floor":5},{"not_picked":["Redo","Reprogram"],"picked":"Storm","floor":7},{"not_picked":["Fission+1","Capacitor"],"picked":"White Noise+1","floor":10},{"not_picked":["Fusion+1","Cold Snap"],"picked":"Loop","floor":12}],"player_experience":3740,"relics_obtained":[{"floor":9,"key":"Toxic Egg 2"},{"floor":12,"key":"Pen Nib"}],"event_choices":[{"damage_healed":0,"gold_gain":0,"player_choice":"Take Damage","damage_taken":18,"relics_obtained":["Golden Idol"],"max_hp_gain":0,"max_hp_loss":0,"event_name":"Golden Idol","floor":3,"gold_loss":0},{"damage_healed":0,"gold_gain":175,"player_choice":"AGREE","damage_taken":0,"max_hp_gain":0,"max_hp_loss":0,"event_name":"Liars Game","floor":4,"gold_loss":0,"cards_obtained":["Doubt"]},{"damage_healed":0,"gold_gain":0,"player_choice":"Fought Mushrooms","damage_taken":0,"max_hp_gain":0,"max_hp_loss":0,"event_name":"Mushrooms","floor":13,"gold_loss":0}],"is_beta":false,"boss_relics":[],"items_purged_floors":[],"is_endless":false,"potions_floor_spawned":[1,5],"killed_by":"The Mushroom Lair","ascension_level":0}