{"gold_per_floor":[110,123,123,139,89,89,114,114,114,126,145,157,170,95,95,198,198,211,229,61,75,75,75,75,92,92,92,92],"floor_reached":28,"playtime":1042,"items_purged":["Defend_R","Strike_R"],"score":344,"play_id":"104e0d31-350b-4e97-ba78-9f60ec9cceff","local_time":"20181215100244","is_ascension_mode":true,"campfire_choices":[{"data":"Armaments","floor":6,"key":"SMITH"},{"data":"Uppercut","floor":8,"key":"SMITH"},{"data":"Searing Blow","floor":15,"key":"SMITH"},{"data":"Searing Blow+1","floor":23,"key":"SMITH"}],"neow_cost":"NONE","seed_source_timestamp":8620309842500,"circlet_count":0,"master_deck":["AscendersBane","Strike_R","Strike_R","Defend_R","Defend_R","Defend_R","Bash","Armaments+1","Flex","Searing Blow+2","Uppercut+1","Cleave","Bloodletting","Reaper","Flame Barrier"],"relics":["Burning Blood","NeowsBlessing","Meat on the Bone","Blue Candle","Snecko Eye","Shuriken","Molten Egg 2"],"potions_floor_usage":[18,25],"damage_taken":[{"damage":0,"enemies":"Jaw Worm","floor":1,"turns":1},{"damage":0,"enemies":"Cultist","floor":2,"turns":1},{"damage":0,"enemies":"Small Slimes","floor":4,"turns":1},{"damage":59,"enemies":"Lagavulin","floor":7,"turns":9},{"damage":21,"enemies":"Exordium Wildlife","floor":10,"turns":5},{"damage":2,"enemies":"Blue Slaver","floor":11,"turns":4},{"damage":5,"enemies":"2 Fungi Beasts","floor":12,"turns":4},{"damage":21,"enemies":"Large Slime","floor":13,"turns":7},{"damage":46,"enemies":"The Guardian","floor":16,"turns":13},{"damage":26,"enemies":"3 Byrds","floor":18,"turns":5},{"damage":7,"enemies":"Chosen","floor":19,"turns":4},{"damage":16,"enemies":"Snecko","floor":21,"turns":5},{"damage":26,"enemies":"Snake Plant","floor":25,"turns":3},{"damage":51,"enemies":"Gremlin Leader","floor":28,"turns":4}],"seed_played":"2208047352575098533","potions_obtained":[{"floor":2,"key":"SkillPotion"},{"floor":7,"key":"LiquidBronze"}],"is_trial":false,"path_per_floor":["M","M","?","M","?","R","E","R","T","M","M","M","M","$","R","B",null,"M","M","$","M","?","R","T","M","T","$","E"],"character_chosen":"IRONCLAD","items_purchased":["Flame Barrier"],"campfire_rested":0,"item_purchase_floors":[20],"current_hp_per_floor":[78,80,80,80,80,80,27,27,27,24,40,53,50,50,50,22,66,55,59,59,58,43,43,43,40,40,40,0],"gold":92,"neow_bonus":"THREE_ENEMY_KILL","is_prod":false,"is_daily":false,"chose_seed":false,"campfire_upgraded":4,"win_rate":0,"timestamp":1544896964,"path_taken":["M","M","?","?","?","R","E","R","T","M","M","M","M","?","R","BOSS","M","M","$","M","?","R","?","M","T","$","E"],"build_version":"2018-12-13","purchased_purges":2,"victory":false,"max_hp_per_floor":[80,80,80,80,80,80,80,80,80,80,80,80,80,80,80,80,80,80,80,80,80,85,85,85,85,85,85,85],"card_choices":[{"not_picked":["Flex","Clothesline"],"picked":"Armaments","floor":1},{"not_picked":["Thunderclap","Sword Boomerang"],"picked":"Flex","floor":2},{"not_picked":["Perfected Strike","Fire Breathing"],"picked":"Searing Blow","floor":4},{"not_picked":["True Grit","Iron Wave"],"picked":"Uppercut","floor":7},{"not_picked":["Wild Strike","Uppercut","Inflame"],"picked":"SKIP","floor":10},{"not_picked":["Headbutt","Disarm","Spot Weakness"],"picked":"SKIP","floor":11},{"not_picked":["True Grit","Entrench"],"picked":"Cleave","floor":12},{"not_picked":["Flame Barrier","Pommel Strike"],"picked":"Bloodletting","floor":13},{"not_picked":["Bludgeon","Berserk"],"picked":"Reaper","floor":16},{"not_picked":["Wild Strike+1","Clash","Shrug It Off+1"],"picked":"SKIP","floor":18},{"not_picked":["Perfected Strike","Clothesline","Anger"],"picked":"SKIP","floor":19},{"not_picked":["Reckless Charge","Cleave","Wild Strike"],"picked":"SKIP","floor":21},{"not_picked":["Anger+1","Fire Breathing","Double Tap"],"picked":"SKIP","floor":25}],"player_experience":105796,"relics_obtained":[{"floor":7,"key":"Meat on the Bone"},{"floor":9,"key":"Blue Candle"},{"floor":24,"key":"Shuriken"},{"floor":26,"key":"Molten Egg 2"}],"event_choices":[{"cards_removed":["Strike_R"],"damage_healed":0,"gold_gain":0,"player_choice":"Purged","damage_taken":0,"max_hp_gain":0,"max_hp_loss":0,"event_name":"Purifier","floor":3,"gold_loss":0},{"cards_removed":["Strike_R"],"damage_healed":0,"gold_gain":0,"player_choice":"Card Removal","damage_taken":0,"max_hp_gain":0,"max_hp_loss":0,"event_name":"The Cleric","floor":5,"gold_loss":50},{"damage_healed":0,"gold_gain":0,"player_choice":"Shed Blood","damage_taken":20,"max_hp_gain":5,"max_hp_loss":0,"event_name":"Forgotten Altar","floor":22,"gold_loss":0}],"is_beta":false,"boss_relics":[{"not_picked":["White Beast Statue","Pandora\u0027s Box"],"picked":"Snecko Eye"}],"items_purged_floors":[14,20],"is_endless":false,"potions_floor_spawned":[2,7,11],"killed_by":"Gremlin Leader","ascension_level":11}