{"gold_per_floor":[111,126,136,136,136,163,163,177,177,177,2,13,13,51,51,51],"floor_reached":16,"playtime":425,"items_purged":["Strike_R"],"score":220,"play_id":"95ce4425-4f4e-419c-a76c-001e2b4998e0","local_time":"20190701182306","is_ascension_mode":true,"campfire_choices":[{"floor":7,"key":"REST"},{"data":"Battle Trance","floor":10,"key":"SMITH"},{"data":"Bash","floor":15,"key":"SMITH"}],"neow_cost":"NONE","seed_source_timestamp":458773543384100,"circlet_count":0,"master_deck":["AscendersBane","Strike_R","Strike_R+1","Strike_R","Strike_R","Defend_R","Defend_R","Defend_R","Defend_R","Bash+1","Carnage","Whirlwind","Anger+1","Battle Trance+1","Finesse","Injury","Impervious"],"relics":["Burning Blood","Unceasing Top","Gambling Chip","Peace Pipe","Golden Idol","Oddly Smooth Stone"],"potions_floor_usage":[6,14,14],"damage_taken":[{"damage":6,"enemies":"Cultist","floor":1,"turns":4},{"damage":4,"enemies":"2 Louse","floor":2,"turns":3},{"damage":17,"enemies":"Small Slimes","floor":3,"turns":5},{"damage":20,"enemies":"3 Sentries","floor":6,"turns":9},{"damage":6,"enemies":"Looter","floor":8,"turns":2},{"damage":0,"enemies":"2 Fungi Beasts","floor":12,"turns":2},{"damage":13,"enemies":"Lagavulin","floor":14,"turns":6},{"damage":38,"enemies":"Slime Boss","floor":16,"turns":3}],"seed_played":"1793546461560961388","potions_obtained":[{"floor":2,"key":"Swift Potion"},{"floor":3,"key":"GamblersBrew"},{"floor":6,"key":"Block Potion"}],"is_trial":false,"path_per_floor":["M","M","M","?","?","E","R","M","T","R","$","M","?","E","R","B"],"character_chosen":"IRONCLAD","items_purchased":["Finesse"],"campfire_rested":1,"item_purchase_floors":[11],"current_hp_per_floor":[75,77,66,41,23,9,33,33,33,33,33,39,39,32,32,0],"gold":51,"neow_bonus":"TEN_PERCENT_HP_BONUS","is_prod":false,"is_daily":false,"chose_seed":false,"campfire_upgraded":2,"win_rate":0,"timestamp":1562030586,"path_taken":["M","M","?","?","?","E","R","M","T","R","$","M","?","E","R","BOSS"],"build_version":"2019-07-01","purchased_purges":1,"victory":false,"max_hp_per_floor":[82,82,82,82,82,82,82,82,82,82,82,82,82,82,82,82],"card_choices":[{"not_picked":["Twin Strike","Combust"],"picked":"Carnage","floor":1},{"not_picked":["Battle Trance","Evolve"],"picked":"Whirlwind","floor":2},{"not_picked":["Body Slam","Havoc"],"picked":"Anger","floor":3},{"not_picked":["Entrench","Shrug It Off"],"picked":"Battle Trance","floor":6},{"not_picked":["Sword Boomerang","Wild Strike","Sever Soul"],"picked":"SKIP","floor":8},{"not_picked":["Sword Boomerang","Bloodletting","Warcry"],"picked":"SKIP","floor":12},{"not_picked":["Sword Boomerang","Whirlwind"],"picked":"Impervious","floor":14}],"player_experience":641276,"relics_obtained":[{"floor":6,"key":"Gambling Chip"},{"floor":9,"key":"Peace Pipe"},{"floor":14,"key":"Oddly Smooth Stone"}],"event_choices":[{"damage_healed":0,"gold_gain":0,"player_choice":"Entered Light","damage_taken":25,"max_hp_gain":0,"max_hp_loss":0,"event_name":"Shining Light","floor":4,"gold_loss":0,"cards_upgraded":["Anger","Strike_R"]},{"damage_healed":0,"gold_gain":0,"player_choice":"Success","damage_taken":18,"relics_obtained":["Unceasing Top"],"max_hp_gain":0,"max_hp_loss":0,"event_name":"Scrap Ooze","floor":5,"gold_loss":0},{"damage_healed":0,"gold_gain":0,"player_choice":"Take Wound","damage_taken":0,"relics_obtained":["Golden Idol"],"max_hp_gain":0,"max_hp_loss":0,"event_name":"Golden Idol","floor":13,"gold_loss":0,"cards_obtained":["Injury"]}],"is_beta":false,"boss_relics":[],"items_purged_floors":[11],"is_endless":false,"potions_floor_spawned":[2,3,6],"killed_by":"Slime Boss","ascension_level":20}