{"gold_per_floor":[214,227,227,242,261,261,273,273,350,363,373,373,403,418,418,518,518,534,563,563,583,598,598,598,598,670,670,683,703,194,211,211,211],"floor_reached":33,"playtime":2500,"items_purged":["Strike_B+1"],"score":253,"play_id":"e091e2bf-a171-4a47-be14-e5234f0c1df4","local_time":"20190826213821","is_ascension_mode":false,"campfire_choices":[{"data":"Zap","floor":6.0,"key":"SMITH"},{"data":"Leap","floor":8.0,"key":"SMITH"},{"data":"Conserve Battery","floor":15,"key":"SMITH"},{"data":"Seek","floor":23,"key":"SMITH"},{"floor":25,"key":"REST"},{"data":"Buffer","floor":27,"key":"SMITH"},{"floor":32,"key":"REST"}],"neow_cost":"NONE","seed_source_timestamp":0,"circlet_count":0,"master_deck":["Strike_B+1","Strike_B+1","Strike_B+1","Defend_B+1","Defend_B+1","Defend_B+1","Defend_B+1","Zap+1","Blizzard","Hyperbeam+1","Leap+1","Steam","Steam Power","Conserve Battery+1","Genetic Algorithm","Parasite","Rebound","Seek+1","White Noise+1","Leap","Hologram+1","Buffer+1","Static Discharge","Conserve Battery","Double Energy","Streamline","Dark Shackles","Panache","Sweeping Beam+1"],"special_seed":0,"relics":["Cracked Core"],"potions_floor_usage":[16,19,28,29,33,33,33],"damage_taken":[{"damage":4.0,"enemies":"2 Louse","floor":1.0,"turns":2.0},{"damage":5.0,"enemies":"Small Slimes","floor":2.0,"turns":3.0},{"damage":11.0,"enemies":"Jaw Worm","floor":4.0,"turns":2.0},{"damage":11.0,"enemies":"Exordium Wildlife","floor":5.0,"turns":2.0},{"damage":0.0,"enemies":"Large Slime","floor":7.0,"turns":3.0},{"damage":7.0,"enemies":"3 Louse","floor":10.0,"turns":2.0},{"damage":0.0,"enemies":"Exordium Wildlife","floor":11.0,"turns":1.0},{"damage":11.0,"enemies":"Gremlin Nob","floor":13.0,"turns":3.0},{"damage":0,"enemies":"Exordium Thugs","floor":14,"turns":3},{"damage":30,"enemies":"Slime Boss","floor":16,"turns":10},{"damage":23,"enemies":"2 Thieves","floor":18,"turns":5},{"damage":0,"enemies":"Masked Bandits","floor":19,"turns":1},{"damage":13,"enemies":"3 Byrds","floor":21,"turns":4},{"damage":29,"enemies":"Centurion and Healer","floor":22,"turns":10},{"damage":14,"enemies":"Snake Plant","floor":28,"turns":3},{"damage":9,"enemies":"Shelled Parasite and Fungi","floor":29,"turns":7},{"damage":0,"enemies":"Snecko","floor":31,"turns":4},{"damage":63,"enemies":"Automaton","floor":33,"turns":6}],"seed_played":"-5945635067689451425","potions_obtained":[{"floor":1.0,"key":"PowerPotion"},{"floor":4.0,"key":"LiquidBronze"},{"floor":7.0,"key":"Explosive Potion"},{"floor":14,"key":"Strength Potion"},{"floor":19,"key":"FocusPotion"},{"floor":21,"key":"Energy Potion"},{"floor":28,"key":"FearPotion"},{"floor":29,"key":"Explosive Potion"}],"is_trial":false,"path_per_floor":["M","M","?","M","M","R","M","R","T","M","M","?","E","M","R","B",null,"M","?","?","M","M","R","?","R","T","R","M","M","$","M","R","B"],"character_chosen":"DEFECT","items_purchased":["Streamline","Dark Shackles","Panache","FocusPotion","AttackPotion"],"campfire_rested":2,"item_purchase_floors":[30,30,30,30,30],"current_hp_per_floor":[71,66,66,55,44,44,44,44,44,37,37,55,44,44,44,14,75,52,52,52,39,10,10,10,32,32,32,18,9,9,9,31,0],"gold":211,"neow_bonus":"HUNDRED_GOLD","is_prod":false,"is_daily":false,"chose_seed":false,"campfire_upgraded":5,"win_rate":0,"timestamp":1566873501,"path_taken":["M","M","?","M","M","R","M","R","T","M","M","?","E","M","R","BOSS","M","?","?","M","M","R","?","R","T","R","M","M","$","?","R","BOSS"],"build_version":"2019-07-17","purchased_purges":1,"victory":false,"max_hp_per_floor":[75,75,75,75,75,75,75,75,75,75,75,75,75,75,75,75,75,75,75,75,75,75,75,75,75,75,75,75,75,75,75,75,75],"card_choices":[{"not_picked":["White Noise","Sweeping Beam"],"picked":"Blizzard","floor":1.0},{"not_picked":["Go for the Eyes","Rebound"],"picked":"Hyperbeam","floor":2.0},{"not_picked":["Hologram","Double Energy"],"picked":"Leap","floor":4.0},{"not_picked":["Beam Cell","Force Field"],"picked":"Steam","floor":5.0},{"not_picked":["Chill","Chaos"],"picked":"Steam Power","floor":7.0},{"not_picked":["Streamline","Storm"],"picked":"Conserve Battery","floor":10.0},{"not_picked":["Darkness","Streamline"],"picked":"Genetic Algorithm","floor":11.0},{"not_picked":["White Noise","Hello World"],"picked":"Rebound","floor":13},{"not_picked":["Static Discharge","Doom and Gloom"],"picked":"White Noise","floor":14},{"not_picked":["Amplify","Meteor Strike"],"picked":"Seek","floor":16},{"not_picked":["Turbo","Auto Shields"],"picked":"White Noise+1","floor":18},{"not_picked":["Darkness","Compile Driver+1"],"picked":"Leap","floor":21},{"not_picked":["Doom and Gloom","Fusion"],"picked":"Hologram+1","floor":22},{"not_picked":["Cold Snap+1","Gash"],"picked":"Conserve Battery","floor":28},{"not_picked":["Consume","Cold Snap"],"picked":"Double Energy","floor":29},{"not_picked":["Melter","Biased Cognition"],"picked":"Sweeping Beam+1","floor":31}],"player_experience":403141,"relics_obtained":[],"event_choices":[{"damage_healed":0.0,"max_hp_gain":0.0,"max_hp_loss":0.0,"gold_gain":0.0,"event_name":"Living Wall","player_choice":"Grow","floor":3.0,"gold_loss":0.0,"damage_taken":0.0,"cards_upgraded":["Hyperbeam"]},{"damage_healed":18.0,"max_hp_gain":0.0,"max_hp_loss":0.0,"gold_gain":0.0,"event_name":"Mushrooms","player_choice":"Healed and dodged fight","floor":12.0,"gold_loss":0.0,"damage_taken":0.0,"cards_obtained":["Parasite"]},{"damage_healed":0,"gold_gain":0,"player_choice":"Fought Bandits","damage_taken":0,"max_hp_gain":0,"max_hp_loss":0,"event_name":"Masked Bandits","floor":19,"gold_loss":0},{"damage_healed":0,"gold_gain":0,"player_choice":"Simplicity","damage_taken":0,"max_hp_gain":0,"max_hp_loss":0,"event_name":"Back to Basics","floor":20,"gold_loss":0,"cards_upgraded":["Strike_B","Strike_B","Strike_B","Strike_B","Defend_B","Defend_B","Defend_B","Defend_B"]},{"damage_healed":0,"gold_gain":0,"cards_transformed":["White Noise","Dualcast"],"player_choice":"Became Test Subject","damage_taken":0,"max_hp_gain":0,"max_hp_loss":0,"event_name":"Drug Dealer","floor":24,"gold_loss":0,"cards_obtained":["Buffer","Static Discharge"]}],"is_beta":false,"boss_relics":[{"not_picked":["Fusion Hammer","Inserter","Philosopher\u0027s Stone"]}],"items_purged_floors":[30],"is_endless":false,"potions_floor_spawned":[1,4,7,10,14,19,21,28,29],"killed_by":"Automaton","ascension_level":0}