{"gold_per_floor":[112,132,132,132,147,147,147,147,147,164,180,180,196,196,196,196],"floor_reached":16,"playtime":729,"items_purged":[],"score":184,"play_id":"2c97c5cc-c571-4714-84df-09a88e1314d5","local_time":"20190716161328","is_ascension_mode":true,"campfire_choices":[{"floor":6,"key":"DIG"},{"data":"Armaments","floor":8,"key":"SMITH"},{"floor":12,"key":"REST"},{"floor":15,"key":"REST"}],"neow_cost":"TEN_PERCENT_HP_LOSS","seed_source_timestamp":591314098123000,"circlet_count":0,"master_deck":["AscendersBane","Strike_R","Strike_R","Strike_R+1","Strike_R+1","Strike_R","Defend_R","Defend_R","Defend_R","Bash","Juggernaut","Armaments+1","Sword Boomerang","Whirlwind","Body Slam"],"relics":["Burning Blood","Shovel","Calipers","Nunchaku"],"potions_floor_usage":[],"damage_taken":[{"damage":7,"enemies":"Cultist","floor":1,"turns":4},{"damage":1,"enemies":"Small Slimes","floor":2,"turns":5},{"damage":6,"enemies":"Jaw Worm","floor":5,"turns":5},{"damage":39,"enemies":"Exordium Thugs","floor":10,"turns":5},{"damage":1,"enemies":"Looter","floor":11,"turns":4},{"damage":10,"enemies":"Exordium Wildlife","floor":13,"turns":3},{"damage":51,"enemies":"Slime Boss","floor":16,"turns":7}],"seed_played":"7473056377288116488","potions_obtained":[{"floor":2,"key":"EssenceOfSteel"},{"floor":13,"key":"Ancient Potion"}],"is_trial":false,"path_per_floor":["M","M","?","?","M","R","?","R","T","M","M","R","M","?","R","B"],"character_chosen":"IRONCLAD","items_purchased":[],"campfire_rested":2,"item_purchase_floors":[],"current_hp_per_floor":[67,68,61,50,50,50,50,50,50,17,22,42,38,18,38,0],"gold":196,"neow_bonus":"THREE_RARE_CARDS","is_prod":false,"is_daily":false,"chose_seed":false,"campfire_upgraded":1,"win_rate":0,"timestamp":1563318808,"path_taken":["M","M","?","?","M","R","?","R","T","?","M","R","M","?","R","BOSS"],"build_version":"2019-07-05","purchased_purges":0,"victory":false,"max_hp_per_floor":[68,68,68,68,68,68,68,68,68,68,68,68,68,68,68,68],"card_choices":[{"not_picked":["Barricade","Exhume"],"picked":"Juggernaut","floor":0},{"not_picked":["Flex","Havoc"],"picked":"Armaments","floor":1},{"not_picked":["Havoc","Armaments","Bloodletting"],"picked":"SKIP","floor":2},{"not_picked":["Flex","Battle Trance"],"picked":"Sword Boomerang","floor":5},{"not_picked":["Clash","Dual Wield","Searing Blow"],"picked":"SKIP","floor":10},{"not_picked":["Headbutt","Seeing Red","Perfected Strike"],"picked":"SKIP","floor":11},{"not_picked":["Thunderclap","True Grit"],"picked":"Body Slam","floor":13}],"player_experience":663489,"relics_obtained":[{"floor":6,"key":"Calipers"},{"floor":9,"key":"Nunchaku"}],"event_choices":[{"cards_removed":["Defend_R"],"damage_healed":0,"gold_gain":0,"player_choice":"Card Removal","damage_taken":7,"max_hp_gain":0,"max_hp_loss":0,"event_name":"Golden Wing","floor":3,"gold_loss":0},{"damage_healed":0,"gold_gain":0,"player_choice":"Success","damage_taken":11,"relics_obtained":["Shovel"],"max_hp_gain":0,"max_hp_loss":0,"event_name":"Scrap Ooze","floor":4,"gold_loss":0},{"damage_healed":0,"gold_gain":0,"player_choice":"1 cards matched","damage_taken":0,"max_hp_gain":0,"max_hp_loss":0,"event_name":"Match and Keep!","floor":7,"gold_loss":0,"cards_obtained":["Whirlwind"]},{"damage_healed":0,"gold_gain":0,"player_choice":"Entered Light","damage_taken":20,"max_hp_gain":0,"max_hp_loss":0,"event_name":"Shining Light","floor":14,"gold_loss":0,"cards_upgraded":["Strike_R","Strike_R"]}],"is_beta":false,"boss_relics":[],"items_purged_floors":[],"is_endless":false,"potions_floor_spawned":[2,13],"killed_by":"Slime Boss","ascension_level":20}