{"gold_per_floor":[14,30,130,145,145,145,158,158,158,158,177,205,51,76,76,147,147,164,184,184,184,41,75,75,110,110,22,22,22,32,44,44,119,119,138,138,138,149,161,191,206,217,240,181,216,216,248,262,262,262,262,262,262,10,42,42],"floor_reached":57,"playtime":2658,"items_purged":["Strike_R","Writhe"],"score":2805,"play_id":"716490e4-5c95-48bb-bb49-3516564192a9","local_time":"20190905013340","is_ascension_mode":true,"campfire_choices":[{"data":"Cleave","floor":6.0,"key":"SMITH"},{"data":"Fiend Fire","floor":8.0,"key":"SMITH"},{"data":"Disarm","floor":10.0,"key":"SMITH"},{"data":"Rupture","floor":15.0,"key":"SMITH"},{"data":"Rupture","floor":24.0,"key":"SMITH"},{"data":"Corruption","floor":29.0,"key":"SMITH"},{"data":"Dual Wield","floor":32.0,"key":"SMITH"},{"data":"Rupture","floor":46.0,"key":"SMITH"},{"floor":49.0,"key":"RECALL"},{"data":"Feel No Pain","floor":53,"key":"SMITH"}],"neow_cost":"NO_GOLD","seed_source_timestamp":328675872308800,"circlet_count":0,"master_deck":["AscendersBane","Strike_R","Strike_R","Defend_R","Defend_R","Defend_R","Defend_R","Bash","Cleave","Disarm+1","Cleave+1","Pain","Fiend Fire+1","Ghostly Armor","Shockwave","Rupture+1","Corruption+1","Impervious","Rupture+1","Dual Wield+1","Feel No Pain+1","Intimidate+1","Disarm","Hemokinesis","Sword Boomerang","Reaper","Feel No Pain","Limit Break","Rupture+1","Evolve","Shrug It Off","Flame Barrier","Shrug It Off+1","Master of Strategy","Feel No Pain","Corruption"],"special_seed":0,"relics":["Black Blood","Magic Flower","WarpedTongs","Gambling Chip","Incense Burner","Centennial Puzzle","Meat on the Bone","Strawberry","Bird Faced Urn","Pantograph","Runic Cube","PreservedInsect","Regal Pillow","Ice Cream","Gremlin Horn"],"potions_floor_usage":[56,56],"damage_taken":[{"damage":2.0,"enemies":"Cultist","floor":1.0,"turns":4.0},{"damage":7.0,"enemies":"Small Slimes","floor":2.0,"turns":3.0},{"damage":17.0,"enemies":"Jaw Worm","floor":4.0,"turns":5.0},{"damage":6.0,"enemies":"2 Fungi Beasts","floor":7.0,"turns":4.0},{"damage":12.0,"enemies":"Gremlin Gang","floor":11.0,"turns":4.0},{"damage":20.0,"enemies":"3 Sentries","floor":12.0,"turns":6.0},{"damage":30.0,"enemies":"Gremlin Nob","floor":14.0,"turns":4.0},{"damage":19.0,"enemies":"The Guardian","floor":16.0,"turns":9.0},{"damage":26.0,"enemies":"2 Thieves","floor":18.0,"turns":3.0},{"damage":12.0,"enemies":"Chosen","floor":19.0,"turns":6.0},{"damage":13.0,"enemies":"Slavers","floor":23.0,"turns":6.0},{"damage":23.0,"enemies":"Book of Stabbing","floor":25.0,"turns":7.0},{"damage":12.0,"enemies":"Centurion and Healer","floor":30.0,"turns":6.0},{"damage":12.0,"enemies":"Snake Plant","floor":31.0,"turns":5.0},{"damage":91.0,"enemies":"Automaton","floor":33.0,"turns":11.0},{"damage":13.0,"enemies":"Orb Walker","floor":35.0,"turns":2.0},{"damage":20.0,"enemies":"3 Shapes","floor":38.0,"turns":7.0},{"damage":27.0,"enemies":"Jaw Worm Horde","floor":39.0,"turns":4.0},{"damage":53.0,"enemies":"Nemesis","floor":40.0,"turns":9.0},{"damage":17.0,"enemies":"Sphere and 2 Shapes","floor":41.0,"turns":4.0},{"damage":33.0,"enemies":"Spire Growth","floor":42.0,"turns":5.0},{"damage":27.0,"enemies":"Reptomancer","floor":45.0,"turns":5.0},{"damage":23.0,"enemies":"Giant Head","floor":47.0,"turns":4.0},{"damage":57.0,"enemies":"Transient","floor":48.0,"turns":6.0},{"damage":145,"enemies":"Awakened One","floor":50,"turns":16},{"damage":37,"enemies":"Time Eater","floor":51,"turns":7},{"damage":47,"enemies":"Shield and Spear","floor":55,"turns":9},{"damage":41,"enemies":"The Heart","floor":56,"turns":9}],"seed_played":"-5677406800118311959","potions_obtained":[{"floor":7.0,"key":"LiquidBronze"},{"floor":11.0,"key":"SpeedPotion"},{"floor":16.0,"key":"Strength Potion"},{"floor":18.0,"key":"Swift Potion"},{"floor":25.0,"key":"EssenceOfSteel"},{"floor":42.0,"key":"Ancient Potion"}],"is_trial":false,"path_per_floor":["M","M","?","M","?","R","M","R","T","R","M","E","$","E","R","B",null,"M","M","?","?","$","E","R","E","T","$","?","R","M","M","R","B",null,"M","?","?","M","M","E","M","M","T","$","E","R","E","M","R","B","B",null,"R","$","E","B",null],"character_chosen":"IRONCLAD","items_purchased":["Rupture","Feel No Pain","Hemokinesis","Shrug It Off","Master of Strategy","Feel No Pain"],"campfire_rested":0,"item_purchase_floors":[13,22,27,44,54,54],"current_hp_per_floor":[75,75,75,67,67,67,70,70,70,70,67,56,56,35,35,25,63,52,55,34,34,34,61,61,71,71,71,71,71,86,87,87,35,74,87,87,87,87,87,87,87,86,86,86,87,87,87,87,87,87,79,85,85,85,76,83],"gold":42,"neow_bonus":"ONE_RARE_RELIC","is_prod":false,"is_daily":false,"chose_seed":false,"campfire_upgraded":9,"win_rate":0,"timestamp":1567672420,"path_taken":["M","M","?","?","?","R","M","R","T","R","M","E","$","E","R","BOSS","M","M","?","?","$","E","R","E","T","$","?","R","?","M","R","BOSS","M","?","?","M","M","E","?","M","T","$","E","R","E","M","R","BOSS","BOSS","R","$","E","BOSS"],"build_version":"2019-07-17","purchased_purges":2,"victory":true,"max_hp_per_floor":[75,75,75,75,75,75,75,75,75,75,75,75,75,75,75,75,75,75,75,80,80,80,87,87,87,87,87,87,87,87,87,87,87,87,87,87,87,87,87,87,87,87,87,87,87,87,87,87,87,87,87,87,87,87,87,87],"card_choices":[{"not_picked":["Clothesline","Body Slam"],"picked":"Cleave","floor":1.0},{"not_picked":["Headbutt","Pommel Strike"],"picked":"Disarm","floor":2.0},{"not_picked":["Armaments","Iron Wave"],"picked":"Cleave","floor":4.0},{"not_picked":["Havoc","Heavy Blade"],"picked":"Fiend Fire","floor":7.0},{"not_picked":["Heavy Blade","Iron Wave"],"picked":"Ghostly Armor","floor":11.0},{"not_picked":["Brutality","Clothesline"],"picked":"Shockwave","floor":12.0},{"not_picked":["Body Slam","True Grit"],"picked":"Corruption","floor":14.0},{"not_picked":["Dark Embrace","Double Tap"],"picked":"Impervious","floor":16.0},{"not_picked":["Combust","Shrug It Off"],"picked":"Rupture","floor":18.0},{"not_picked":["Heavy Blade","Twin Strike+1"],"picked":"Dual Wield","floor":19.0},{"not_picked":["Dark Embrace","Perfected Strike"],"picked":"Intimidate+1","floor":23.0},{"not_picked":["Wild Strike","Shrug It Off+1"],"picked":"Disarm","floor":25.0},{"not_picked":["Body Slam","Clothesline"],"picked":"Sword Boomerang","floor":30.0},{"not_picked":["Rupture","Wild Strike","Blood for Blood"],"picked":"SKIP","floor":31.0},{"not_picked":["Berserk","Offering"],"picked":"Reaper","floor":33.0},{"not_picked":["Combust","Pummel+1"],"picked":"Feel No Pain","floor":35.0},{"not_picked":["Cleave","Thunderclap","Inflame"],"picked":"SKIP","floor":38.0},{"not_picked":["Body Slam","Clothesline","Rage"],"picked":"SKIP","floor":39.0},{"not_picked":["Barricade","Blood for Blood+1"],"picked":"Limit Break","floor":40.0},{"not_picked":["Perfected Strike","Twin Strike"],"picked":"Rupture","floor":41.0},{"not_picked":["Body Slam","Thunderclap"],"picked":"Evolve","floor":42.0},{"not_picked":["Reckless Charge","Inflame"],"picked":"Flame Barrier","floor":45.0},{"not_picked":["Shockwave","Armaments"],"picked":"Shrug It Off+1","floor":47.0},{"not_picked":["Hemokinesis","Rage","Heavy Blade"],"picked":"SKIP","floor":48.0},{"not_picked":["Infernal Blade","Flex"],"picked":"Corruption","floor":55}],"player_experience":860806,"relics_obtained":[{"floor":9.0,"key":"Gambling Chip"},{"floor":12.0,"key":"Incense Burner"},{"floor":14.0,"key":"Centennial Puzzle"},{"floor":23.0,"key":"Strawberry"},{"floor":25.0,"key":"Bird Faced Urn"},{"floor":26.0,"key":"Pantograph"},{"floor":40.0,"key":"PreservedInsect"},{"floor":45.0,"key":"Regal Pillow"},{"floor":47.0,"key":"Ice Cream"},{"floor":55,"key":"Gremlin Horn"}],"event_choices":[{"damage_healed":0.0,"max_hp_gain":0.0,"max_hp_loss":0.0,"gold_gain":100.0,"event_name":"Wheel of Change","player_choice":"Gold","floor":3.0,"gold_loss":0.0,"damage_taken":0.0},{"damage_healed":0.0,"max_hp_gain":0.0,"max_hp_loss":0.0,"gold_gain":0.0,"event_name":"Accursed Blacksmith","player_choice":"Rummage","floor":5.0,"gold_loss":0.0,"damage_taken":0.0,"relics_obtained":["WarpedTongs"],"cards_obtained":["Pain"]},{"damage_healed":0.0,"max_hp_gain":5.0,"max_hp_loss":0.0,"gold_gain":0.0,"event_name":"Forgotten Altar","player_choice":"Shed Blood","floor":20.0,"gold_loss":0.0,"damage_taken":26.0},{"damage_healed":0.0,"max_hp_gain":0.0,"max_hp_loss":0.0,"gold_gain":0.0,"event_name":"The Mausoleum","player_choice":"Opened","floor":21.0,"gold_loss":0.0,"damage_taken":0.0,"relics_obtained":["Meat on the Bone"],"cards_obtained":["Writhe"]},{"cards_removed":["Strike_R"],"damage_healed":0.0,"max_hp_gain":0.0,"max_hp_loss":0.0,"gold_gain":0.0,"event_name":"Purifier","player_choice":"Purged","floor":28.0,"gold_loss":0.0,"damage_taken":0.0},{"cards_removed":["Strike_R"],"damage_healed":0.0,"max_hp_gain":0.0,"max_hp_loss":0.0,"gold_gain":0.0,"event_name":"Falling","player_choice":"Removed Attack","floor":36.0,"gold_loss":0.0,"damage_taken":0.0},{"damage_healed":0.0,"max_hp_gain":0.0,"max_hp_loss":0.0,"gold_gain":0.0,"event_name":"Fountain of Cleansing","player_choice":"Ignored","floor":37.0,"gold_loss":0.0,"damage_taken":0.0}],"is_beta":false,"boss_relics":[{"not_picked":["Pandora\u0027s Box","Eternal Feather"],"picked":"Black Blood"},{"not_picked":["Lizard Tail","Orrery"],"picked":"Runic Cube"}],"items_purged_floors":[13,22],"is_endless":false,"potions_floor_spawned":[7,11,14,16,18,23,25,31,38,42,47],"ascension_level":20}