{"gold_per_floor":[109,119,130,149,163,163,176,240,240,240,35,0,28,38,38,139,139,139,94,49,49,49,49,49,49,49,49,49,0,0,0,0,0,0,0,0,0,0,0,0,0,0,0,0,0,0,0,0,0,0],"floor_reached":50,"playtime":11288,"items_purged":["Strike_B"],"score":687,"play_id":"da34506a-0b01-4001-b7c0-5dbd935dffac","local_time":"20190817183815","is_ascension_mode":true,"campfire_choices":[{"data":"Beam Cell","floor":6,"key":"SMITH"},{"data":"Hologram","floor":10,"key":"SMITH"},{"data":"Streamline","floor":15,"key":"SMITH"},{"data":"Good Instincts","floor":23,"key":"SMITH"},{"data":"Zap","floor":27,"key":"SMITH"},{"floor":32,"key":"REST"},{"floor":40,"key":"REST"},{"data":"Seek","floor":42,"key":"SMITH"},{"data":"Echo Form","floor":44,"key":"SMITH"},{"data":"Go for the Eyes","floor":47,"key":"SMITH"},{"floor":49,"key":"REST"}],"neow_cost":"NONE","seed_source_timestamp":1025829221318383,"circlet_count":0,"master_deck":["Strike_B","Strike_B","Strike_B","Defend_B","Defend_B","Defend_B","Defend_B","Zap+1","Dualcast","Go for the Eyes+1","Streamline","Hologram+1","Leap","Beam Cell+1","Leap","Electrodynamics","Good Instincts+1","Cold Snap","Streamline+1","Compile Driver","Core Surge","Go for the Eyes+1","Conserve Battery","Ball Lightning","Redo+1","Echo Form+1","Chaos+1","Gash","Seek+1","Chill+1","Defragment+1","Redo+1","Rebound","Rebound+1"],"relics":["Cracked Core","Tiny Chest","Potion Belt","Gambling Chip","Ectoplasm","Frozen Egg 2","Regal Pillow","Runic Pyramid","GremlinMask","Bag of Preparation"],"potions_floor_usage":[2,7,7,16,33,33,50,50,50,50],"damage_taken":[{"damage":0,"enemies":"Small Slimes","floor":1,"turns":4},{"damage":0,"enemies":"Jaw Worm","floor":2,"turns":3},{"damage":1,"enemies":"2 Louse","floor":3,"turns":2},{"damage":2,"enemies":"Red Slaver","floor":4,"turns":3},{"damage":2,"enemies":"Looter","floor":5,"turns":3},{"damage":6,"enemies":"Exordium Thugs","floor":7,"turns":5},{"damage":37,"enemies":"3 Sentries","floor":8,"turns":9},{"damage":14,"enemies":"Lagavulin","floor":13,"turns":6},{"damage":1,"enemies":"Red Slaver","floor":14,"turns":4},{"damage":4,"enemies":"Hexaghost","floor":16,"turns":10},{"damage":6,"enemies":"Spheric Guardian","floor":18,"turns":3},{"damage":14,"enemies":"2 Thieves","floor":20,"turns":3},{"damage":7,"enemies":"Chosen and Byrds","floor":21,"turns":4},{"damage":25,"enemies":"Cultist and Chosen","floor":24,"turns":5},{"damage":24,"enemies":"Gremlin Leader","floor":28,"turns":7},{"damage":18,"enemies":"Snake Plant","floor":30,"turns":4},{"damage":21,"enemies":"Automaton","floor":33,"turns":9},{"damage":10,"enemies":"Orb Walker","floor":35,"turns":3},{"damage":25,"enemies":"3 Darklings","floor":37,"turns":5},{"damage":14,"enemies":"Spire Growth","floor":38,"turns":4},{"damage":0,"enemies":"Maw","floor":45,"turns":7},{"damage":32,"enemies":"Transient","floor":48,"turns":5},{"damage":80,"enemies":"Awakened One","floor":50,"turns":11}],"seed_played":"-7588310325556124725","potions_obtained":[{"floor":1,"key":"Weak Potion"},{"floor":3,"key":"Weak Potion"},{"floor":4,"key":"FearPotion"},{"floor":7,"key":"FocusPotion"},{"floor":16,"key":"Block Potion"},{"floor":30,"key":"PowerPotion"},{"floor":33,"key":"LiquidBronze"},{"floor":37,"key":"GamblersBrew"},{"floor":45,"key":"PowerPotion"},{"floor":48,"key":"Regen Potion"}],"is_trial":false,"path_per_floor":["M","M","M","M","M","R","M","E","T","R","$","?","E","M","R","B",null,"M","$","M","M","?","R","M","?","T","R","E","$","M","$","R","B",null,"M","?","M","M","$","R","?","R","T","R","M","$","R","M","R","B"],"character_chosen":"DEFECT","items_purchased":["Good Instincts","Cold Snap","Conserve Battery","Weak Potion"],"campfire_rested":3,"item_purchase_floors":[11,11,19,29],"current_hp_per_floor":[75,75,74,72,70,70,64,27,27,27,27,47,33,32,32,28,69,63,63,49,42,42,42,17,44,44,44,20,20,2,2,41,20,67,57,57,32,18,18,57,57,57,57,57,57,57,57,25,64,0],"gold":0,"neow_bonus":"TEN_PERCENT_HP_BONUS","is_prod":false,"is_daily":false,"chose_seed":false,"campfire_upgraded":8,"win_rate":0,"timestamp":1566085095,"path_taken":["M","M","M","M","M","R","M","E","T","R","$","?","E","M","R","BOSS","M","$","M","M","?","R","M","?","T","R","E","$","M","?","R","BOSS","M","?","M","?","$","R","?","R","T","R","M","?","R","?","R","BOSS"],"build_version":"2019-07-17","purchased_purges":1,"victory":false,"max_hp_per_floor":[82,82,82,82,82,82,82,82,82,82,82,82,82,82,82,82,82,82,82,82,82,82,82,82,82,82,82,82,82,82,82,82,82,82,82,82,82,82,82,82,82,82,82,82,82,82,82,82,82,82],"card_choices":[{"not_picked":["Capacitor","Recycle"],"picked":"Go for the Eyes","floor":1},{"not_picked":["Rip and Tear","Recycle"],"picked":"Streamline","floor":2},{"not_picked":["Sweeping Beam","Streamline"],"picked":"Hologram","floor":3},{"not_picked":["Steam","Genetic Algorithm"],"picked":"Leap","floor":4},{"not_picked":["Reprogram","Compile Driver"],"picked":"Beam Cell","floor":5},{"not_picked":["Stack","Fusion"],"picked":"Leap","floor":7},{"not_picked":["Cold Snap","Force Field"],"picked":"Electrodynamics","floor":8},{"not_picked":["Skim","Barrage"],"picked":"Streamline","floor":13},{"not_picked":["Beam Cell","Blizzard"],"picked":"Compile Driver","floor":14},{"not_picked":["Biased Cognition","Meteor Strike"],"picked":"Core Surge","floor":16},{"not_picked":["Genetic Algorithm","Coolheaded"],"picked":"Go for the Eyes+1","floor":18},{"not_picked":["Beam Cell","Reinforced Body"],"picked":"Ball Lightning","floor":20},{"not_picked":["Sweeping Beam","Steam Power"],"picked":"Redo+1","floor":21},{"not_picked":["Stack","Conserve Battery"],"picked":"Echo Form","floor":24},{"not_picked":["Gash","Force Field"],"picked":"Chaos+1","floor":28},{"not_picked":["Redo","Beam Cell"],"picked":"Gash","floor":30},{"not_picked":["Machine Learning+1","Fission"],"picked":"Seek","floor":33},{"not_picked":["Redo+1","Loop+1"],"picked":"Chill+1","floor":35},{"not_picked":["Sweeping Beam+1","Streamline"],"picked":"Defragment+1","floor":37},{"not_picked":["Go for the Eyes+1","Ball Lightning+1"],"picked":"Redo+1","floor":38},{"not_picked":["Multi-Cast","Leap+1"],"picked":"Rebound","floor":45},{"not_picked":["Darkness","Compile Driver+1"],"picked":"Rebound+1","floor":48}],"player_experience":309795,"relics_obtained":[{"floor":8,"key":"Tiny Chest"},{"floor":9,"key":"Potion Belt"},{"floor":13,"key":"Gambling Chip"},{"floor":26,"key":"Frozen Egg 2"},{"floor":28,"key":"Regal Pillow"},{"floor":43,"key":"Bag of Preparation"}],"event_choices":[{"damage_healed":20,"gold_gain":0,"player_choice":"Healed","damage_taken":0,"max_hp_gain":0,"max_hp_loss":0,"event_name":"The Cleric","floor":12,"gold_loss":35},{"damage_healed":0,"gold_gain":0,"player_choice":"Ignored","damage_taken":0,"max_hp_gain":0,"max_hp_loss":0,"event_name":"The Mausoleum","floor":22,"gold_loss":0},{"damage_healed":27,"gold_gain":0,"player_choice":"Heal","damage_taken":0,"max_hp_gain":0,"max_hp_loss":0,"event_name":"The Library","floor":25,"gold_loss":0},{"damage_healed":0,"gold_gain":0,"player_choice":"Trade","damage_taken":0,"relics_obtained":["GremlinMask"],"max_hp_gain":0,"max_hp_loss":0,"event_name":"FaceTrader","floor":36,"gold_loss":0},{"damage_healed":0,"gold_gain":100,"player_choice":"Pray","damage_taken":0,"max_hp_gain":0,"max_hp_loss":0,"event_name":"Golden Shrine","floor":41,"gold_loss":0}],"is_beta":false,"boss_relics":[{"not_picked":["Fusion Hammer","Orrery"],"picked":"Ectoplasm"},{"not_picked":["Tiny House","Black Star"],"picked":"Runic Pyramid"}],"items_purged_floors":[11],"is_endless":false,"potions_floor_spawned":[1,3,4,7,16,30,33,37,45,48],"killed_by":"Awakened One","ascension_level":9}