{"gold_per_floor":[117,127,146,162,30,59,71,83,95,125,153,165],"floor_reached":12,"playtime":341,"items_purged":["Strike_B"],"score":164,"play_id":"46e171a1-c016-4a2e-bd0e-a9842a7c1149","local_time":"20190907135046","is_ascension_mode":true,"campfire_choices":[{"data":"Rainbow","floor":8,"key":"SMITH"}],"neow_cost":"PERCENT_DAMAGE","seed_source_timestamp":225205955823100,"circlet_count":0,"master_deck":["AscendersBane","Strike_B","Strike_B","Strike_B","Defend_B","Defend_B","Defend_B","Defend_B","Zap","Dualcast","Rainbow+1","FTL","Rebound","Sweeping Beam","Rip and Tear","Cold Snap","Capacitor","Go for the Eyes"],"special_seed":0,"relics":["Cracked Core","MawBank","Shuriken"],"potions_floor_usage":[],"damage_taken":[{"damage":0.0,"enemies":"2 Louse","floor":1.0,"turns":2.0},{"damage":2.0,"enemies":"Jaw Worm","floor":2.0,"turns":3.0},{"damage":1.0,"enemies":"Cultist","floor":3.0,"turns":3.0},{"damage":10.0,"enemies":"Looter","floor":4.0,"turns":3.0},{"damage":4.0,"enemies":"Gremlin Nob","floor":6.0,"turns":3.0},{"damage":14,"enemies":"Large Slime","floor":10,"turns":5},{"damage":4,"enemies":"Lots of Slimes","floor":11,"turns":4},{"damage":13,"enemies":"Exordium Wildlife","floor":12,"turns":1}],"seed_played":"-563494874822270507","potions_obtained":[{"floor":1.0,"key":"Poison Potion"},{"floor":4.0,"key":"FocusPotion"},{"floor":11,"key":"PowerPotion"}],"is_trial":false,"path_per_floor":["M","M","M","M","$","E","?","R","T","M","M","M"],"character_chosen":"DEFECT","items_purchased":["Cold Snap"],"campfire_rested":0,"item_purchase_floors":[5],"current_hp_per_floor":[46,44,43,33,33,29,29,29,29,15,11,0],"gold":165,"neow_bonus":"THREE_RARE_CARDS","is_prod":false,"is_daily":false,"chose_seed":false,"campfire_upgraded":1,"win_rate":0,"timestamp":1567878646,"path_taken":["M","M","M","M","$","E","?","R","T","M","M","M"],"build_version":"2019-07-17","purchased_purges":1,"victory":false,"max_hp_per_floor":[71,71,71,71,71,71,71,71,71,71,71,71],"card_choices":[{"not_picked":["Meteor Strike","Buffer"],"picked":"Rainbow","floor":0.0},{"not_picked":["Chill","Leap"],"picked":"FTL","floor":1.0},{"not_picked":["Stack","Reinforced Body"],"picked":"Rebound","floor":2.0},{"not_picked":["Steam Power","Streamline"],"picked":"Sweeping Beam","floor":3.0},{"not_picked":["Skim","Compile Driver"],"picked":"Rip and Tear","floor":4.0},{"not_picked":["Creative AI","Auto Shields"],"picked":"Capacitor","floor":6.0},{"not_picked":["Hologram","Capacitor"],"picked":"Go for the Eyes","floor":10},{"not_picked":["Capacitor","Sweeping Beam","Blizzard"],"picked":"SKIP","floor":11}],"player_experience":784518,"relics_obtained":[{"floor":6.0,"key":"MawBank"},{"floor":9,"key":"Shuriken"}],"event_choices":[{"damage_healed":0,"gold_gain":0,"player_choice":"Fled","damage_taken":0,"max_hp_gain":0,"max_hp_loss":0,"event_name":"Scrap Ooze","floor":7,"gold_loss":0}],"is_beta":false,"boss_relics":[],"items_purged_floors":[5],"is_endless":false,"potions_floor_spawned":[1,4,11],"killed_by":"Exordium Wildlife","ascension_level":20}