{"gold_per_floor":[11,25,25,25,35,35,61,73,73,101,111,111,111],"floor_reached":13,"playtime":727,"items_purged":[],"score":138,"play_id":"92cf7842-f486-4075-a8bd-6f59fb910def","local_time":"20190817152933","is_ascension_mode":true,"campfire_choices":[{"data":"Buffer","floor":6.0,"key":"SMITH"}],"neow_cost":"NO_GOLD","seed_source_timestamp":0,"circlet_count":0,"master_deck":["Strike_B","Strike_B","Strike_B","Strike_B","Defend_B","Defend_B","Defend_B","Defend_B","Zap","Dualcast","Buffer+1","Go for the Eyes","White Noise","Auto Shields","Buffer+1","Genetic Algorithm","Fusion","Coolheaded"],"special_seed":0,"relics":["Cracked Core","Molten Egg 2","Turnip","Thread and Needle"],"potions_floor_usage":[],"damage_taken":[{"damage":1.0,"enemies":"Cultist","floor":1.0,"turns":3.0},{"damage":4.0,"enemies":"Small Slimes","floor":2.0,"turns":4.0},{"damage":1.0,"enemies":"2 Louse","floor":5.0,"turns":3.0},{"damage":40.0,"enemies":"3 Sentries","floor":7.0,"turns":8.0},{"damage":0.0,"enemies":"2 Fungi Beasts","floor":8.0,"turns":4.0},{"damage":14.0,"enemies":"Gremlin Nob","floor":10.0,"turns":6.0},{"damage":0.0,"enemies":"Looter","floor":11.0,"turns":4.0},{"damage":16,"enemies":"3 Sentries","floor":13,"turns":6}],"seed_played":"815223255660223051","potions_obtained":[{"floor":2.0,"key":"Poison Potion"},{"floor":5.0,"key":"AttackPotion"},{"floor":8.0,"key":"AttackPotion"}],"is_trial":false,"path_per_floor":["M","M","$","?","M","R","E","M","T","E","M","?","E"],"character_chosen":"DEFECT","items_purchased":[],"campfire_rested":0,"item_purchase_floors":[],"current_hp_per_floor":[67,63,63,68,67,67,27,27,27,13,13,13,0],"gold":111,"neow_bonus":"THREE_RARE_CARDS","is_prod":false,"is_daily":false,"chose_seed":false,"campfire_upgraded":1,"win_rate":0,"timestamp":1566073773,"path_taken":["M","M","?","?","M","R","E","M","T","E","M","?","E"],"build_version":"2019-07-17","purchased_purges":0,"victory":false,"max_hp_per_floor":[75,75,75,80,80,80,80,80,80,80,80,80,80],"card_choices":[{"not_picked":["Seek","Creative AI"],"picked":"Buffer","floor":0.0},{"not_picked":["Streamline","Chill"],"picked":"Go for the Eyes","floor":1.0},{"not_picked":["Blizzard","Redo"],"picked":"White Noise","floor":2.0},{"not_picked":["Lockon","Reprogram"],"picked":"Auto Shields","floor":5.0},{"not_picked":["Auto Shields","Genetic Algorithm"],"picked":"Buffer","floor":7.0},{"not_picked":["Stack","Hello World"],"picked":"Genetic Algorithm","floor":8.0},{"not_picked":["Static Discharge","Steam Power"],"picked":"Fusion","floor":10.0},{"not_picked":["Stack","Turbo"],"picked":"Coolheaded","floor":11.0}],"player_experience":309068,"relics_obtained":[{"floor":7.0,"key":"Molten Egg 2"},{"floor":9.0,"key":"Turnip"},{"floor":10.0,"key":"Thread and Needle"}],"event_choices":[{"damage_healed":0.0,"max_hp_gain":5.0,"max_hp_loss":0.0,"gold_gain":0.0,"event_name":"Big Fish","player_choice":"Donut","floor":4.0,"gold_loss":0.0,"damage_taken":0.0},{"damage_healed":0.0,"max_hp_gain":0.0,"max_hp_loss":0.0,"gold_gain":0.0,"event_name":"Living Wall","player_choice":"Grow","floor":12.0,"gold_loss":0.0,"damage_taken":0.0,"cards_upgraded":["Buffer"]}],"is_beta":false,"boss_relics":[],"items_purged_floors":[],"is_endless":false,"potions_floor_spawned":[2,5,8],"killed_by":"3 Sentries","ascension_level":9}