{"gold_per_floor":[111,111,128,128,128,128,159,159,185,196,214,227,260,1,1,106,106,124,124,124,138,138,138,165,180,207,207,207,207,207,207,207,310,310,328,340,146,146,246,280,280,290,313,332,347,347,362,381,381,381,381,381,36,69,69],"floor_reached":55,"playtime":4379,"items_purged":[],"score":938,"play_id":"d1d1ae7c-35c1-4e7e-968c-19942665ee66","local_time":"20190909154043","is_ascension_mode":true,"campfire_choices":[{"floor":6,"key":"RECALL"},{"floor":15,"key":"REST"},{"floor":23,"key":"REST"},{"floor":28,"key":"REST"},{"floor":30,"key":"REST"},{"floor":32,"key":"REST"},{"floor":41,"key":"REST"},{"floor":46,"key":"REST"},{"floor":49,"key":"REST"},{"floor":52,"key":"REST"}],"neow_cost":"NONE","seed_source_timestamp":446439499500500,"circlet_count":0,"master_deck":["Strike_G","Strike_G","Strike_G","Defend_G","Defend_G","Defend_G","Defend_G+1","Survivor","Neutralize","Infinite Blades","Infinite Blades","Adrenaline","PiercingWail","Outmaneuver","Footwork","Backflip","Corpse Explosion","Expertise+1","Necronomicurse","Dash+1","Malaise","Skewer","Tools of the Trade","Masterful Stab","Night Terror","Cloak And Dagger+1","Expertise+1","Transmutation","Predator","Cloak And Dagger","Backstab+1","Caltrops+1","Backflip","Acrobatics+1","Poisoned Stab+1","Acrobatics+1"],"relics":["Ring of the Snake","NeowsBlessing","FaceOfCleric","Turnip","Regal Pillow","Kunai","Fusion Hammer","Necronomicon","Tough Bandages","Boot","Mango","Runic Dome","Chemical X","Thread and Needle","War Paint","PreservedInsect","Bronze Scales","Lee\u0027s Waffle","Mercury Hourglass"],"potions_floor_usage":[12,13,24,33,42,48],"damage_taken":[{"damage":0,"enemies":"2 Louse","floor":1,"turns":1},{"damage":0,"enemies":"Cultist","floor":3,"turns":1},{"damage":0,"enemies":"Gremlin Nob","floor":7,"turns":1},{"damage":0,"enemies":"Small Slimes","floor":10,"turns":3},{"damage":8,"enemies":"Blue Slaver","floor":11,"turns":5},{"damage":1,"enemies":"3 Louse","floor":12,"turns":2},{"damage":46,"enemies":"3 Sentries","floor":13,"turns":9},{"damage":22,"enemies":"Hexaghost","floor":16,"turns":18},{"damage":21,"enemies":"Chosen","floor":18,"turns":8},{"damage":15,"enemies":"3 Byrds","floor":21,"turns":4},{"damage":30,"enemies":"Slavers","floor":24,"turns":4},{"damage":4,"enemies":"Shelled Parasite and Fungi","floor":25,"turns":7},{"damage":27,"enemies":"Automaton","floor":33,"turns":12},{"damage":0,"enemies":"Orb Walker","floor":35,"turns":4},{"damage":0,"enemies":"3 Darklings","floor":36,"turns":3},{"damage":48,"enemies":"Mind Bloom Boss Battle","floor":39,"turns":7},{"damage":8,"enemies":"Giant Head","floor":40,"turns":8},{"damage":3,"enemies":"Spire Growth","floor":42,"turns":5},{"damage":3,"enemies":"4 Shapes","floor":44,"turns":6},{"damage":11,"enemies":"Maw","floor":45,"turns":7},{"damage":29,"enemies":"Sphere and 2 Shapes","floor":47,"turns":3},{"damage":15,"enemies":"Spire Growth","floor":48,"turns":5},{"damage":25,"enemies":"Donu and Deca","floor":50,"turns":7},{"damage":19,"enemies":"Shield and Spear","floor":54,"turns":4},{"damage":106,"enemies":"The Heart","floor":55,"turns":6}],"seed_played":"191549573537097637","potions_obtained":[{"floor":7,"key":"PowerPotion"},{"floor":10,"key":"SteroidPotion"},{"floor":11,"key":"Explosive Potion"},{"floor":12,"key":"Energy Potion"},{"floor":21,"key":"FearPotion"},{"floor":25,"key":"SkillPotion"},{"floor":40,"key":"SkillPotion"},{"floor":42,"key":"AttackPotion"},{"floor":54,"key":"SteroidPotion"}],"is_trial":false,"path_per_floor":["M","?","M","?","?","R","E","$","T","M","M","M","E","$","R","B",null,"M","?","?","M","$","R","E","M","T","?","R","?","R","?","R","B",null,"M","M","$","?","?","E","R","M","T","M","M","R","M","M","R","B",null,"R","$","E","B"],"character_chosen":"THE_SILENT","items_purchased":["Kunai","Chemical X","Bronze Scales","Lee\u0027s Waffle"],"campfire_rested":9,"item_purchase_floors":[14,37,53,53],"current_hp_per_floor":[70,70,71,71,76,76,77,77,77,78,71,71,26,26,65,44,82,62,46,46,32,32,72,43,40,40,54,99,99,100,100,100,74,101,102,103,103,103,56,49,95,93,93,91,81,108,80,66,110,86,111,111,118,100,0],"gold":69,"neow_bonus":"THREE_ENEMY_KILL","is_prod":false,"is_daily":false,"chose_seed":false,"campfire_upgraded":0,"win_rate":0,"timestamp":1568061643,"path_taken":["M","?","?","?","?","R","E","$","T","M","M","M","E","?","R","BOSS","M","?","?","M","$","R","E","?","T","?","R","?","R","?","R","BOSS","M","?","$","?","?","E","R","M","T","M","M","R","M","M","R","BOSS","R","$","E","BOSS"],"build_version":"2019-07-17","purchased_purges":0,"victory":false,"max_hp_per_floor":[70,70,71,71,76,76,77,77,77,78,79,80,81,81,81,82,82,83,83,83,84,84,84,85,86,86,100,100,100,100,100,100,101,101,102,103,103,103,104,105,105,106,106,107,108,108,109,110,110,111,111,111,118,119,119],"card_choices":[{"not_picked":["Underhanded Strike","Well Laid Plans"],"picked":"Infinite Blades","floor":1},{"not_picked":["Deadly Poison","Outmaneuver"],"picked":"Infinite Blades","floor":3},{"not_picked":["Expertise","Reflex"],"picked":"Adrenaline","floor":7},{"not_picked":["Expertise","Prepared"],"picked":"PiercingWail","floor":10},{"not_picked":["Flying Knee","Deflect"],"picked":"Outmaneuver","floor":11},{"not_picked":["Prepared","Flying Knee"],"picked":"Footwork","floor":12},{"not_picked":["PiercingWail","After Image"],"picked":"Backflip","floor":13},{"not_picked":["Wraith Form v2","Grand Finale"],"picked":"Corpse Explosion","floor":16},{"not_picked":["Sucker Punch","Prepared"],"picked":"Expertise","floor":18},{"not_picked":["Setup","Calculated Gamble"],"picked":"Dash+1","floor":21},{"not_picked":["Riddle With Holes","Dagger Throw"],"picked":"Malaise","floor":24},{"not_picked":["PiercingWail","Slice"],"picked":"Skewer","floor":25},{"not_picked":["Unload","Die Die Die"],"picked":"Night Terror","floor":33},{"not_picked":["Slice+1","PiercingWail"],"picked":"Cloak And Dagger+1","floor":35},{"not_picked":["Quick Slash+1","Bane"],"picked":"Expertise+1","floor":36},{"not_picked":["Trip","Purity"],"picked":"Transmutation","floor":38},{"not_picked":["Prepared+1","Outmaneuver+1"],"picked":"Predator","floor":39},{"not_picked":["Dagger Throw","Malaise"],"picked":"Cloak And Dagger","floor":40},{"not_picked":["Masterful Stab","Blade Dance+1"],"picked":"Backstab+1","floor":42},{"not_picked":["Dodge and Roll","Bane+1"],"picked":"Caltrops+1","floor":44},{"not_picked":["Cloak And Dagger+1","Deadly Poison+1"],"picked":"Backflip","floor":45},{"not_picked":["Deflect","Concentrate"],"picked":"Acrobatics+1","floor":47},{"not_picked":["Outmaneuver+1","Flying Knee+1"],"picked":"Poisoned Stab+1","floor":48},{"not_picked":["Tools of the Trade","Distraction"],"picked":"Acrobatics+1","floor":54}],"player_experience":303870,"relics_obtained":[{"floor":7,"key":"Turnip"},{"floor":13,"key":"Regal Pillow"},{"floor":19,"key":"Necronomicon"},{"floor":24,"key":"Tough Bandages"},{"floor":26,"key":"Boot"},{"floor":39,"key":"Thread and Needle"},{"floor":40,"key":"War Paint"},{"floor":43,"key":"PreservedInsect"},{"floor":54,"key":"Mercury Hourglass"}],"event_choices":[{"damage_healed":0,"gold_gain":0,"player_choice":"Trade","damage_taken":0,"relics_obtained":["FaceOfCleric"],"max_hp_gain":0,"max_hp_loss":0,"event_name":"FaceTrader","floor":2,"gold_loss":0},{"damage_healed":0,"gold_gain":0,"player_choice":"Ignored","damage_taken":0,"max_hp_gain":0,"max_hp_loss":0,"event_name":"Golden Wing","floor":4,"gold_loss":0},{"damage_healed":0,"gold_gain":0,"player_choice":"Donut","damage_taken":0,"max_hp_gain":5,"max_hp_loss":0,"event_name":"Big Fish","floor":5,"gold_loss":0},{"damage_healed":0,"gold_gain":0,"player_choice":"Obtained Book","damage_taken":16,"max_hp_gain":0,"max_hp_loss":0,"event_name":"Cursed Tome","floor":19,"gold_loss":0},{"cards_removed":["Strike_G"],"damage_healed":0,"gold_gain":0,"player_choice":"Offered Basic","damage_taken":0,"max_hp_gain":0,"max_hp_loss":0,"event_name":"Bonfire Elementals","floor":20,"gold_loss":0},{"damage_healed":0,"gold_gain":0,"player_choice":"Opened","damage_taken":0,"relics_obtained":["Mango"],"max_hp_gain":0,"max_hp_loss":0,"event_name":"The Mausoleum","floor":27,"gold_loss":0},{"damage_healed":0,"gold_gain":0,"cards_transformed":["Defend_G","Strike_G"],"player_choice":"Became Test Subject","damage_taken":0,"max_hp_gain":0,"max_hp_loss":0,"event_name":"Drug Dealer","floor":29,"gold_loss":0,"cards_obtained":["Tools of the Trade","Masterful Stab"]},{"damage_healed":0,"gold_gain":0,"player_choice":"Bought 0 Potions","damage_taken":0,"max_hp_gain":0,"max_hp_loss":0,"event_name":"The Woman in Blue","floor":31,"gold_loss":0},{"damage_healed":0,"gold_gain":0,"player_choice":"Memory 1","damage_taken":0,"max_hp_gain":0,"max_hp_loss":0,"event_name":"SensoryStone","floor":38,"gold_loss":0},{"damage_healed":0,"gold_gain":0,"player_choice":"Fight","damage_taken":0,"max_hp_gain":0,"max_hp_loss":0,"event_name":"MindBloom","floor":39,"gold_loss":0}],"is_beta":false,"boss_relics":[{"not_picked":["Orrery","Cursed Key"],"picked":"Fusion Hammer"},{"not_picked":["Busted Crown","Lizard Tail"],"picked":"Runic Dome"}],"items_purged_floors":[],"is_endless":false,"potions_floor_spawned":[7,10,11,12,21,25,40,42,44,45,54],"killed_by":"The Heart","ascension_level":3}