{"gold_per_floor":[118,131,20,90,90,90,116,116,140,140,140,165,178,194,194,271,271,290,290,290,84,84,84,119,134,158,158,176,226,241,273,273,273],"floor_reached":33,"playtime":1034,"items_purged":["Berserk","Writhe"],"score":582,"play_id":"37bd7f24-a403-4eb1-9bb9-ec2647f54ec8","local_time":"20190812205226","is_ascension_mode":true,"campfire_choices":[{"data":"Blood for Blood","floor":6.0,"key":"SMITH"},{"data":"Juggernaut","floor":8.0,"key":"SMITH"},{"data":"Bash","floor":10.0,"key":"SMITH"},{"floor":15,"key":"REST"},{"data":"Immolate","floor":23,"key":"SMITH"},{"floor":27,"key":"REST"},{"data":"Rage","floor":32,"key":"SMITH"}],"neow_cost":"NONE","seed_source_timestamp":794907302328300,"circlet_count":0,"master_deck":["AscendersBane","Strike_R+1","Strike_R+1","Strike_R+1","Strike_R+1","Defend_R+1","Defend_R+1","Defend_R+1","Defend_R+1","Bash+1","Headbutt","Power Through","Blood for Blood+1","Juggernaut+1","Shrug It Off","Battle Trance","Iron Wave","Immolate+1","Shrug It Off","Second Wind+1","Rage+1","Feel No Pain","Offering"],"special_seed":0,"relics":["Burning Blood","Dodecahedron","Boot","Runic Dome","Mummified Hand","Molten Egg 2","Blood Vial","Meat on the Bone"],"potions_floor_usage":[16,31],"damage_taken":[{"damage":7.0,"enemies":"Cultist","floor":1.0,"turns":4.0},{"damage":19.0,"enemies":"Jaw Worm","floor":2.0,"turns":4.0},{"damage":35.0,"enemies":"3 Sentries","floor":7.0,"turns":9.0},{"damage":42.0,"enemies":"Lagavulin","floor":12.0,"turns":7.0},{"damage":0,"enemies":"2 Louse","floor":13,"turns":4},{"damage":6,"enemies":"Looter","floor":14,"turns":3},{"damage":23,"enemies":"Slime Boss","floor":16,"turns":10},{"damage":5,"enemies":"3 Byrds","floor":18,"turns":4},{"damage":49,"enemies":"Book of Stabbing","floor":24,"turns":6},{"damage":10,"enemies":"Shell Parasite","floor":25,"turns":4},{"damage":13,"enemies":"Sentry and Sphere","floor":28,"turns":4},{"damage":0,"enemies":"3 Cultists","floor":30,"turns":4},{"damage":5,"enemies":"Slavers","floor":31,"turns":3},{"damage":79,"enemies":"Champ","floor":33,"turns":12}],"seed_played":"-4032275261729689220","potions_obtained":[{"floor":2.0,"key":"GamblersBrew"},{"floor":13,"key":"BloodPotion"},{"floor":14,"key":"Explosive Potion"},{"floor":16,"key":"Dexterity Potion"}],"is_trial":false,"path_per_floor":["M","M","$","?","?","R","E","R","T","R","?","E","M","M","R","B",null,"M","?","?","$","?","R","E","M","T","R","M","?","M","E","R","B"],"character_chosen":"IRONCLAD","items_purchased":["Blood for Blood","Fire Potion","Shrug It Off"],"campfire_rested":2,"item_purchase_floors":[3,21,21],"current_hp_per_floor":[67,54,54,54,75,75,46,46,46,46,46,10,16,16,38,21,62,63,63,63,63,63,63,20,16,16,38,33,33,41,62,62,0],"gold":273,"neow_bonus":"ONE_RANDOM_RARE_CARD","is_prod":false,"is_daily":false,"chose_seed":false,"campfire_upgraded":5,"win_rate":0,"timestamp":1565668346,"path_taken":["M","?","$","?","?","R","E","R","T","R","?","E","M","?","R","BOSS","M","?","?","$","?","R","E","M","T","R","?","?","M","E","R","BOSS"],"build_version":"2019-07-17","purchased_purges":2,"victory":false,"max_hp_per_floor":[75,75,75,75,75,75,75,75,75,75,75,75,75,75,75,75,75,75,75,75,75,75,75,75,75,75,75,75,75,75,75,75,75],"card_choices":[{"not_picked":["Sword Boomerang","Warcry"],"picked":"Headbutt","floor":1.0},{"not_picked":["Heavy Blade","Sword Boomerang"],"picked":"Power Through","floor":2.0},{"not_picked":["Sever Soul","Blood for Blood"],"picked":"Juggernaut","floor":7.0},{"not_picked":["Reckless Charge","True Grit"],"picked":"Shrug It Off","floor":12},{"not_picked":["Clothesline","Hemokinesis"],"picked":"Battle Trance","floor":13},{"not_picked":["Hemokinesis","Warcry"],"picked":"Iron Wave","floor":14},{"not_picked":["Limit Break","Offering"],"picked":"Immolate","floor":16},{"not_picked":["Headbutt","Havoc","Pommel Strike"],"picked":"SKIP","floor":18},{"not_picked":["Rampage","Sword Boomerang","Flex"],"picked":"SKIP","floor":24},{"not_picked":["Clothesline+1","Wild Strike+1"],"picked":"Second Wind+1","floor":25},{"not_picked":["Rage","Intimidate","Seeing Red"],"picked":"SKIP","floor":28},{"not_picked":["Intimidate","Seeing Red"],"picked":"Rage","floor":28},{"not_picked":["Infernal Blade","Fire Breathing"],"picked":"Feel No Pain","floor":30},{"not_picked":["Wild Strike+1","Clash+1"],"picked":"Offering","floor":31}],"player_experience":783833,"relics_obtained":[{"floor":7.0,"key":"Dodecahedron"},{"floor":9.0,"key":"Boot"},{"floor":24,"key":"Molten Egg 2"},{"floor":26,"key":"Blood Vial"},{"floor":31,"key":"Meat on the Bone"}],"event_choices":[{"damage_healed":0.0,"max_hp_gain":0.0,"max_hp_loss":0.0,"gold_gain":70.0,"event_name":"Golden Wing","player_choice":"Gained Gold","floor":4.0,"gold_loss":0.0,"damage_taken":0.0},{"damage_healed":25.0,"max_hp_gain":0.0,"max_hp_loss":0.0,"gold_gain":0.0,"event_name":"Big Fish","player_choice":"Banana","floor":5.0,"gold_loss":0.0,"damage_taken":0.0},{"cards_removed":["Strike_R"],"damage_healed":0.0,"max_hp_gain":0.0,"max_hp_loss":0.0,"gold_gain":0.0,"event_name":"Bonfire Elementals","player_choice":"Offered Basic","floor":11.0,"gold_loss":0.0,"damage_taken":0.0},{"damage_healed":0,"gold_gain":0,"player_choice":"Opened","damage_taken":0,"relics_obtained":["Mummified Hand"],"max_hp_gain":0,"max_hp_loss":0,"event_name":"The Mausoleum","floor":19,"gold_loss":0,"cards_obtained":["Writhe"]},{"damage_healed":0,"gold_gain":0,"player_choice":"Ignored","damage_taken":0,"max_hp_gain":0,"max_hp_loss":0,"event_name":"Ghosts","floor":20,"gold_loss":0},{"damage_healed":0,"gold_gain":0,"player_choice":"Simplicity","damage_taken":0,"max_hp_gain":0,"max_hp_loss":0,"event_name":"Back to Basics","floor":22,"gold_loss":0,"cards_upgraded":["Strike_R","Strike_R","Strike_R","Strike_R","Defend_R","Defend_R","Defend_R","Defend_R"]},{"damage_healed":0,"gold_gain":50,"player_choice":"Stole From Cult","damage_taken":0,"max_hp_gain":0,"max_hp_loss":0,"event_name":"Nest","floor":29,"gold_loss":0}],"is_beta":false,"boss_relics":[{"not_picked":["Velvet Choker","Eternal Feather"],"picked":"Runic Dome"}],"items_purged_floors":[3,21],"is_endless":false,"potions_floor_spawned":[2,13,14,16,28,30],"killed_by":"Champ","ascension_level":20}