{"gold_per_floor":[368,55,75,150,37,70,84,84,84,114,114,149,149,159,159,159],"floor_reached":16,"playtime":457,"items_purged":[],"score":216,"play_id":"3bbb4740-cff8-4ad5-8723-5797bff6957e","local_time":"20190726035839","is_ascension_mode":true,"campfire_choices":[{"floor":8,"key":"REST"},{"floor":11,"key":"REST"},{"data":"Uppercut","floor":13,"key":"SMITH"},{"data":"Feel No Pain","floor":15,"key":"SMITH"}],"neow_cost":"TEN_PERCENT_HP_LOSS","seed_source_timestamp":765844459093000,"circlet_count":0,"master_deck":["AscendersBane","Strike_R","Strike_R","Strike_R","Strike_R","Strike_R","Defend_R","Defend_R","Defend_R","Defend_R","Bash","Uppercut+1","Corruption","Thunderclap","Feel No Pain+1","Pommel Strike","Battle Trance","Offering","Iron Wave+1"],"relics":["Burning Blood","Mummified Hand","Omamori","Odd Mushroom","Molten Egg 2"],"potions_floor_usage":[6,7,12,16],"damage_taken":[{"damage":1,"enemies":"Cultist","floor":1,"turns":3},{"damage":7,"enemies":"Jaw Worm","floor":3,"turns":3},{"damage":52,"enemies":"3 Sentries","floor":6,"turns":9},{"damage":3,"enemies":"2 Louse","floor":7,"turns":2},{"damage":26,"enemies":"The Mushroom Lair","floor":10,"turns":4},{"damage":4,"enemies":"Lagavulin","floor":12,"turns":7},{"damage":8,"enemies":"Blue Slaver","floor":14,"turns":2},{"damage":33,"enemies":"Hexaghost","floor":16,"turns":8}],"seed_played":"3111785800499714470","potions_obtained":[{"floor":3,"key":"SkillPotion"},{"floor":6,"key":"Strength Potion"},{"floor":7,"key":"SteroidPotion"}],"is_trial":false,"path_per_floor":["M","$","M","?","$","E","M","R","T","?","R","E","R","M","R","B"],"character_chosen":"IRONCLAD","items_purchased":["Mummified Hand","Uppercut","Thunderclap","Fire Potion"],"campfire_rested":2,"item_purchase_floors":[2,2,5,5],"current_hp_per_floor":[68,68,67,56,56,10,13,33,33,13,33,35,35,33,33,0],"gold":159,"neow_bonus":"TWO_FIFTY_GOLD","is_prod":false,"is_daily":false,"chose_seed":false,"campfire_upgraded":2,"win_rate":0,"timestamp":1564138719,"path_taken":["M","?","M","?","$","E","M","R","T","?","R","E","R","M","R","BOSS"],"build_version":"2019-07-17","purchased_purges":0,"victory":false,"max_hp_per_floor":[68,68,68,68,68,68,68,68,68,68,68,68,68,68,68,68],"card_choices":[{"not_picked":["Havoc","Rage","Intimidate"],"picked":"SKIP","floor":1},{"not_picked":["Cleave","Ghostly Armor"],"picked":"Corruption","floor":3},{"not_picked":["True Grit","Iron Wave"],"picked":"Feel No Pain","floor":6},{"not_picked":["Infernal Blade","Shrug It Off"],"picked":"Pommel Strike","floor":7},{"not_picked":["Wild Strike","Armaments"],"picked":"Battle Trance","floor":10},{"not_picked":["Armaments","Warcry"],"picked":"Offering","floor":12},{"not_picked":["Armaments","Rampage+1"],"picked":"Iron Wave+1","floor":14}],"player_experience":698896,"relics_obtained":[{"floor":9,"key":"Omamori"},{"floor":10,"key":"Odd Mushroom"},{"floor":12,"key":"Molten Egg 2"}],"event_choices":[{"damage_healed":0,"gold_gain":75,"player_choice":"Gather Gold","damage_taken":11,"max_hp_gain":0,"max_hp_loss":0,"event_name":"World of Goop","floor":4,"gold_loss":0},{"damage_healed":0,"gold_gain":0,"player_choice":"Fought Mushrooms","damage_taken":0,"max_hp_gain":0,"max_hp_loss":0,"event_name":"Mushrooms","floor":10,"gold_loss":0}],"is_beta":false,"boss_relics":[],"items_purged_floors":[],"is_endless":false,"potions_floor_spawned":[3,6,7],"killed_by":"Hexaghost","ascension_level":20}