{"gold_per_floor":[118,118,118,131,53,53,71,71,94,106,106,155,9,19,19,124,124,143,19,28,28,28,28],"floor_reached":23,"playtime":1585,"items_purged":["Strike_R"],"score":188,"play_id":"c3c05553-2193-4afe-a422-e092c0aeffa3","local_time":"20190831222503","is_ascension_mode":true,"campfire_choices":[{"floor":6.0,"key":"RECALL"},{"data":"Pommel Strike","floor":8.0,"key":"SMITH"},{"data":"Body Slam","floor":11.0,"key":"SMITH"},{"data":"Feel No Pain","floor":15.0,"key":"SMITH"}],"neow_cost":"NONE","seed_source_timestamp":0,"circlet_count":0,"master_deck":["Strike_R","Strike_R+1","Defend_R","Defend_R","Defend_R","Defend_R","Bash","Pommel Strike+1","Metallicize+1","Pommel Strike","Feel No Pain+1","Body Slam+1","Ghostly Armor","Bludgeon","Feel No Pain","Metallicize","Armaments","Shame"],"special_seed":0,"relics":["Burning Blood","Regal Pillow","Black Star","PreservedInsect"],"potions_floor_usage":[23],"damage_taken":[{"damage":6.0,"enemies":"Jaw Worm","floor":1.0,"turns":3.0},{"damage":0.0,"enemies":"2 Louse","floor":4.0,"turns":4.0},{"damage":3.0,"enemies":"Small Slimes","floor":7.0,"turns":4.0},{"damage":9.0,"enemies":"Red Slaver","floor":10.0,"turns":4.0},{"damage":11.0,"enemies":"Large Slime","floor":14.0,"turns":12.0},{"damage":42.0,"enemies":"Slime Boss","floor":16.0,"turns":17.0},{"damage":23,"enemies":"Shell Parasite","floor":18,"turns":13},{"damage":19,"enemies":"2 Thieves","floor":20,"turns":5},{"damage":37,"enemies":"Gremlin Leader","floor":23,"turns":5}],"seed_played":"-5910323514716418934","potions_obtained":[{"floor":1.0,"key":"BloodPotion"},{"floor":4.0,"key":"Dexterity Potion"},{"floor":7.0,"key":"SpeedPotion"},{"floor":20,"key":"Block Potion"}],"is_trial":false,"path_per_floor":["M","?","?","M","$","R","M","R","T","M","R","T","$","M","R","B",null,"M","$","M","?","?","E"],"character_chosen":"IRONCLAD","items_purchased":["Feel No Pain","Ghostly Armor","Metallicize","Armaments"],"campfire_rested":0,"item_purchase_floors":[5,13,19,19],"current_hp_per_floor":[80,64,64,70,70,70,73,73,73,70,70,70,70,80,80,44,80,63,63,50,50,50,13],"gold":28,"neow_bonus":"THREE_CARDS","is_prod":false,"is_daily":false,"chose_seed":false,"campfire_upgraded":3,"win_rate":0,"timestamp":1567315503,"path_taken":["M","?","?","M","$","R","M","R","T","M","R","?","$","M","R","BOSS","M","$","M","?","?","E"],"build_version":"2019-07-17","purchased_purges":1,"victory":false,"max_hp_per_floor":[80,80,80,80,80,80,80,80,80,80,80,80,80,80,80,80,80,80,80,80,80,80,80],"card_choices":[{"not_picked":["Evolve","Anger"],"picked":"Pommel Strike","floor":0.0},{"not_picked":["Combust","Body Slam"],"picked":"Metallicize","floor":1.0},{"not_picked":["Warcry","Anger"],"picked":"Pommel Strike","floor":4.0},{"not_picked":["Offering","Sword Boomerang","Intimidate"],"picked":"SKIP","floor":7.0},{"not_picked":["Blood for Blood","Thunderclap"],"picked":"Body Slam","floor":10.0},{"not_picked":["Sword Boomerang","True Grit","Flex"],"picked":"SKIP","floor":14.0},{"not_picked":["Offering","Berserk"],"picked":"Bludgeon","floor":16.0},{"not_picked":["Clothesline","Pommel Strike"],"picked":"Feel No Pain","floor":18},{"not_picked":["Clothesline+1","Warcry","Dropkick+1"],"picked":"SKIP","floor":20}],"player_experience":60539,"relics_obtained":[{"floor":12.0,"key":"Regal Pillow"}],"event_choices":[{"damage_healed":0.0,"max_hp_gain":0.0,"max_hp_loss":0.0,"gold_gain":0.0,"event_name":"Shining Light","player_choice":"Entered Light","floor":2.0,"gold_loss":0.0,"damage_taken":16.0,"cards_upgraded":["Metallicize","Strike_R"]},{"cards_removed":["Strike_R"],"damage_healed":0.0,"max_hp_gain":0.0,"max_hp_loss":0.0,"gold_gain":0.0,"event_name":"Living Wall","player_choice":"Forget","floor":3.0,"gold_loss":0.0,"damage_taken":0.0},{"damage_healed":0,"gold_gain":0,"player_choice":"Stole Relic","damage_taken":0,"relics_obtained":["PreservedInsect"],"max_hp_gain":0,"max_hp_loss":0,"event_name":"Addict","floor":21,"gold_loss":0,"cards_obtained":["Shame"]},{"cards_removed":["Strike_R"],"damage_healed":0,"gold_gain":0,"player_choice":"Purged","damage_taken":0,"max_hp_gain":0,"max_hp_loss":0,"event_name":"Purifier","floor":22,"gold_loss":0}],"is_beta":false,"boss_relics":[{"not_picked":["Sozu","Lizard Tail"],"picked":"Black Star"}],"items_purged_floors":[13],"is_endless":false,"potions_floor_spawned":[1,4,7,10,20],"killed_by":"Gremlin Leader","ascension_level":1}