{"gold_per_floor":[110,128,138,158,6,6,18,18,90,90,90,109,124,140,140,242,242,253,114,134,151,165,165,165],"floor_reached":24,"playtime":1006,"items_purged":["Strike_B","Strike_B"],"score":243,"play_id":"a1fd0839-24e3-469b-b9c8-7c3c4de2dc3e","local_time":"20190112074005","is_ascension_mode":true,"campfire_choices":[{"data":"Rainbow","floor":6,"key":"SMITH"},{"data":"Zap","floor":8,"key":"SMITH"},{"data":"Redo","floor":11,"key":"SMITH"},{"data":"Fusion","floor":15,"key":"SMITH"},{"data":"Creative AI","floor":23,"key":"SMITH"}],"neow_cost":"NONE","seed_source_timestamp":1350999670969568,"circlet_count":0,"master_deck":["Strike_B","Strike_B","Defend_B","Defend_B","Defend_B","Zap+1","Dualcast","Rainbow+1","Self Repair","Cold Snap","Cold Snap","Redo+1","Steam","Barrage","Consume","Fusion+1","Hologram","Creative AI+1","Blizzard","Conserve Battery+1","FTL"],"relics":["Cracked Core","Shuriken","Busted Crown"],"potions_floor_usage":[13,14,16,24],"damage_taken":[{"damage":1,"enemies":"2 Louse","floor":1,"turns":2},{"damage":0,"enemies":"Cultist","floor":2,"turns":4},{"damage":0,"enemies":"Small Slimes","floor":3,"turns":3},{"damage":18,"enemies":"3 Louse","floor":4,"turns":5},{"damage":27,"enemies":"Large Slime","floor":7,"turns":4},{"damage":0,"enemies":"2 Fungi Beasts","floor":12,"turns":2},{"damage":1,"enemies":"Exordium Wildlife","floor":13,"turns":4},{"damage":2,"enemies":"Looter","floor":14,"turns":3},{"damage":27,"enemies":"Slime Boss","floor":16,"turns":11},{"damage":8,"enemies":"3 Byrds","floor":18,"turns":5},{"damage":18,"enemies":"Spheric Guardian","floor":20,"turns":5},{"damage":23,"enemies":"Cultist and Chosen","floor":21,"turns":6},{"damage":7,"enemies":"Centurion and Healer","floor":22,"turns":9},{"damage":46,"enemies":"Slavers","floor":24,"turns":3}],"seed_played":"-4413689703178212487","potions_obtained":[{"floor":2,"key":"Block Potion"},{"floor":4,"key":"Ancient Potion"},{"floor":7,"key":"FocusPotion"},{"floor":13,"key":"EssenceOfSteel"},{"floor":14,"key":"FairyPotion"},{"floor":18,"key":"Ancient Potion"}],"is_trial":false,"path_per_floor":["M","M","M","M","$","R","M","R","T","?","R","M","M","M","R","B",null,"M","$","M","M","M","R","E"],"character_chosen":"DEFECT","items_purchased":["Redo","Steam","Blizzard"],"campfire_rested":0,"item_purchase_floors":[5,5,19],"current_hp_per_floor":[74,75,75,64,64,64,44,44,44,44,44,44,50,48,48,28,63,62,62,51,35,35,35,0],"gold":165,"neow_bonus":"ONE_RANDOM_RARE_CARD","is_prod":false,"is_daily":false,"chose_seed":false,"campfire_upgraded":5,"win_rate":0,"timestamp":1547300405,"path_taken":["M","M","M","M","$","R","M","R","T","?","R","M","?","M","R","BOSS","M","$","M","M","M","R","E"],"build_version":"2019-01-10","purchased_purges":2,"victory":false,"max_hp_per_floor":[75,75,75,75,75,75,75,75,75,75,75,75,75,75,75,75,75,75,75,75,75,75,75,75],"card_choices":[{"not_picked":["Turbo","White Noise"],"picked":"Self Repair","floor":1},{"not_picked":["Gash","Auto Shields"],"picked":"Cold Snap","floor":2},{"not_picked":["Stack","Steam"],"picked":"Cold Snap","floor":3},{"not_picked":["Streamline","Ball Lightning","Sweeping Beam"],"picked":"SKIP","floor":4},{"not_picked":["Streamline","Tempest","Rainbow"],"picked":"SKIP","floor":7},{"not_picked":["Sweeping Beam","Cold Snap"],"picked":"Consume","floor":12},{"not_picked":["Go for the Eyes","Steam"],"picked":"Fusion","floor":13},{"not_picked":["Turbo","Barrage"],"picked":"Hologram","floor":14},{"not_picked":["Thunder Strike","Seek"],"picked":"Creative AI","floor":16},{"not_picked":["Barrage"],"picked":"SKIP","floor":18},{"not_picked":[],"picked":"Conserve Battery+1","floor":20},{"not_picked":["Beam Cell"],"picked":"SKIP","floor":21},{"not_picked":[],"picked":"FTL","floor":22}],"player_experience":130961,"relics_obtained":[{"floor":9,"key":"Shuriken"}],"event_choices":[{"damage_healed":0,"gold_gain":0,"cards_transformed":["Defend_B"],"player_choice":"Transformed","damage_taken":0,"max_hp_gain":0,"max_hp_loss":0,"event_name":"Transmorgrifier","floor":10,"gold_loss":0,"cards_obtained":["Barrage"]}],"is_beta":false,"boss_relics":[{"not_picked":["White Beast Statue","Ectoplasm"],"picked":"Busted Crown"}],"items_purged_floors":[5,19],"is_endless":false,"potions_floor_spawned":[2,4,7,13,14,18],"killed_by":"Slavers","ascension_level":5}