{"gold_per_floor":[114,164,184,204,33,68,68,103,103,103,29,72,87,107,107,107],"floor_reached":16,"playtime":372,"items_purged":[],"score":240,"play_id":"e1adec98-8dce-4d79-8122-99be7318aefa","local_time":"20190812203456","is_ascension_mode":true,"campfire_choices":[{"data":"Wild Strike","floor":10,"key":"SMITH"},{"data":"Whirlwind","floor":15,"key":"SMITH"}],"neow_cost":"NONE","seed_source_timestamp":794516766495200,"circlet_count":0,"master_deck":["AscendersBane","Strike_R","Strike_R","Strike_R","Strike_R","Strike_R","Defend_R","Defend_R","Defend_R","Defend_R","Bash","Exhume","Shockwave","Whirlwind+1","Iron Wave","Wild Strike+1","Corruption","True Grit","Offering"],"special_seed":0,"relics":["Burning Blood","Orichalcum","Oddly Smooth Stone","Golden Idol","Mercury Hourglass","PreservedInsect","Champion Belt"],"potions_floor_usage":[6],"damage_taken":[{"damage":2.0,"enemies":"Jaw Worm","floor":1.0,"turns":5.0},{"damage":7,"enemies":"Cultist","floor":3,"turns":4},{"damage":7,"enemies":"2 Louse","floor":4,"turns":2},{"damage":14,"enemies":"3 Sentries","floor":6,"turns":5},{"damage":38,"enemies":"Gremlin Nob","floor":8,"turns":5},{"damage":18,"enemies":"Lagavulin","floor":12,"turns":5},{"damage":0,"enemies":"2 Fungi Beasts","floor":13,"turns":3},{"damage":0,"enemies":"3 Louse","floor":14,"turns":1},{"damage":26,"enemies":"Slime Boss","floor":16,"turns":5}],"seed_played":"7642337479899458906","potions_obtained":[{"floor":1.0,"key":"Fire Potion"},{"floor":4,"key":"SpeedPotion"},{"floor":14,"key":"Weak Potion"}],"is_trial":false,"path_per_floor":["M","?","M","M","$","E","?","E","T","R","$","E","M","M","R","B"],"character_chosen":"IRONCLAD","items_purchased":["Orichalcum","Corruption"],"campfire_rested":0,"item_purchase_floors":[5,11],"current_hp_per_floor":[72,65,64,63,63,55,55,23,23,23,23,11,17,23,23,0],"gold":107,"neow_bonus":"ONE_RANDOM_RARE_CARD","is_prod":false,"is_daily":false,"chose_seed":false,"campfire_upgraded":2,"win_rate":0,"timestamp":1565667296,"path_taken":["M","?","M","?","$","E","?","E","T","R","?","E","M","M","R","BOSS"],"build_version":"2019-07-17","purchased_purges":0,"victory":false,"max_hp_per_floor":[75,75,75,75,75,75,68,68,68,68,68,68,68,68,68,68],"card_choices":[{"not_picked":["Dual Wield","Warcry"],"picked":"Shockwave","floor":1.0},{"not_picked":["Second Wind","Warcry"],"picked":"Whirlwind","floor":3},{"not_picked":["Whirlwind","Havoc","Cleave"],"picked":"SKIP","floor":4},{"not_picked":["Shockwave","Thunderclap"],"picked":"Iron Wave","floor":6},{"not_picked":["Ghostly Armor","Metallicize"],"picked":"Wild Strike","floor":8},{"not_picked":["Body Slam","Wild Strike"],"picked":"True Grit","floor":12},{"not_picked":["Metallicize","Heavy Blade"],"picked":"Offering","floor":13},{"not_picked":["Clothesline","Wild Strike","Sentinel"],"picked":"SKIP","floor":14}],"player_experience":783461,"relics_obtained":[{"floor":6,"key":"Oddly Smooth Stone"},{"floor":8,"key":"Mercury Hourglass"},{"floor":9,"key":"PreservedInsect"},{"floor":12,"key":"Champion Belt"}],"event_choices":[{"damage_healed":0,"gold_gain":50,"player_choice":"Touch","damage_taken":7,"max_hp_gain":0,"max_hp_loss":0,"event_name":"FaceTrader","floor":2,"gold_loss":0},{"damage_healed":0,"gold_gain":0,"player_choice":"Lose Max HP","damage_taken":0,"relics_obtained":["Golden Idol"],"max_hp_gain":0,"max_hp_loss":7,"event_name":"Golden Idol","floor":7,"gold_loss":0}],"is_beta":false,"boss_relics":[],"items_purged_floors":[],"is_endless":false,"potions_floor_spawned":[1,4,14],"killed_by":"Slime Boss","ascension_level":20}