{"gold_per_floor":[114,187,35,47,60,95,95,121,121,121,137,212,212,241,241,241],"floor_reached":16,"playtime":416,"items_purged":[],"score":236,"play_id":"448e2f17-0b22-4fd9-8c74-a3132e485766","local_time":"20190908024420","is_ascension_mode":true,"campfire_choices":[{"data":"Feed","floor":7,"key":"SMITH"},{"data":"Shockwave","floor":10,"key":"SMITH"},{"floor":13,"key":"REST"},{"data":"Fiend Fire","floor":15,"key":"SMITH"}],"neow_cost":"TEN_PERCENT_HP_LOSS","seed_source_timestamp":594718349835400,"circlet_count":0,"master_deck":["AscendersBane","Strike_R","Strike_R","Strike_R","Strike_R","Strike_R","Defend_R","Defend_R","Defend_R","Defend_R","Bash","Feed+1","Iron Wave","Offering","Shockwave+1","Cleave","True Grit","Fiend Fire+1"],"relics":["Burning Blood","Mummified Hand","Bird Faced Urn","Turnip","Paper Frog"],"potions_floor_usage":[8,14],"damage_taken":[{"damage":12,"enemies":"Jaw Worm","floor":1,"turns":4},{"damage":8,"enemies":"Small Slimes","floor":4,"turns":3},{"damage":6,"enemies":"Cultist","floor":5,"turns":4},{"damage":35,"enemies":"Gremlin Nob","floor":6,"turns":4},{"damage":29,"enemies":"Lagavulin","floor":8,"turns":5},{"damage":12,"enemies":"Blue Slaver","floor":11,"turns":3},{"damage":16,"enemies":"3 Sentries","floor":14,"turns":6},{"damage":23,"enemies":"The Guardian","floor":16,"turns":4}],"seed_played":"-1620735303955749912","potions_obtained":[{"floor":4,"key":"PowerPotion"},{"floor":8,"key":"SteroidPotion"}],"is_trial":false,"path_per_floor":["M","?","$","M","M","E","R","E","T","R","M","?","R","E","R","B"],"character_chosen":"IRONCLAD","items_purchased":["Offering"],"campfire_rested":1,"item_purchase_floors":[3],"current_hp_per_floor":[65,65,65,66,69,40,40,17,17,17,15,4,28,22,22,0],"gold":241,"neow_bonus":"THREE_RARE_CARDS","is_prod":false,"is_daily":false,"chose_seed":false,"campfire_upgraded":3,"win_rate":0,"timestamp":1567935860,"path_taken":["M","?","$","M","M","E","R","E","T","R","M","?","R","E","R","BOSS"],"build_version":"2019-07-17","purchased_purges":0,"victory":false,"max_hp_per_floor":[71,71,71,74,77,77,77,77,77,77,81,81,81,85,85,85],"card_choices":[{"not_picked":["Double Tap","Reaper"],"picked":"Feed","floor":0},{"not_picked":["Heavy Blade","True Grit"],"picked":"Iron Wave","floor":1},{"not_picked":["Body Slam","Iron Wave"],"picked":"Shockwave","floor":4},{"not_picked":["Intimidate","Entrench"],"picked":"Cleave","floor":5},{"not_picked":["Shockwave","Thunderclap"],"picked":"True Grit","floor":6},{"not_picked":["True Grit","Dual Wield"],"picked":"Fiend Fire","floor":8},{"not_picked":["Iron Wave","Heavy Blade","Warcry"],"picked":"SKIP","floor":11},{"not_picked":["Entrench","Flex","Twin Strike"],"picked":"SKIP","floor":14}],"player_experience":891330,"relics_obtained":[{"floor":6,"key":"Mummified Hand"},{"floor":8,"key":"Bird Faced Urn"},{"floor":9,"key":"Turnip"},{"floor":14,"key":"Paper Frog"}],"event_choices":[{"damage_healed":0,"gold_gain":73,"player_choice":"Gained Gold","damage_taken":0,"max_hp_gain":0,"max_hp_loss":0,"event_name":"Golden Wing","floor":2,"gold_loss":0},{"damage_healed":0,"gold_gain":75,"player_choice":"Gather Gold","damage_taken":11,"max_hp_gain":0,"max_hp_loss":0,"event_name":"World of Goop","floor":12,"gold_loss":0}],"is_beta":false,"boss_relics":[],"items_purged_floors":[],"is_endless":false,"potions_floor_spawned":[4,8],"killed_by":"The Guardian","ascension_level":20}