{"gold_per_floor":[114,125,5,17,31,31,106,106,187,187,260,260,299,313,313,439,439,464,464,464],"floor_reached":20,"playtime":1351,"items_purged":[],"score":264,"play_id":"ca530c72-9bdf-4f85-bc22-9e33041134c5","local_time":"20190807133127","is_ascension_mode":true,"campfire_choices":[{"data":"Zap","floor":6.0,"key":"SMITH"},{"data":"Lockon","floor":12,"key":"SMITH"},{"floor":15,"key":"REST"}],"neow_cost":"NONE","seed_source_timestamp":153401485684687,"circlet_count":0,"master_deck":["Strike_B+1","Strike_B+1","Strike_B+1","Defend_B+1","Defend_B+1","Defend_B+1","Defend_B+1","Zap+1","Dualcast","Go for the Eyes","Cold Snap","Rebound","Finesse","Lockon+1","Auto Shields","Leap","Leap","Defragment","Buffer","Conserve Battery"],"special_seed":0,"relics":["Cracked Core","Golden Idol","Question Card","Tiny Chest","Regal Pillow","Philosopher\u0027s Stone"],"potions_floor_usage":[14,16,20],"damage_taken":[{"damage":0.0,"enemies":"Small Slimes","floor":1.0,"turns":3.0},{"damage":2.0,"enemies":"2 Louse","floor":2.0,"turns":3.0},{"damage":0.0,"enemies":"Cultist","floor":4.0,"turns":3.0},{"damage":3.0,"enemies":"2 Fungi Beasts","floor":5.0,"turns":3.0},{"damage":18,"enemies":"Lagavulin","floor":11,"turns":5},{"damage":23,"enemies":"Gremlin Nob","floor":13,"turns":4},{"damage":4,"enemies":"Large Slime","floor":14,"turns":6},{"damage":17,"enemies":"Slime Boss","floor":16,"turns":11},{"damage":60,"enemies":"3 Byrds","floor":18,"turns":7},{"damage":5,"enemies":"Chosen","floor":20,"turns":1}],"seed_played":"5961900087215035276","potions_obtained":[{"floor":5.0,"key":"Energy Potion"},{"floor":13,"key":"Fire Potion"},{"floor":14,"key":"Block Potion"}],"is_trial":false,"path_per_floor":["M","M","$","M","M","R","?","?","T","?","E","R","E","M","R","B",null,"M","?","M"],"character_chosen":"DEFECT","items_purchased":["Rebound","Finesse"],"campfire_rested":1,"item_purchase_floors":[3,3],"current_hp_per_floor":[68,66,66,66,63,63,52,34,34,59,41,41,18,14,51,34,65,5,5,0],"gold":464,"neow_bonus":"REMOVE_CARD","is_prod":false,"is_daily":false,"chose_seed":false,"campfire_upgraded":2,"win_rate":0,"timestamp":1565202687,"path_taken":["M","M","$","M","M","R","?","?","T","?","E","R","E","M","R","BOSS","M","?","M"],"build_version":"2019-07-17","purchased_purges":0,"victory":false,"max_hp_per_floor":[75,75,75,75,75,75,75,75,75,75,75,75,75,75,75,75,75,75,75,75],"card_choices":[{"not_picked":["Blizzard","Ball Lightning"],"picked":"Go for the Eyes","floor":1.0},{"not_picked":["Reprogram","Compile Driver"],"picked":"Cold Snap","floor":2.0},{"not_picked":["Rebound","Stack"],"picked":"Lockon","floor":4.0},{"not_picked":["Reboot","Redo"],"picked":"Auto Shields","floor":5.0},{"not_picked":["Echo Form","Chaos","Gash"],"picked":"Leap","floor":11},{"not_picked":["Auto Shields","Compile Driver","Beam Cell"],"picked":"Leap","floor":13},{"not_picked":["Reprogram","Doom and Gloom","Turbo"],"picked":"Defragment","floor":14},{"not_picked":["Creative AI","Seek","Machine Learning"],"picked":"Buffer","floor":16},{"not_picked":["Redo","Aggregate","Gash"],"picked":"Conserve Battery","floor":18}],"player_experience":268022,"relics_obtained":[{"floor":9,"key":"Question Card"},{"floor":11,"key":"Tiny Chest"},{"floor":13,"key":"Regal Pillow"}],"event_choices":[{"damage_healed":0.0,"max_hp_gain":0.0,"max_hp_loss":0.0,"gold_gain":75.0,"event_name":"World of Goop","player_choice":"Gather Gold","floor":7.0,"gold_loss":0.0,"damage_taken":11.0},{"damage_healed":0,"gold_gain":0,"player_choice":"Take Damage","damage_taken":18,"relics_obtained":["Golden Idol"],"max_hp_gain":0,"max_hp_loss":0,"event_name":"Golden Idol","floor":8,"gold_loss":0},{"damage_healed":25,"gold_gain":0,"player_choice":"Banana","damage_taken":0,"max_hp_gain":0,"max_hp_loss":0,"event_name":"Big Fish","floor":10,"gold_loss":0},{"damage_healed":0,"gold_gain":0,"player_choice":"Simplicity","damage_taken":0,"max_hp_gain":0,"max_hp_loss":0,"event_name":"Back to Basics","floor":19,"gold_loss":0,"cards_upgraded":["Strike_B","Strike_B","Strike_B","Defend_B","Defend_B","Defend_B","Defend_B"]}],"is_beta":false,"boss_relics":[{"not_picked":["Empty Cage","Black Star"],"picked":"Philosopher\u0027s Stone"}],"items_purged_floors":[],"is_endless":false,"potions_floor_spawned":[5,13,14],"killed_by":"Chosen","ascension_level":9}