{"gold_per_floor":[109,123,23,23,23,33,51,226,280,290,305,305,15,25,25,25],"floor_reached":16,"playtime":1301,"items_purged":["Strike_G","Doubt"],"score":94,"play_id":"072c3d4e-04b0-4068-a2d1-71495e4a6a30","local_time":"20190810003228","is_ascension_mode":false,"campfire_choices":[{"floor":15,"key":"REST"}],"neow_cost":"TEN_PERCENT_HP_LOSS","seed_source_timestamp":886020137513212,"circlet_count":0,"master_deck":["Strike_G","Strike_G","Strike_G","Defend_G","Defend_G","Defend_G","Defend_G","Survivor","Neutralize","Outmaneuver","Acrobatics","Flying Knee","Deadly Poison","Adrenaline","Blur","Poisoned Stab","Parasite","Backflip"],"relics":["Ring of the Snake","GremlinMask","Tiny Chest","Strange Spoon"],"potions_floor_usage":[],"damage_taken":[{"damage":4,"enemies":"2 Louse","floor":1,"turns":4},{"damage":0,"enemies":"Cultist","floor":2,"turns":4},{"damage":1,"enemies":"Jaw Worm","floor":6,"turns":6},{"damage":3,"enemies":"2 Fungi Beasts","floor":7,"turns":4},{"damage":12,"enemies":"Exordium Wildlife","floor":10,"turns":9},{"damage":25,"enemies":"Exordium Thugs","floor":11,"turns":8},{"damage":2,"enemies":"Looter","floor":14,"turns":4},{"damage":49,"enemies":"Hexaghost","floor":16,"turns":12}],"seed_played":"7224997209265368183","potions_obtained":[{"floor":6,"key":"Weak Potion"},{"floor":11,"key":"Dexterity Potion"}],"is_trial":false,"path_per_floor":["M","M","$","?","$","M","M","?","T","M","M","?","$","M","R","B"],"character_chosen":"THE_SILENT","items_purchased":["Flying Knee","Strange Spoon"],"campfire_rested":1,"item_purchase_floors":[3,13],"current_hp_per_floor":[59,59,59,59,59,58,55,55,55,43,18,33,33,31,49,0],"gold":25,"neow_bonus":"REMOVE_TWO","is_prod":false,"is_daily":false,"chose_seed":false,"campfire_upgraded":0,"win_rate":0.0,"timestamp":1565415148,"path_taken":["M","M","$","?","?","M","?","?","T","M","M","?","$","M","R","BOSS"],"build_version":"2019-07-17","purchased_purges":2,"victory":false,"max_hp_per_floor":[63,63,63,63,63,63,63,63,63,63,63,63,63,63,63,63],"card_choices":[{"not_picked":["Prepared","Distraction"],"picked":"Outmaneuver","floor":1},{"not_picked":["Masterful Stab","Outmaneuver"],"picked":"Acrobatics","floor":2},{"not_picked":["Deflect","Blade Dance"],"picked":"Deadly Poison","floor":6},{"not_picked":["Blade Dance","Bane"],"picked":"Adrenaline","floor":7},{"not_picked":["Underhanded Strike","Outmaneuver"],"picked":"Blur","floor":10},{"not_picked":["Flying Knee","Finisher"],"picked":"Poisoned Stab","floor":11},{"not_picked":["Choke","Slice"],"picked":"Backflip","floor":14}],"player_experience":105088,"relics_obtained":[{"floor":9,"key":"Tiny Chest"}],"event_choices":[{"damage_healed":0,"gold_gain":0,"player_choice":"Trade","damage_taken":0,"relics_obtained":["GremlinMask"],"max_hp_gain":0,"max_hp_loss":0,"event_name":"FaceTrader","floor":4,"gold_loss":0},{"damage_healed":0,"gold_gain":175,"player_choice":"AGREE","damage_taken":0,"max_hp_gain":0,"max_hp_loss":0,"event_name":"Liars Game","floor":8,"gold_loss":0,"cards_obtained":["Doubt"]},{"damage_healed":15,"gold_gain":0,"player_choice":"Healed and dodged fight","damage_taken":0,"max_hp_gain":0,"max_hp_loss":0,"event_name":"Mushrooms","floor":12,"gold_loss":0,"cards_obtained":["Parasite"]}],"is_beta":false,"boss_relics":[],"items_purged_floors":[3,13],"is_endless":false,"potions_floor_spawned":[6,11],"killed_by":"Hexaghost","ascension_level":0}