{"gold_per_floor":[115,115,2,19,35,51,51,83,134,146,146,162,179,179,179,281,281,297,315,414,414,427,427,427],"floor_reached":24,"playtime":1378,"items_purged":["Strike_R"],"score":200,"play_id":"d1210341-98fc-4717-93d9-a181d820357e","local_time":"20181212020916","is_ascension_mode":false,"campfire_choices":[{"data":"Armaments","floor":7,"key":"SMITH"},{"floor":11,"key":"REST"},{"data":"Body Slam","floor":15,"key":"SMITH"},{"floor":23,"key":"REST"}],"neow_cost":"TEN_PERCENT_HP_LOSS","seed_source_timestamp":0,"circlet_count":0,"master_deck":["Strike_R","Defend_R","Defend_R","Defend_R","Bash+1","Twin Strike","Strike_G+1","Corruption","Armaments+1","Battle Trance","Twin Strike","Shrug It Off","Body Slam+1","Cleave","Juggernaut","Body Slam","Seeing Red","Entrench"],"special_seed":0,"relics":["Burning Blood","Singing Bowl","Whetstone","Fusion Hammer"],"potions_floor_usage":[8,18],"damage_taken":[{"damage":5.0,"enemies":"Small Slimes","floor":1.0,"turns":3.0},{"damage":1.0,"enemies":"Cultist","floor":4.0,"turns":4.0},{"damage":1,"enemies":"2 Louse","floor":5,"turns":4},{"damage":0,"enemies":"Large Slime","floor":6,"turns":5},{"damage":31,"enemies":"Lagavulin","floor":8,"turns":7},{"damage":20,"enemies":"Exordium Wildlife","floor":10,"turns":5},{"damage":0,"enemies":"3 Louse","floor":12,"turns":5},{"damage":2,"enemies":"Looter","floor":13,"turns":3},{"damage":52,"enemies":"Slime Boss","floor":16,"turns":12},{"damage":5,"enemies":"3 Byrds","floor":18,"turns":4},{"damage":14,"enemies":"Spheric Guardian","floor":19,"turns":4},{"damage":17,"enemies":"Snecko","floor":22,"turns":4},{"damage":8,"enemies":"Snake Plant","floor":24,"turns":2}],"seed_played":"-1406148015515664730","potions_obtained":[{"floor":5,"key":"SkillPotion"},{"floor":8,"key":"Fire Potion"},{"floor":12,"key":"Fire Potion"},{"floor":16,"key":"LiquidBronze"},{"floor":22,"key":"Strength Potion"}],"is_trial":false,"path_per_floor":["M","?","$","M","M","M","M","R","E","T","M","R","M","M","?","R","B",null,"M","M","?","?","M","R","M"],"character_chosen":"IRONCLAD","items_purchased":["Corruption"],"campfire_rested":2,"item_purchase_floors":[3],"current_hp_per_floor":[72,72,72,72,72,72,72,47,47,33,54,60,64,64,64,18,72,72,66,66,66,55,74,66],"gold":427,"neow_bonus":"REMOVE_TWO","is_prod":false,"is_daily":false,"chose_seed":false,"campfire_upgraded":2,"win_rate":0,"timestamp":1544609356,"path_taken":["M","?","$","M","M","M","R","E","T","?","R","M","M","?","R","BOSS","M","M","?","?","M","R","M"],"build_version":"2018-12-06","purchased_purges":1,"victory":false,"max_hp_per_floor":[72,72,72,72,72,72,72,72,72,72,72,72,72,72,72,72,72,72,74,74,74,74,74,74],"card_choices":[{"not_picked":["Anger","Evolve"],"picked":"Twin Strike","floor":1.0},{"not_picked":["Wild Strike","Iron Wave"],"picked":"Armaments","floor":4},{"not_picked":["Power Through","Wild Strike","Thunderclap"],"picked":"SKIP","floor":5},{"not_picked":["Havoc","Demon Form"],"picked":"Battle Trance","floor":6},{"not_picked":["Perfected Strike","Second Wind"],"picked":"Twin Strike","floor":8},{"not_picked":["Intimidate","Thunderclap"],"picked":"Shrug It Off","floor":10},{"not_picked":["Ghostly Armor","Rage"],"picked":"Body Slam","floor":12},{"not_picked":["Reckless Charge","Perfected Strike"],"picked":"Cleave","floor":13},{"not_picked":["Impervious","Double Tap"],"picked":"Juggernaut","floor":16},{"not_picked":["Heavy Blade","Inflame"],"picked":"Body Slam","floor":18},{"not_picked":["Warcry","Searing Blow","Thunderclap"],"picked":"Singing Bowl","floor":19},{"not_picked":["Heavy Blade","Pummel"],"picked":"Entrench","floor":22}],"player_experience":52034,"relics_obtained":[{"floor":8,"key":"Singing Bowl"},{"floor":9,"key":"Whetstone"}],"event_choices":[{"cards_removed":["Strike_R"],"damage_healed":0.0,"max_hp_gain":0.0,"max_hp_loss":0.0,"gold_gain":0.0,"event_name":"NoteForYourself","player_choice":"Took Card","floor":2.0,"gold_loss":0.0,"damage_taken":0.0,"cards_obtained":["Strike_G"]},{"cards_removed":["Strike_R"],"damage_healed":0,"gold_gain":0,"player_choice":"Forget","damage_taken":0,"max_hp_gain":0,"max_hp_loss":0,"event_name":"Living Wall","floor":14,"gold_loss":0},{"damage_healed":0,"gold_gain":99,"player_choice":"Stole From Cult","damage_taken":0,"max_hp_gain":0,"max_hp_loss":0,"event_name":"Nest","floor":20,"gold_loss":0},{"damage_healed":0,"gold_gain":0,"player_choice":"Read","damage_taken":0,"max_hp_gain":0,"max_hp_loss":0,"event_name":"The Library","floor":21,"gold_loss":0,"cards_obtained":["Seeing Red"]}],"is_beta":false,"boss_relics":[{"not_picked":["Runic Cube","Empty Cage"],"picked":"Fusion Hammer"}],"items_purged_floors":[3],"is_endless":false,"potions_floor_spawned":[5,8,12,16,22],"killed_by":"Snake Plant","ascension_level":0}