{"gold_per_floor":[118,193,193,193,204,235,252,252,330,342,352,258,289,303,303,380,380,380,24,0,0,0,0,0,0,0,0],"floor_reached":27,"playtime":999,"items_purged":[],"score":561,"play_id":"88a1a749-1f51-4349-babd-45e34407a45f","local_time":"20190902015331","is_ascension_mode":true,"campfire_choices":[{"data":"Clothesline","floor":8.0,"key":"SMITH"},{"data":"Armaments","floor":15.0,"key":"SMITH"},{"floor":23,"key":"REST"}],"neow_cost":"NONE","seed_source_timestamp":72588070909300,"circlet_count":0,"master_deck":["AscendersBane","Defend_R","Defend_R","Defend_R","Defend_R","Bash","Inflame","Disarm","Clothesline+1","Feel No Pain","Pommel Strike","Armaments+1","Evolve","Juggernaut","Fiend Fire","True Grit","Metallicize","True Grit","Whirlwind+1","Shockwave+1","Body Slam","Bite","Bite","Bite","Bite","Bite"],"special_seed":0,"relics":["Burning Blood","NeowsBlessing","Pen Nib","Art of War","Bottled Lightning","Question Card","Ectoplasm","Medical Kit","Meat on the Bone","Kunai"],"potions_floor_usage":[24],"damage_taken":[{"damage":0.0,"enemies":"2 Louse","floor":1.0,"turns":1.0},{"damage":0.0,"enemies":"Small Slimes","floor":5.0,"turns":1.0},{"damage":0.0,"enemies":"3 Sentries","floor":6.0,"turns":2.0},{"damage":1.0,"enemies":"Cultist","floor":7.0,"turns":3.0},{"damage":12.0,"enemies":"Large Slime","floor":10.0,"turns":8.0},{"damage":24.0,"enemies":"3 Louse","floor":11.0,"turns":4.0},{"damage":14.0,"enemies":"Lagavulin","floor":13.0,"turns":8.0},{"damage":7.0,"enemies":"2 Fungi Beasts","floor":14.0,"turns":4.0},{"damage":48.0,"enemies":"Hexaghost","floor":16.0,"turns":12.0},{"damage":9.0,"enemies":"Chosen","floor":18.0,"turns":4.0},{"damage":26.0,"enemies":"2 Thieves","floor":20.0,"turns":4.0},{"damage":27.0,"enemies":"Sentry and Sphere","floor":21.0,"turns":5.0},{"damage":30,"enemies":"Gremlin Leader","floor":24,"turns":7},{"damage":23,"enemies":"Colosseum Slavers","floor":27,"turns":5}],"seed_played":"3852907418071102410","potions_obtained":[{"floor":5.0,"key":"EssenceOfSteel"},{"floor":6.0,"key":"Energy Potion"},{"floor":11.0,"key":"BloodPotion"},{"floor":21.0,"key":"Block Potion"}],"is_trial":false,"path_per_floor":["M","?","?","?","M","E","M","R","T","M","M","$","E","M","R","B",null,"M","$","M","M","?","R","E","?","T","?"],"character_chosen":"IRONCLAD","items_purchased":["Armaments","Evolve","Medical Kit","Metallicize","True Grit"],"campfire_rested":1,"item_purchase_floors":[12,12,19,19,19],"current_hp_per_floor":[74,63,63,63,69,75,75,75,75,69,51,51,43,42,42,18,61,58,58,38,17,17,39,15,15,15,0],"gold":0,"neow_bonus":"THREE_ENEMY_KILL","is_prod":false,"is_daily":false,"chose_seed":false,"campfire_upgraded":2,"win_rate":0,"timestamp":1567414411,"path_taken":["M","?","?","?","M","E","M","R","T","?","M","$","E","M","R","BOSS","M","$","M","M","?","R","E","?","T","?"],"build_version":"2019-07-17","purchased_purges":0,"victory":false,"max_hp_per_floor":[75,75,75,75,75,75,75,75,75,75,75,75,75,75,75,75,75,75,75,75,75,75,75,75,52,52,52],"card_choices":[{"not_picked":["Warcry","Armaments","Havoc"],"picked":"SKIP","floor":1.0},{"not_picked":["Iron Wave","Warcry"],"picked":"Inflame","floor":5.0},{"not_picked":["Pommel Strike","Carnage"],"picked":"Disarm","floor":6.0},{"not_picked":["Clash","Intimidate"],"picked":"Clothesline","floor":7.0},{"not_picked":["True Grit","Dropkick"],"picked":"Feel No Pain","floor":10.0},{"not_picked":["Body Slam","Clash"],"picked":"Pommel Strike","floor":11.0},{"not_picked":["Clothesline","Warcry"],"picked":"Juggernaut","floor":13.0},{"not_picked":["Clothesline","Entrench","Evolve","Warcry"],"picked":"SKIP","floor":14.0},{"not_picked":["Bludgeon","Limit Break","Reaper"],"picked":"Fiend Fire","floor":16.0},{"not_picked":["Thunderclap+1","Ghostly Armor","Warcry"],"picked":"True Grit","floor":18.0},{"not_picked":["Pummel","Twin Strike","Blood for Blood"],"picked":"Whirlwind+1","floor":20.0},{"not_picked":["Ghostly Armor","Carnage","Headbutt"],"picked":"Shockwave+1","floor":21.0},{"not_picked":["Inflame","Pummel","Headbutt"],"picked":"Body Slam","floor":24}],"player_experience":835070,"relics_obtained":[{"floor":6.0,"key":"Art of War"},{"floor":9.0,"key":"Bottled Lightning"},{"floor":13.0,"key":"Question Card"},{"floor":24,"key":"Meat on the Bone"},{"floor":26,"key":"Kunai"}],"event_choices":[{"damage_healed":0.0,"max_hp_gain":0.0,"max_hp_loss":0.0,"gold_gain":75.0,"event_name":"World of Goop","player_choice":"Gather Gold","floor":2.0,"gold_loss":0.0,"damage_taken":11.0},{"damage_healed":0.0,"max_hp_gain":0.0,"max_hp_loss":0.0,"gold_gain":0.0,"cards_transformed":["Strike_R"],"event_name":"Living Wall","player_choice":"Change","floor":3.0,"gold_loss":0.0,"damage_taken":0.0,"cards_obtained":["Whirlwind"]},{"cards_removed":["Whirlwind"],"damage_healed":0.0,"max_hp_gain":0.0,"max_hp_loss":0.0,"gold_gain":0.0,"event_name":"WeMeetAgain","player_choice":"Gave Card","floor":4.0,"gold_loss":0.0,"damage_taken":0.0,"relics_obtained":["Pen Nib"]},{"damage_healed":0,"gold_gain":0,"player_choice":"Became a vampire","damage_taken":0,"max_hp_gain":0,"max_hp_loss":23,"event_name":"Vampires","floor":25,"gold_loss":0,"cards_obtained":["Bite","Bite","Bite","Bite","Bite"]},{"damage_healed":0,"gold_gain":0,"player_choice":"Fight","damage_taken":0,"max_hp_gain":0,"max_hp_loss":0,"event_name":"Colosseum","floor":27,"gold_loss":0}],"is_beta":false,"boss_relics":[{"not_picked":["Astrolabe","Black Star"],"picked":"Ectoplasm"}],"items_purged_floors":[],"is_endless":false,"potions_floor_spawned":[5,6,11,21],"killed_by":"Colosseum Slavers","ascension_level":20}