{"gold_per_floor":[119,135,135,147,161,161,195,120,120,134,150,184,184,204,204,277,277,294,294,294,305,15,15,46,46,114,140,153,169,169,196,196,273,273,285,32,52,0,300,329,346,377,377,408,408,419,134,154,154,154],"floor_reached":50,"playtime":2298,"items_purged":["Second Wind"],"score":1429,"play_id":"48b5fc09-94f2-4fdf-8a97-0acc8c48288c","local_time":"20190726152412","is_ascension_mode":true,"campfire_choices":[{"data":"Battle Trance","floor":6.0,"key":"SMITH"},{"data":"Cleave","floor":13.0,"key":"SMITH"},{"data":"Pommel Strike","floor":15.0,"key":"SMITH"},{"data":"Sword Boomerang","floor":25.0,"key":"SMITH"},{"data":"Burning Pact","floor":32,"key":"SMITH"},{"data":"Ghostly","floor":45,"key":"SMITH"},{"floor":49,"key":"RECALL"}],"neow_cost":"NONE","seed_source_timestamp":805088164267000,"circlet_count":0,"master_deck":["AscendersBane","Bash","Anger+1","Battle Trance+1","Shrug It Off","Pommel Strike+1","Cleave+1","Disarm","Entrench","Bludgeon","Sword Boomerang+1","Cleave","Burning Pact+1","Hemokinesis+1","Iron Wave","Shrug It Off","Anger","Ghostly+1","Ghostly","Ghostly","Spot Weakness","Havoc+1","Dual Wield+1","Shrug It Off+1","Reaper","Armaments+1","Power Through+1","Whirlwind+1","Thunderclap+1","Exhume+1","Shrug It Off+1","Clothesline","Corruption+1","Shockwave+1","Havoc+1","Finesse+1","Armaments+1","Headbutt"],"special_seed":0,"relics":["Runic Dome","Oddly Smooth Stone","Meat on the Bone","Ornamental Fan","Ancient Tea Set","Pandora\u0027s Box","Brimstone","Regal Pillow","Toxic Egg 2","Incense Burner","Paper Frog","Blood Vial","Astrolabe","Red Mask","Bag of Preparation","Darkstone Periapt","Magic Flower","Centennial Puzzle"],"potions_floor_usage":[31,31,33],"damage_taken":[{"damage":1.0,"enemies":"Cultist","floor":1.0,"turns":3.0},{"damage":5.0,"enemies":"2 Louse","floor":2.0,"turns":3.0},{"damage":0.0,"enemies":"Jaw Worm","floor":4.0,"turns":3.0},{"damage":3.0,"enemies":"Blue Slaver","floor":5.0,"turns":3.0},{"damage":17.0,"enemies":"Lagavulin","floor":7.0,"turns":7.0},{"damage":8.0,"enemies":"Large Slime","floor":10.0,"turns":3.0},{"damage":5.0,"enemies":"2 Fungi Beasts","floor":11.0,"turns":3.0},{"damage":7.0,"enemies":"Gremlin Nob","floor":12.0,"turns":3.0},{"damage":9.0,"enemies":"Gremlin Gang","floor":14.0,"turns":3.0},{"damage":24.0,"enemies":"Slime Boss","floor":16.0,"turns":9.0},{"damage":27.0,"enemies":"Shell Parasite","floor":18.0,"turns":4.0},{"damage":4.0,"enemies":"3 Byrds","floor":21.0,"turns":4.0},{"damage":5.0,"enemies":"Book of Stabbing","floor":24.0,"turns":4.0},{"damage":0.0,"enemies":"Gremlin Leader","floor":27.0,"turns":4.0},{"damage":1.0,"enemies":"Shelled Parasite and Fungi","floor":28.0,"turns":4.0},{"damage":1.0,"enemies":"Sentry and Sphere","floor":29.0,"turns":4.0},{"damage":24,"enemies":"Slavers","floor":31,"turns":2},{"damage":1,"enemies":"Collector","floor":33,"turns":6},{"damage":3,"enemies":"3 Darklings","floor":35,"turns":3},{"damage":1,"enemies":"Orb Walker","floor":37,"turns":3},{"damage":3,"enemies":"Reptomancer","floor":40,"turns":6},{"damage":4,"enemies":"Sphere and 2 Shapes","floor":41,"turns":5},{"damage":4,"enemies":"Nemesis","floor":42,"turns":5},{"damage":2,"enemies":"Reptomancer","floor":44,"turns":3},{"damage":0,"enemies":"3 Darklings","floor":46,"turns":3},{"damage":3,"enemies":"Writhing Mass","floor":48,"turns":5},{"damage":45,"enemies":"Time Eater","floor":50,"turns":7}],"seed_played":"9171629864518794165","potions_obtained":[{"floor":4.0,"key":"AttackPotion"},{"floor":5.0,"key":"Ancient Potion"},{"floor":12.0,"key":"Strength Potion"},{"floor":29.0,"key":"PowerPotion"},{"floor":31,"key":"Strength Potion"},{"floor":33,"key":"Block Potion"},{"floor":35,"key":"FearPotion"},{"floor":46,"key":"Ancient Potion"}],"is_trial":false,"path_per_floor":["M","M","?","M","M","R","E","?","T","M","M","E","R","M","R","B",null,"M","?","?","M","$","?","E","R","T","E","M","M","T","E","R","B",null,"M","$","M","?","?","E","M","E","T","E","R","M","$","M","R","B"],"character_chosen":"IRONCLAD","items_purchased":["Shrug It Off","Brimstone","Anger","Exhume+1","Shrug It Off+1","Finesse+1","Armaments+1","Centennial Puzzle"],"campfire_rested":0,"item_purchase_floors":[22,22,22,36,36,47,47,47],"current_hp_per_floor":[67,62,62,62,59,59,42,42,42,46,41,46,46,49,49,37,66,39,39,39,47,47,37,32,32,32,32,31,30,30,18,18,19,33,32,32,36,36,36,37,37,37,37,35,35,37,37,34,34,0],"gold":154,"neow_bonus":"BOSS_RELIC","is_prod":false,"is_daily":false,"chose_seed":false,"campfire_upgraded":6,"win_rate":0,"timestamp":1564179852,"path_taken":["M","?","?","M","M","R","E","?","T","?","M","E","R","M","R","BOSS","M","?","?","?","$","?","E","R","T","E","M","M","?","E","R","BOSS","M","$","M","?","?","E","?","E","T","E","R","M","$","M","R","BOSS"],"build_version":"2019-07-17","purchased_purges":1,"victory":false,"max_hp_per_floor":[75,75,75,75,75,75,75,75,75,75,75,75,75,75,75,75,75,75,75,75,75,75,37,37,37,37,37,37,37,37,37,37,37,37,37,37,37,37,37,37,37,37,37,37,37,37,37,37,37,37],"card_choices":[{"not_picked":["Headbutt","Sever Soul"],"picked":"Anger","floor":1.0},{"not_picked":["Clothesline","True Grit"],"picked":"Battle Trance","floor":2.0},{"not_picked":["Searing Blow","Armaments"],"picked":"Shrug It Off","floor":4.0},{"not_picked":["Clash","Iron Wave","Blood for Blood"],"picked":"SKIP","floor":5.0},{"not_picked":["Clash","Reckless Charge","Searing Blow"],"picked":"SKIP","floor":7.0},{"not_picked":["Power Through","True Grit"],"picked":"Pommel Strike","floor":10.0},{"not_picked":["Searing Blow","Carnage"],"picked":"Cleave","floor":11.0},{"not_picked":["Brutality","Rupture"],"picked":"Disarm","floor":12.0},{"not_picked":["Warcry","Cleave"],"picked":"Entrench","floor":14.0},{"not_picked":["Fiend Fire","Berserk"],"picked":"Bludgeon","floor":16.0},{"not_picked":["Clothesline","Pommel Strike"],"picked":"Iron Wave","floor":18.0},{"not_picked":["Thunderclap","Sword Boomerang","Warcry"],"picked":"SKIP","floor":21.0},{"not_picked":["Demon Form","Clothesline"],"picked":"Spot Weakness","floor":24.0},{"not_picked":["Fire Breathing","Spot Weakness+1"],"picked":"Havoc+1","floor":27.0},{"not_picked":["Pummel","Body Slam","Clothesline"],"picked":"SKIP","floor":28.0},{"not_picked":["Cleave","Iron Wave"],"picked":"Dual Wield+1","floor":29.0},{"not_picked":["Brutality","Cleave"],"picked":"Shrug It Off+1","floor":31},{"not_picked":["Immolate","Offering+1"],"picked":"Reaper","floor":33},{"not_picked":["Anger","Cleave+1"],"picked":"Thunderclap+1","floor":35},{"not_picked":["Wild Strike","Twin Strike"],"picked":"Clothesline","floor":37},{"not_picked":["Perfected Strike","Blood for Blood","Barricade"],"picked":"SKIP","floor":40},{"not_picked":["Armaments+1","Sever Soul"],"picked":"Corruption+1","floor":41},{"not_picked":["Flame Barrier+1","Anger"],"picked":"Shockwave+1","floor":42},{"not_picked":["Anger","Uppercut"],"picked":"Havoc+1","floor":44},{"not_picked":["Carnage","Twin Strike","Havoc+1"],"picked":"SKIP","floor":46},{"not_picked":["Clash","Wild Strike+1"],"picked":"Headbutt","floor":48}],"player_experience":704328,"relics_obtained":[{"floor":7.0,"key":"Oddly Smooth Stone"},{"floor":9.0,"key":"Ornamental Fan"},{"floor":12.0,"key":"Ancient Tea Set"},{"floor":24.0,"key":"Regal Pillow"},{"floor":26.0,"key":"Toxic Egg 2"},{"floor":27.0,"key":"Incense Burner"},{"floor":30.0,"key":"Paper Frog"},{"floor":31,"key":"Blood Vial"},{"floor":40,"key":"Bag of Preparation"},{"floor":42,"key":"Darkstone Periapt"},{"floor":44,"key":"Magic Flower"}],"event_choices":[{"damage_healed":0.0,"max_hp_gain":0.0,"max_hp_loss":0.0,"gold_gain":0.0,"event_name":"Living Wall","player_choice":"Grow","floor":3.0,"gold_loss":0.0,"damage_taken":0.0,"cards_upgraded":["Anger"]},{"damage_healed":0.0,"max_hp_gain":0.0,"max_hp_loss":0.0,"gold_gain":0.0,"event_name":"WeMeetAgain","player_choice":"Paid Gold","floor":8.0,"gold_loss":75.0,"damage_taken":0.0,"relics_obtained":["Meat on the Bone"]},{"cards_removed":["Searing Blow"],"damage_healed":0.0,"max_hp_gain":0.0,"max_hp_loss":0.0,"gold_gain":0.0,"event_name":"Back to Basics","player_choice":"Elegance","floor":19.0,"gold_loss":0.0,"damage_taken":0.0},{"damage_healed":0.0,"max_hp_gain":0.0,"max_hp_loss":0.0,"gold_gain":0.0,"event_name":"Upgrade Shrine","player_choice":"Upgraded","floor":20.0,"gold_loss":0.0,"damage_taken":0.0,"cards_upgraded":["Hemokinesis"]},{"damage_healed":0.0,"max_hp_gain":0.0,"max_hp_loss":38.0,"gold_gain":0.0,"event_name":"Ghosts","player_choice":"Became a Ghost","floor":23.0,"gold_loss":0.0,"damage_taken":0.0,"cards_obtained":["Ghostly","Ghostly","Ghostly"]},{"damage_healed":0,"gold_gain":0,"player_choice":"Paid","damage_taken":0,"relics_obtained":["Red Mask"],"max_hp_gain":0,"max_hp_loss":0,"event_name":"Tomb of Lord Red Mask","floor":38,"gold_loss":52},{"damage_healed":0,"gold_gain":300,"player_choice":"Gold","damage_taken":0,"max_hp_gain":0,"max_hp_loss":0,"event_name":"Wheel of Change","floor":39,"gold_loss":0}],"is_beta":false,"boss_relics":[{"not_picked":["Sozu","Coffee Dripper"],"picked":"Pandora\u0027s Box"},{"not_picked":["Fusion Hammer","Empty Cage"],"picked":"Astrolabe"}],"items_purged_floors":[36],"is_endless":false,"potions_floor_spawned":[4,5,10,12,14,29,31,33,35,40,44,46],"killed_by":"Time Eater","ascension_level":20}