{"gold_per_floor":[214,214,214,224,7,7,7,7,53,53,80,92,118,168,168,168],"floor_reached":16,"playtime":438,"items_purged":[],"score":212,"play_id":"b962dc4f-1a76-489d-8768-3e53216db1f8","local_time":"20190810025644","is_ascension_mode":true,"campfire_choices":[{"data":"Bash","floor":6.0,"key":"SMITH"},{"data":"True Grit","floor":8.0,"key":"SMITH"},{"data":"Pommel Strike","floor":10.0,"key":"SMITH"},{"floor":15,"key":"REST"}],"neow_cost":"NONE","seed_source_timestamp":558157241240100,"circlet_count":0,"master_deck":["AscendersBane","Strike_R","Strike_R","Strike_R","Strike_R","Defend_R","Defend_R","Defend_R","Defend_R","Bash+1","True Grit+1","Pommel Strike+1","Bludgeon","Inflame","Reckless Charge"],"special_seed":0,"relics":["Burning Blood","Happy Flower","Oddly Smooth Stone","Question Card","Charon\u0027s Ashes"],"potions_floor_usage":[16],"damage_taken":[{"damage":6.0,"enemies":"2 Louse","floor":1.0,"turns":3.0},{"damage":12.0,"enemies":"Small Slimes","floor":4.0,"turns":4.0},{"damage":24.0,"enemies":"Lagavulin","floor":11.0,"turns":7.0},{"damage":6.0,"enemies":"Jaw Worm","floor":12.0,"turns":2.0},{"damage":38.0,"enemies":"3 Sentries","floor":13.0,"turns":9.0},{"damage":28,"enemies":"Hexaghost","floor":16,"turns":9}],"seed_played":"-7299485909815898657","potions_obtained":[{"floor":1.0,"key":"Weak Potion"},{"floor":11.0,"key":"FairyPotion"}],"is_trial":false,"path_per_floor":["M","?","?","M","$","R","$","R","T","R","E","M","E","?","R","B"],"character_chosen":"IRONCLAD","items_purchased":["Happy Flower","Strength Potion"],"campfire_rested":1,"item_purchase_floors":[5,5],"current_hp_per_floor":[68,68,61,55,55,55,55,55,55,55,37,37,13,6,28,0],"gold":168,"neow_bonus":"HUNDRED_GOLD","is_prod":false,"is_daily":false,"chose_seed":false,"campfire_upgraded":3,"win_rate":0,"timestamp":1565431004,"path_taken":["M","?","?","M","?","R","$","R","T","R","E","M","E","?","R","BOSS"],"build_version":"2019-07-17","purchased_purges":0,"victory":false,"max_hp_per_floor":[75,75,75,75,75,75,75,75,75,75,75,75,75,75,75,75],"card_choices":[{"not_picked":["Thunderclap","Clash"],"picked":"True Grit","floor":1.0},{"not_picked":["Warcry","Clash"],"picked":"Pommel Strike","floor":4.0},{"not_picked":["Sword Boomerang","Cleave"],"picked":"Bludgeon","floor":11.0},{"not_picked":["Sword Boomerang","Twin Strike","Havoc"],"picked":"Inflame","floor":12.0},{"not_picked":["Havoc","Pummel","Iron Wave"],"picked":"Reckless Charge","floor":13.0}],"player_experience":761836,"relics_obtained":[{"floor":9.0,"key":"Oddly Smooth Stone"},{"floor":11.0,"key":"Question Card"},{"floor":13.0,"key":"Charon\u0027s Ashes"}],"event_choices":[{"damage_healed":0.0,"max_hp_gain":0.0,"max_hp_loss":0.0,"gold_gain":0.0,"event_name":"The Cleric","player_choice":"Leave","floor":2.0,"gold_loss":0.0,"damage_taken":0.0},{"cards_removed":["Strike_R"],"damage_healed":0.0,"max_hp_gain":0.0,"max_hp_loss":0.0,"gold_gain":0.0,"event_name":"Golden Wing","player_choice":"Card Removal","floor":3.0,"gold_loss":0.0,"damage_taken":7.0},{"damage_healed":0,"gold_gain":50,"player_choice":"Touch","damage_taken":7,"max_hp_gain":0,"max_hp_loss":0,"event_name":"FaceTrader","floor":14,"gold_loss":0}],"is_beta":false,"boss_relics":[],"items_purged_floors":[],"is_endless":false,"potions_floor_spawned":[1,11],"killed_by":"Hexaghost","ascension_level":20}