{"gold_per_floor":[112,130,130,24,24,24,64,64,87,105,148,148,148,44,44,137,137,155,155,169,182,182,220,220,259,259,295,420,434,434,59,59,155,155,169,50,68,68,83,124,124,158,158,158,35,160,180,204,204,204],"floor_reached":50,"playtime":5975,"items_purged":["Doubt","Parasite"],"score":1153,"play_id":"5d33204c-cd37-4d98-b2f1-9b1513f84efa","local_time":"20190729184035","is_ascension_mode":true,"campfire_choices":[{"data":"Anger","floor":6.0,"key":"SMITH"},{"data":"Immolate","floor":8.0,"key":"SMITH"},{"data":"Bash","floor":13.0,"key":"SMITH"},{"data":"Disarm","floor":15.0,"key":"SMITH"},{"floor":24.0,"key":"REST"},{"data":"Demon Form","floor":30,"key":"SMITH"},{"floor":32,"key":"REST"},{"floor":41,"key":"REST"},{"floor":44,"key":"REST"},{"floor":49,"key":"RECALL"}],"neow_cost":"NONE","seed_source_timestamp":1072336878482400,"circlet_count":0,"master_deck":["AscendersBane","Strike_R","Strike_R","Strike_R","Strike_R","Defend_R","Defend_R","Defend_R","Defend_R","Bash+1","Carnage+1","Headbutt","Anger+1","Immolate+1","Infernal Blade","Disarm+1","Flame Barrier","Demon Form+1","Shockwave","Disarm+1","True Grit","Demon Form","Impervious","Sword Boomerang","Panacea","Fiend Fire","Whirlwind","Feel No Pain","Shrug It Off","Reckless Charge","Shrug It Off"],"special_seed":0,"relics":["Burning Blood","Golden Idol","The Courier","Strawberry","Regal Pillow","Singing Bowl","Cursed Key","Question Card","Orichalcum","Dodecahedron","Ornamental Fan","Pocketwatch","Kunai","ClockworkSouvenir","Happy Flower","Snecko Eye","Bag of Marbles","Centennial Puzzle","Ginger"],"potions_floor_usage":[27,28,29,42,50],"damage_taken":[{"damage":10.0,"enemies":"Small Slimes","floor":1.0,"turns":3.0},{"damage":7.0,"enemies":"Jaw Worm","floor":2.0,"turns":4.0},{"damage":20.0,"enemies":"3 Sentries","floor":7.0,"turns":5.0},{"damage":0.0,"enemies":"Cultist","floor":10.0,"turns":3.0},{"damage":25.0,"enemies":"Lagavulin","floor":11.0,"turns":5.0},{"damage":44.0,"enemies":"Hexaghost","floor":16.0,"turns":9.0},{"damage":12.0,"enemies":"3 Byrds","floor":18.0,"turns":2.0},{"damage":14.0,"enemies":"Spheric Guardian","floor":20.0,"turns":3.0},{"damage":12.0,"enemies":"Snake Plant","floor":21.0,"turns":4.0},{"damage":20.0,"enemies":"Gremlin Leader","floor":23.0,"turns":6.0},{"damage":41.0,"enemies":"Book of Stabbing","floor":25.0,"turns":6.0},{"damage":12,"enemies":"Gremlin Leader","floor":27,"turns":6},{"damage":20,"enemies":"Colosseum Slavers","floor":28,"turns":4},{"damage":14,"enemies":"Colosseum Nobs","floor":28,"turns":4},{"damage":22,"enemies":"Sentry and Sphere","floor":29,"turns":6},{"damage":20,"enemies":"Champ","floor":33,"turns":9},{"damage":5,"enemies":"3 Darklings","floor":35,"turns":5},{"damage":7,"enemies":"Orb Walker","floor":37,"turns":4},{"damage":22,"enemies":"Writhing Mass","floor":39,"turns":5},{"damage":36,"enemies":"Giant Head","floor":40,"turns":6},{"damage":52,"enemies":"Reptomancer","floor":42,"turns":5},{"damage":2,"enemies":"Mind Bloom Boss Battle","floor":46,"turns":6},{"damage":0,"enemies":"Transient","floor":47,"turns":6},{"damage":6,"enemies":"Maw","floor":48,"turns":5},{"damage":102,"enemies":"Donu and Deca","floor":50,"turns":7}],"seed_played":"7184059736430919811","potions_obtained":[{"floor":7.0,"key":"Poison Potion"},{"floor":10.0,"key":"Fire Potion"},{"floor":16.0,"key":"LiquidBronze"},{"floor":23.0,"key":"GamblersBrew"},{"floor":25.0,"key":"SpeedPotion"},{"floor":27,"key":"BloodPotion"},{"floor":28,"key":"Ancient Potion"},{"floor":35,"key":"LiquidBronze"},{"floor":42,"key":"EssenceOfSteel"}],"is_trial":false,"path_per_floor":["M","M","?","$","?","R","E","R","T","M","E","T","R","$","R","B",null,"M","?","M","M","T","E","R","E","T","E","?","M","R","$","R","B",null,"M","$","M","?","M","E","R","E","T","R","$","?","M","M","R","B"],"character_chosen":"IRONCLAD","items_purchased":["Anger","Explosive Potion","Disarm","Flame Barrier","ClockworkSouvenir","Happy Flower","Panacea","Feel No Pain","Shrug It Off"],"campfire_rested":4,"item_purchase_floors":[4,4,14,14,31,31,31,36,45],"current_hp_per_floor":[71,70,70,70,70,70,56,56,63,69,50,50,50,50,50,12,64,58,58,50,46,46,32,71,36,36,30,30,16,16,16,57,43,76,77,77,76,76,62,34,76,32,32,74,74,80,88,90,90,0],"gold":204,"neow_bonus":"TEN_PERCENT_HP_BONUS","is_prod":false,"is_daily":false,"chose_seed":false,"campfire_upgraded":5,"win_rate":0,"timestamp":1564450835,"path_taken":["M","M","?","$","?","R","E","R","T","M","E","?","R","?","R","BOSS","M","?","?","M","?","E","R","E","T","E","?","M","R","$","R","BOSS","M","$","M","?","?","E","R","E","T","R","$","?","M","M","R","BOSS"],"build_version":"2019-07-17","purchased_purges":2,"victory":false,"max_hp_per_floor":[82,82,74,74,74,74,74,74,81,81,81,81,81,81,81,81,81,81,81,81,83,83,83,83,83,83,83,85,87,87,87,87,87,87,87,87,87,87,89,91,91,93,93,93,90,92,94,96,96,96],"card_choices":[{"not_picked":["Heavy Blade","Searing Blow"],"picked":"Carnage","floor":1.0},{"not_picked":["Thunderclap","Iron Wave"],"picked":"Headbutt","floor":2.0},{"not_picked":["Sword Boomerang","Rupture"],"picked":"Immolate","floor":7.0},{"not_picked":["Reckless Charge","Flex","Perfected Strike"],"picked":"SKIP","floor":10.0},{"not_picked":["Wild Strike","Anger"],"picked":"Infernal Blade","floor":11.0},{"not_picked":["Limit Break","Impervious"],"picked":"Demon Form","floor":16.0},{"not_picked":["Headbutt","Thunderclap"],"picked":"Shockwave","floor":18.0},{"not_picked":["Perfected Strike","Sword Boomerang"],"picked":"True Grit","floor":20.0},{"not_picked":["Anger","Seeing Red","Pommel Strike"],"picked":"Singing Bowl","floor":21.0},{"not_picked":["Thunderclap","Iron Wave","Entrench+1"],"picked":"Demon Form","floor":23.0},{"not_picked":["True Grit+1","Power Through","Thunderclap"],"picked":"Impervious","floor":25.0},{"not_picked":["Iron Wave","Havoc","Evolve"],"picked":"Sword Boomerang","floor":27},{"not_picked":["Iron Wave","Clash","Headbutt","Cleave"],"picked":"Singing Bowl","floor":28},{"not_picked":["Perfected Strike","Havoc","Sword Boomerang","Pommel Strike"],"picked":"Singing Bowl","floor":29},{"not_picked":["Dark Embrace","Immolate","Brutality"],"picked":"Fiend Fire","floor":33},{"not_picked":["Twin Strike","Headbutt","Pommel Strike"],"picked":"Whirlwind","floor":35},{"not_picked":["Flex","Sword Boomerang","Havoc+1"],"picked":"Shrug It Off","floor":37},{"not_picked":["Twin Strike","Pummel","Rage","Iron Wave"],"picked":"Singing Bowl","floor":39},{"not_picked":["Power Through","Whirlwind","Evolve","Burning Pact"],"picked":"Singing Bowl","floor":40},{"not_picked":["Entrench","Sword Boomerang","Perfected Strike+1","Double Tap"],"picked":"Singing Bowl","floor":42},{"not_picked":["Carnage+1","Clash","Sever Soul","Seeing Red"],"picked":"Singing Bowl","floor":46},{"not_picked":["Body Slam","Warcry+1","Perfected Strike+1","Sword Boomerang"],"picked":"Singing Bowl","floor":47},{"not_picked":["Evolve","Metallicize","Pommel Strike","Thunderclap"],"picked":"Singing Bowl","floor":48}],"player_experience":722193,"relics_obtained":[{"floor":7.0,"key":"The Courier"},{"floor":9.0,"key":"Strawberry"},{"floor":11.0,"key":"Regal Pillow"},{"floor":12.0,"key":"Singing Bowl"},{"floor":22.0,"key":"Question Card"},{"floor":23.0,"key":"Orichalcum"},{"floor":25.0,"key":"Dodecahedron"},{"floor":27,"key":"Ornamental Fan"},{"floor":28,"key":"Pocketwatch"},{"floor":28,"key":"Kunai"},{"floor":40,"key":"Bag of Marbles"},{"floor":42,"key":"Centennial Puzzle"},{"floor":46,"key":"Ginger"}],"event_choices":[{"damage_healed":0.0,"max_hp_gain":0.0,"max_hp_loss":8.0,"gold_gain":0.0,"event_name":"Golden Idol","player_choice":"Lose Max HP","floor":3.0,"gold_loss":0.0,"damage_taken":0.0,"relics_obtained":["Golden Idol"]},{"damage_healed":0.0,"max_hp_gain":0.0,"max_hp_loss":0.0,"gold_gain":0.0,"event_name":"Living Wall","player_choice":"Grow","floor":5.0,"gold_loss":0.0,"damage_taken":0.0,"cards_upgraded":["Carnage"]},{"damage_healed":0.0,"max_hp_gain":0.0,"max_hp_loss":0.0,"gold_gain":0.0,"event_name":"Duplicator","player_choice":"Copied","floor":19.0,"gold_loss":0.0,"damage_taken":0.0,"cards_obtained":["Disarm"]},{"damage_healed":0,"gold_gain":0,"player_choice":"Fight","damage_taken":0,"max_hp_gain":0,"max_hp_loss":0,"event_name":"Colosseum","floor":28,"gold_loss":0},{"damage_healed":0,"gold_gain":0,"player_choice":"Fought Nobs","damage_taken":0,"max_hp_gain":0,"max_hp_loss":0,"event_name":"Colosseum","floor":28,"gold_loss":0},{"damage_healed":0,"gold_gain":0,"cards_transformed":["Strike_R"],"player_choice":"Transformed","damage_taken":0,"max_hp_gain":0,"max_hp_loss":0,"event_name":"Transmorgrifier","floor":38,"gold_loss":0,"cards_obtained":["Reckless Charge"]},{"damage_healed":0,"gold_gain":0,"player_choice":"Fight","damage_taken":0,"max_hp_gain":0,"max_hp_loss":0,"event_name":"MindBloom","floor":46,"gold_loss":0}],"is_beta":false,"boss_relics":[{"not_picked":["Empty Cage","Philosopher\u0027s Stone"],"picked":"Cursed Key"},{"not_picked":["Runic Cube","Eternal Feather"],"picked":"Snecko Eye"}],"items_purged_floors":[36,45],"is_endless":false,"potions_floor_spawned":[7,10,16,18,23,25,27,28,35,42,48],"killed_by":"Donu and Deca","ascension_level":20}