{"gold_per_floor":[117,117,17,34,52,66,84,97,145,160,160,110,129,145,145,145],"floor_reached":16,"playtime":1094,"items_purged":[],"score":98,"play_id":"4f51e056-1041-4b4d-b3d4-b07eca424759","local_time":"20190826230455","is_ascension_mode":false,"campfire_choices":[{"data":"Zap","floor":15,"key":"SMITH"}],"neow_cost":"NONE","seed_source_timestamp":1829613880558550,"circlet_count":0,"master_deck":["Strike_B","Strike_B","Strike_B","Defend_B","Defend_B","Defend_B","Defend_B","Zap+1","Dualcast","Rebound","Compile Driver","Conserve Battery","Hologram","Auto Shields","Leap","Cold Snap","White Noise","Fusion","Chill","Coolheaded","Steam"],"relics":["Cracked Core"],"potions_floor_usage":[13],"damage_taken":[{"damage":5,"enemies":"Small Slimes","floor":1,"turns":2},{"damage":6,"enemies":"Cultist","floor":4,"turns":4},{"damage":0,"enemies":"Jaw Worm","floor":5,"turns":3},{"damage":0,"enemies":"Large Slime","floor":6,"turns":5},{"damage":0,"enemies":"2 Fungi Beasts","floor":7,"turns":4},{"damage":9,"enemies":"Exordium Wildlife","floor":8,"turns":5},{"damage":0,"enemies":"Blue Slaver","floor":10,"turns":4},{"damage":11,"enemies":"Exordium Thugs","floor":13,"turns":4},{"damage":11,"enemies":"Red Slaver","floor":14,"turns":4},{"damage":64,"enemies":"The Guardian","floor":16,"turns":12}],"seed_played":"8640366353141361042","potions_obtained":[{"floor":7,"key":"SpeedPotion"},{"floor":8,"key":"FocusPotion"},{"floor":10,"key":"Explosive Potion"},{"floor":14,"key":"LiquidBronze"}],"is_trial":false,"path_per_floor":["M","?","$","M","M","M","M","M","T","M","?","?","M","M","R","B"],"character_chosen":"DEFECT","items_purchased":["Conserve Battery","Hologram"],"campfire_rested":0,"item_purchase_floors":[3,3],"current_hp_per_floor":[77,77,77,71,71,71,71,62,62,62,82,79,68,57,57,0],"gold":145,"neow_bonus":"TEN_PERCENT_HP_BONUS","is_prod":false,"is_daily":false,"chose_seed":false,"campfire_upgraded":1,"win_rate":0,"timestamp":1566878695,"path_taken":["M","?","$","M","M","?","M","M","T","M","?","?","M","M","R","BOSS"],"build_version":"2019-07-17","purchased_purges":0,"victory":false,"max_hp_per_floor":[82,82,82,82,82,82,82,82,82,82,82,79,79,79,79,79],"card_choices":[{"not_picked":["Barrage","Coolheaded"],"picked":"Rebound","floor":1},{"not_picked":["Ball Lightning","Barrage"],"picked":"Auto Shields","floor":4},{"not_picked":["Beam Cell","Loop"],"picked":"Leap","floor":5},{"not_picked":["Coolheaded","Compile Driver"],"picked":"Cold Snap","floor":6},{"not_picked":["Hologram","Genetic Algorithm"],"picked":"White Noise","floor":7},{"not_picked":["Stack","Reboot"],"picked":"Fusion","floor":8},{"not_picked":["Lockon","Go for the Eyes"],"picked":"Chill","floor":10},{"not_picked":["Rip and Tear","Sweeping Beam"],"picked":"Coolheaded","floor":13},{"not_picked":["Aggregate","Gash"],"picked":"Steam","floor":14}],"player_experience":408686,"relics_obtained":[],"event_choices":[{"damage_healed":0,"gold_gain":0,"cards_transformed":["Strike_B"],"player_choice":"Transformed","damage_taken":0,"max_hp_gain":0,"max_hp_loss":0,"event_name":"Transmorgrifier","floor":2,"gold_loss":0,"cards_obtained":["Compile Driver"]},{"damage_healed":20,"gold_gain":0,"player_choice":"Healed and dodged fight","damage_taken":0,"max_hp_gain":0,"max_hp_loss":0,"event_name":"Mushrooms","floor":11,"gold_loss":0,"cards_obtained":["Parasite"]},{"cards_removed":["Parasite"],"damage_healed":0,"gold_gain":0,"player_choice":"Card Removal","damage_taken":0,"max_hp_gain":0,"max_hp_loss":0,"event_name":"The Cleric","floor":12,"gold_loss":50}],"is_beta":false,"boss_relics":[],"items_purged_floors":[],"is_endless":false,"potions_floor_spawned":[7,8,10,14],"killed_by":"The Guardian","ascension_level":0}