{"gold_per_floor":[111,186,186,186,52,82,82,98,98,128,138,158,158,158,158,232,232,232],"floor_reached":18,"playtime":687,"items_purged":["Strike_R"],"score":302,"play_id":"7b01cfbe-7e97-492f-8a19-a293396bb95a","local_time":"20181218191349","is_ascension_mode":true,"campfire_choices":[{"data":"Defend_R","floor":7,"key":"PURGE"},{"floor":15,"key":"REST"}],"neow_cost":"NONE","seed_source_timestamp":301231340598700,"circlet_count":0,"master_deck":["AscendersBane","Strike_R","Defend_R","Defend_R","Defend_R","Bash","Armaments+1","Headbutt","Shrug It Off","Battle Trance","Cleave"],"relics":["Burning Blood","Peace Pipe","Orichalcum","Mummified Hand","Smiling Mask","Art of War","Empty Cage"],"potions_floor_usage":[6,10,16],"damage_taken":[{"damage":3,"enemies":"2 Louse","floor":1,"turns":4},{"damage":18,"enemies":"Gremlin Nob","floor":6,"turns":4},{"damage":0,"enemies":"Small Slimes","floor":8,"turns":3},{"damage":18,"enemies":"3 Sentries","floor":10,"turns":7},{"damage":0,"enemies":"Cultist","floor":11,"turns":3},{"damage":24,"enemies":"Exordium Thugs","floor":12,"turns":4},{"damage":35,"enemies":"The Guardian","floor":16,"turns":17},{"damage":17,"enemies":"3 Byrds","floor":18,"turns":4}],"seed_played":"8904951830588949583","potions_obtained":[{"floor":1,"key":"Regen Potion"},{"floor":8,"key":"AttackPotion"},{"floor":12,"key":"Fire Potion"},{"floor":16,"key":"Poison Potion"}],"is_trial":false,"path_per_floor":["M","?","?","?","$","E","R","M","T","E","M","M","T","?","R","B",null,"M"],"character_chosen":"IRONCLAD","items_purchased":["Headbutt"],"campfire_rested":1,"item_purchase_floors":[5],"current_hp_per_floor":[71,60,49,49,49,46,46,52,52,40,46,28,28,28,50,21,62,45],"gold":232,"neow_bonus":"THREE_CARDS","is_prod":false,"is_daily":false,"chose_seed":false,"campfire_upgraded":0,"win_rate":0,"timestamp":1545189229,"path_taken":["M","?","?","?","$","E","R","M","T","E","?","M","?","?","R","BOSS","M"],"build_version":"2018-12-13","purchased_purges":1,"victory":false,"max_hp_per_floor":[75,75,75,75,75,75,75,75,75,75,75,75,75,75,75,75,75,75],"card_choices":[{"not_picked":["Clothesline","Shrug It Off"],"picked":"Armaments","floor":0},{"not_picked":["Rage","Infernal Blade","Clothesline"],"picked":"SKIP","floor":1},{"not_picked":["Feel No Pain","Flex"],"picked":"Shrug It Off","floor":6},{"not_picked":["Fire Breathing","Heavy Blade","Sword Boomerang"],"picked":"SKIP","floor":8},{"not_picked":["Hemokinesis","Impervious"],"picked":"Battle Trance","floor":10},{"not_picked":["Clothesline","Twin Strike"],"picked":"Cleave","floor":11},{"not_picked":["Iron Wave","Berserk","Twin Strike"],"picked":"SKIP","floor":12}],"player_experience":153122,"relics_obtained":[{"floor":6,"key":"Orichalcum"},{"floor":9,"key":"Mummified Hand"},{"floor":10,"key":"Smiling Mask"},{"floor":13,"key":"Art of War"}],"event_choices":[{"damage_healed":0,"gold_gain":75,"player_choice":"Gather Gold","damage_taken":11,"max_hp_gain":0,"max_hp_loss":0,"event_name":"World of Goop","floor":2,"gold_loss":0},{"damage_healed":0,"gold_gain":0,"player_choice":"Success","damage_taken":11,"relics_obtained":["Peace Pipe"],"max_hp_gain":0,"max_hp_loss":0,"event_name":"Scrap Ooze","floor":3,"gold_loss":0},{"damage_healed":0,"gold_gain":0,"player_choice":"Upgraded","damage_taken":0,"max_hp_gain":0,"max_hp_loss":0,"event_name":"Upgrade Shrine","floor":4,"gold_loss":0,"cards_upgraded":["Armaments"]},{"cards_removed":["Strike_R"],"damage_healed":0,"gold_gain":0,"player_choice":"Forget","damage_taken":0,"max_hp_gain":0,"max_hp_loss":0,"event_name":"Living Wall","floor":14,"gold_loss":0}],"is_beta":false,"boss_relics":[{"not_picked":["Runic Cube","Black Star"],"picked":"Empty Cage"}],"items_purged_floors":[5],"is_endless":false,"potions_floor_spawned":[1,8,12,16],"killed_by":"3 Byrds","ascension_level":16}