{"gold_per_floor":[118,118,293,11,36,36,36,61,61,84,84,155,193,208,208,331,331,352,368,293,293,314,349,349,370,370,370,370,391,391,391,391,521,521,534,534,36,36,161,161,184,219,243,243,243,243,278,302,302,302],"floor_reached":51,"playtime":5467,"items_purged":["Doubt","Defend_B"],"score":805,"play_id":"c4f183e0-ffeb-483f-a2a8-2358fcd383b4","local_time":"20190811184819","is_ascension_mode":true,"campfire_choices":[{"data":"Cold Snap","floor":6,"key":"SMITH"},{"floor":15,"key":"REST"},{"floor":24,"key":"REST"},{"floor":28,"key":"REST"},{"floor":32,"key":"REST"},{"data":"Defend_B","floor":40,"key":"PURGE"},{"data":"Zap","floor":46,"key":"PURGE"},{"floor":49,"key":"REST"}],"neow_cost":"NONE","seed_source_timestamp":1033969124837333,"circlet_count":0,"master_deck":["Dualcast","Cold Snap+1","Cold Snap","Conserve Battery","Chill","Barrage","Chill+1","FTL","Electrodynamics","Ball Lightning+1","Double Energy+1","Double Energy+1","Cold Snap+1","Cold Snap","Bite","Bite","Bite","Bite","Gash","RitualDagger","Seek+1","Hologram","Master of Strategy","Panache","Panache","Cold Snap+1","Auto Shields+1","Undo+1","Core Surge","Parasite","Reinforced Body+1","Cold Snap+1"],"relics":["FrozenCore","Golden Idol","Strange Spoon","WingedGreaves","Kunai","Gremlin Horn","Happy Flower","Shuriken","Incense Burner","Fusion Hammer","Cables","Dream Catcher","Peace Pipe","The Courier","Potion Belt","War Paint"],"potions_floor_usage":[47,50,50],"damage_taken":[{"damage":6,"enemies":"Jaw Worm","floor":1,"turns":3},{"damage":4,"enemies":"2 Louse","floor":5,"turns":2},{"damage":0,"enemies":"Cultist","floor":8,"turns":3},{"damage":4,"enemies":"Exordium Thugs","floor":10,"turns":4},{"damage":11,"enemies":"3 Sentries","floor":12,"turns":10},{"damage":17,"enemies":"Lagavulin","floor":13,"turns":7},{"damage":3,"enemies":"Exordium Wildlife","floor":14,"turns":4},{"damage":16,"enemies":"The Guardian","floor":16,"turns":16},{"damage":10,"enemies":"Chosen","floor":18,"turns":6},{"damage":0,"enemies":"Spheric Guardian","floor":19,"turns":5},{"damage":19,"enemies":"Shelled Parasite and Fungi","floor":22,"turns":6},{"damage":31,"enemies":"Slavers","floor":23,"turns":5},{"damage":13,"enemies":"Snake Plant","floor":25,"turns":4},{"damage":10,"enemies":"Snecko","floor":29,"turns":6},{"damage":67,"enemies":"Champ","floor":33,"turns":15},{"damage":6,"enemies":"3 Darklings","floor":35,"turns":4},{"damage":0,"enemies":"Mind Bloom Boss Battle","floor":39,"turns":5},{"damage":13,"enemies":"3 Shapes","floor":41,"turns":3},{"damage":17,"enemies":"Nemesis","floor":42,"turns":7},{"damage":31,"enemies":"Giant Head","floor":47,"turns":9},{"damage":36,"enemies":"Writhing Mass","floor":48,"turns":7},{"damage":18,"enemies":"Awakened One","floor":50,"turns":17}],"seed_played":"-1997129487876034777","potions_obtained":[{"floor":5,"key":"Block Potion"},{"floor":10,"key":"FocusPotion"},{"floor":13,"key":"Regen Potion"}],"is_trial":false,"path_per_floor":["M","?","?","$","M","R","?","M","T","M","$","?","E","M","R","B",null,"M","M","?","T","M","E","R","M","T","?","R","M","?","?","R","B",null,"M","?","$","?","?","R","M","E","T","?","?","R","E","M","R","B",null],"character_chosen":"DEFECT","items_purchased":["Strange Spoon","Cables","Dream Catcher"],"campfire_rested":5,"item_purchase_floors":[4,37,37],"current_hp_per_floor":[76,76,76,76,72,72,72,72,72,68,68,57,40,37,59,43,76,66,66,66,66,47,16,38,25,25,25,40,40,40,34,49,11,53,49,39,39,39,51,51,44,41,41,41,41,41,35,9,24,30],"gold":302,"neow_bonus":"TEN_PERCENT_HP_BONUS","is_prod":false,"is_daily":false,"chose_seed":false,"campfire_upgraded":1,"win_rate":0,"timestamp":1565567299,"path_taken":["M","?","?","$","M","R","?","?","T","M","?","?","E","M","R","BOSS","M","M","?","?","M","E","R","M","T","?","R","M","?","?","R","BOSS","M","?","$","?","?","R","?","E","T","?","?","R","E","M","R","BOSS"],"build_version":"2019-07-17","purchased_purges":2,"victory":true,"max_hp_per_floor":[82,76,76,76,76,76,76,76,76,76,76,76,76,76,76,76,76,76,76,76,76,76,76,76,76,76,53,53,53,53,53,53,53,53,53,53,53,53,53,53,53,53,53,53,53,53,53,53,53,53],"card_choices":[{"not_picked":["Streamline","Stack"],"picked":"Cold Snap","floor":1},{"not_picked":["Rip and Tear","Go for the Eyes"],"picked":"Cold Snap","floor":5},{"not_picked":["Darkness","Leap"],"picked":"Conserve Battery","floor":8},{"not_picked":["Redo","Rebound"],"picked":"Chill","floor":10},{"not_picked":["Compile Driver","Redo"],"picked":"Barrage","floor":12},{"not_picked":["Reinforced Body","Thunder Strike"],"picked":"Chill","floor":13},{"not_picked":["Turbo","Streamline"],"picked":"FTL","floor":14},{"not_picked":["Seek","Multi-Cast"],"picked":"Electrodynamics","floor":16},{"not_picked":["Static Discharge","Tempest"],"picked":"Ball Lightning+1","floor":18},{"not_picked":["Hello World","White Noise"],"picked":"Double Energy+1","floor":19},{"not_picked":["Redo+1","Leap"],"picked":"Double Energy+1","floor":22},{"not_picked":["Sweeping Beam","Hello World"],"picked":"Cold Snap+1","floor":23},{"not_picked":["Rebound","Compile Driver"],"picked":"Cold Snap","floor":25},{"not_picked":["Go for the Eyes","Compile Driver"],"picked":"Gash","floor":29},{"not_picked":["Rainbow","Creative AI"],"picked":"Seek","floor":33},{"not_picked":["Go for the Eyes","Sweeping Beam+1"],"picked":"Hologram","floor":35},{"not_picked":["Enlightenment","Good Instincts"],"picked":"Master of Strategy","floor":36},{"not_picked":["Discovery","Forethought"],"picked":"Panache","floor":36},{"not_picked":["Violence","Panacea"],"picked":"Panache","floor":36},{"not_picked":["Steam+1","Stack"],"picked":"Cold Snap+1","floor":39},{"not_picked":["Stack+1","Scrape+1"],"picked":"Auto Shields+1","floor":41},{"not_picked":["All For One","Compile Driver+1"],"picked":"Undo+1","floor":42},{"not_picked":["Recycle","Meteor Strike"],"picked":"Core Surge","floor":47},{"not_picked":["Coolheaded","Ball Lightning+1"],"picked":"Reinforced Body+1","floor":48},{"not_picked":["Rebound+1","Beam Cell+1"],"picked":"Cold Snap+1","floor":49}],"player_experience":132110,"relics_obtained":[{"floor":9,"key":"WingedGreaves"},{"floor":13,"key":"Gremlin Horn"},{"floor":21,"key":"Happy Flower"},{"floor":23,"key":"Shuriken"},{"floor":26,"key":"Incense Burner"},{"floor":39,"key":"Peace Pipe"},{"floor":42,"key":"The Courier"},{"floor":43,"key":"Potion Belt"},{"floor":47,"key":"War Paint"}],"event_choices":[{"damage_healed":0,"gold_gain":0,"player_choice":"Lose Max HP","damage_taken":0,"relics_obtained":["Golden Idol"],"max_hp_gain":0,"max_hp_loss":6,"event_name":"Golden Idol","floor":2,"gold_loss":0},{"damage_healed":0,"gold_gain":175,"player_choice":"AGREE","damage_taken":0,"max_hp_gain":0,"max_hp_loss":0,"event_name":"Liars Game","floor":3,"gold_loss":0,"cards_obtained":["Doubt"]},{"cards_removed":["Strike_B"],"damage_healed":0,"gold_gain":0,"player_choice":"Offered Basic","damage_taken":0,"max_hp_gain":0,"max_hp_loss":0,"event_name":"Bonfire Elementals","floor":7,"gold_loss":0},{"damage_healed":0,"gold_gain":30,"player_choice":"Searched \u00273\u0027 times","damage_taken":0,"relics_obtained":["Kunai"],"max_hp_gain":0,"max_hp_loss":0,"event_name":"Dead Adventurer","floor":12,"gold_loss":0},{"cards_removed":["Defend_B"],"damage_healed":0,"gold_gain":0,"player_choice":"Gave Gold","damage_taken":0,"max_hp_gain":0,"max_hp_loss":0,"event_name":"Beggar","floor":20,"gold_loss":75},{"damage_healed":0,"gold_gain":0,"player_choice":"Became a vampire","damage_taken":0,"max_hp_gain":0,"max_hp_loss":23,"event_name":"Vampires","floor":27,"gold_loss":0,"cards_obtained":["Bite","Bite","Bite","Bite","Bite"]},{"cards_removed":["Defend_B"],"damage_healed":0,"gold_gain":0,"player_choice":"Elegance","damage_taken":0,"max_hp_gain":0,"max_hp_loss":0,"event_name":"Back to Basics","floor":30,"gold_loss":0},{"damage_healed":0,"gold_gain":0,"player_choice":"Joined the Cult","damage_taken":6,"max_hp_gain":0,"max_hp_loss":0,"event_name":"Nest","floor":31,"gold_loss":0,"cards_obtained":["RitualDagger"]},{"damage_healed":0,"gold_gain":0,"player_choice":"Memory 3","damage_taken":10,"max_hp_gain":0,"max_hp_loss":0,"event_name":"SensoryStone","floor":36,"gold_loss":0},{"damage_healed":0,"gold_gain":0,"player_choice":"Ignored","damage_taken":0,"max_hp_gain":0,"max_hp_loss":0,"event_name":"Mysterious Sphere","floor":38,"gold_loss":0},{"damage_healed":0,"gold_gain":0,"player_choice":"Fight","damage_taken":0,"max_hp_gain":0,"max_hp_loss":0,"event_name":"MindBloom","floor":39,"gold_loss":0},{"cards_removed":["Bite"],"damage_healed":0,"gold_gain":0,"player_choice":"Removed Attack","damage_taken":0,"max_hp_gain":0,"max_hp_loss":0,"event_name":"Falling","floor":44,"gold_loss":0},{"damage_healed":0,"gold_gain":0,"player_choice":"Ignored","damage_taken":0,"max_hp_gain":0,"max_hp_loss":0,"event_name":"Tomb of Lord Red Mask","floor":45,"gold_loss":0}],"is_beta":false,"boss_relics":[{"not_picked":["Busted Crown","Calling Bell"],"picked":"FrozenCore"},{"not_picked":["Orrery","Cursed Key"],"picked":"Fusion Hammer"}],"items_purged_floors":[4,37],"is_endless":false,"potions_floor_spawned":[5,10,13,18,23,29,39,41,42],"ascension_level":1}