{"gold_per_floor":[115,115,129,129,140,140,169,187,187,187,215,231,266,286,286,363,363,376,376,388,23,23,56,56,69,116,41,67,67,79,144,144,218,218,238,238,257,38,55,81,91,91],"floor_reached":42,"playtime":1758,"items_purged":["Strike_R"],"score":1016,"play_id":"a96a0ea7-aca8-4cb7-8a25-0829a3030f82","local_time":"20190607195157","is_ascension_mode":true,"campfire_choices":[{"data":"Bash","floor":6,"key":"SMITH"},{"data":"Whirlwind","floor":15,"key":"SMITH"},{"floor":24,"key":"REST"},{"data":"Armaments","floor":29,"key":"SMITH"},{"floor":32,"key":"REST"}],"neow_cost":"NONE","seed_source_timestamp":327781345288400,"circlet_count":0,"master_deck":["AscendersBane","Strike_R+1","Defend_R","Defend_R","Defend_R","Defend_R","Bash+1","Twin Strike","Headbutt","Twin Strike","Combust","Fiend Fire+1","Whirlwind+1","Thunderclap","Disarm","Juggernaut+1","Feel No Pain+1","True Grit","Shrug It Off","Armaments+1","Necronomicurse","Burning Pact+1","Shrug It Off+1","True Grit","Bludgeon","Static Discharge+1"],"relics":["Burning Blood","Bag of Preparation","Vajra","Pear","Frozen Egg 2","Snecko Eye","Bottled Tornado","Necronomicon","Boot","Regal Pillow","Whetstone","Tiny Chest","Sozu","PrismaticShard","Oddly Smooth Stone"],"potions_floor_usage":[7,16,16,31,33,41],"damage_taken":[{"damage":4,"enemies":"Small Slimes","floor":1,"turns":5},{"damage":6,"enemies":"Cultist","floor":3,"turns":3},{"damage":7,"enemies":"Jaw Worm","floor":5,"turns":4},{"damage":24,"enemies":"3 Sentries","floor":7,"turns":5},{"damage":2,"enemies":"Exordium Thugs","floor":8,"turns":4},{"damage":25,"enemies":"Lagavulin","floor":11,"turns":5},{"damage":0,"enemies":"3 Louse","floor":12,"turns":1},{"damage":27,"enemies":"3 Sentries","floor":13,"turns":4},{"damage":0,"enemies":"Blue Slaver","floor":14,"turns":1},{"damage":28,"enemies":"Slime Boss","floor":16,"turns":7},{"damage":8,"enemies":"Chosen","floor":18,"turns":3},{"damage":24,"enemies":"Shell Parasite","floor":20,"turns":3},{"damage":26,"enemies":"Slavers","floor":23,"turns":3},{"damage":0,"enemies":"Snake Plant","floor":25,"turns":3},{"damage":12,"enemies":"Book of Stabbing","floor":28,"turns":3},{"damage":0,"enemies":"3 Cultists","floor":30,"turns":2},{"damage":35,"enemies":"Slavers","floor":31,"turns":4},{"damage":56,"enemies":"Automaton","floor":33,"turns":12},{"damage":0,"enemies":"3 Darklings","floor":35,"turns":1},{"damage":22,"enemies":"3 Shapes","floor":37,"turns":4},{"damage":12,"enemies":"Jaw Worm Horde","floor":39,"turns":2},{"damage":18,"enemies":"Nemesis","floor":40,"turns":5},{"damage":24,"enemies":"4 Shapes","floor":41,"turns":4},{"damage":30,"enemies":"Writhing Mass","floor":42,"turns":3}],"seed_played":"6290706947162124826","potions_obtained":[{"floor":3,"key":"AttackPotion"},{"floor":7,"key":"Swift Potion"},{"floor":8,"key":"Weak Potion"},{"floor":23,"key":"Explosive Potion"},{"floor":25,"key":"Block Potion"},{"floor":31,"key":"SkillPotion"},{"floor":33,"key":"Ancient Potion"}],"is_trial":false,"path_per_floor":["M","?","M","?","M","R","E","M","T","?","E","M","E","M","R","B",null,"M","?","M","$","?","E","R","M","T","$","E","R","M","E","R","B",null,"M","?","M","$","M","E","M","M"],"character_chosen":"IRONCLAD","items_purchased":["Bottled Tornado","Shrug It Off","Armaments","PrismaticShard"],"campfire_rested":2,"item_purchase_floors":[21,21,21,38],"current_hp_per_floor":[77,70,70,70,69,69,51,55,55,55,46,52,31,37,37,15,73,71,71,53,53,32,12,39,45,45,45,39,39,45,16,58,8,71,77,77,61,61,55,43,25,0],"gold":91,"neow_bonus":"TEN_PERCENT_HP_BONUS","is_prod":false,"is_daily":false,"chose_seed":false,"campfire_upgraded":3,"win_rate":0,"timestamp":1559962317,"path_taken":["M","?","M","?","?","R","E","M","T","?","E","?","E","M","R","BOSS","M","?","M","$","?","E","R","M","T","?","E","R","M","E","R","BOSS","M","?","M","$","M","E","M","M"],"build_version":"2019-01-23","purchased_purges":1,"victory":false,"max_hp_per_floor":[82,82,82,82,82,82,82,82,82,82,92,92,92,92,92,92,92,92,92,92,92,92,92,92,92,92,92,92,92,92,92,92,92,92,92,92,92,92,92,92,92,92],"card_choices":[{"not_picked":["Clash","True Grit"],"picked":"Twin Strike","floor":1},{"not_picked":["Flame Barrier","Clothesline"],"picked":"Headbutt","floor":3},{"not_picked":["Clothesline","Wild Strike"],"picked":"Combust","floor":5},{"not_picked":["Anger","Heavy Blade"],"picked":"Fiend Fire","floor":7},{"not_picked":["Body Slam","Infernal Blade","Clash"],"picked":"SKIP","floor":8},{"not_picked":["Reckless Charge","Clash"],"picked":"Whirlwind","floor":11},{"not_picked":["Infernal Blade","Perfected Strike"],"picked":"Thunderclap","floor":12},{"not_picked":["Second Wind","Rampage"],"picked":"Disarm","floor":13},{"not_picked":["Cleave","Wild Strike","Pummel"],"picked":"SKIP","floor":14},{"not_picked":["Dark Embrace+1","Reaper"],"picked":"Juggernaut+1","floor":16},{"not_picked":["Corruption+1","Havoc"],"picked":"Feel No Pain+1","floor":18},{"not_picked":["Fire Breathing+1","Battle Trance"],"picked":"True Grit","floor":20},{"not_picked":["Burning Pact+1","Havoc","Power Through"],"picked":"SKIP","floor":23},{"not_picked":["Havoc","Power Through"],"picked":"Burning Pact+1","floor":23},{"not_picked":["Thunderclap","Sword Boomerang","Anger"],"picked":"SKIP","floor":25},{"not_picked":["Battle Trance","Double Tap"],"picked":"Shrug It Off+1","floor":28},{"not_picked":["Cleave","Sword Boomerang","True Grit"],"picked":"SKIP","floor":30},{"not_picked":["Combust+1","Dropkick"],"picked":"True Grit","floor":31},{"not_picked":["Dark Embrace+1","Berserk+1"],"picked":"Bludgeon","floor":33},{"not_picked":["Seeing Red+1","Twin Strike","Infernal Blade+1"],"picked":"SKIP","floor":35},{"not_picked":["Cleave","Dropkick","True Grit+1"],"picked":"SKIP","floor":37},{"not_picked":["Beam Cell","Burning Pact","Bloodletting+1"],"picked":"SKIP","floor":39},{"not_picked":["Tactician","Bane","Slice"],"picked":"SKIP","floor":40},{"not_picked":["Turbo","Rebound"],"picked":"Static Discharge+1","floor":41}],"player_experience":632280,"relics_obtained":[{"floor":7,"key":"Bag of Preparation"},{"floor":9,"key":"Vajra"},{"floor":11,"key":"Pear"},{"floor":13,"key":"Frozen Egg 2"},{"floor":22,"key":"Necronomicon"},{"floor":23,"key":"Boot"},{"floor":26,"key":"Regal Pillow"},{"floor":28,"key":"Whetstone"},{"floor":31,"key":"Tiny Chest"},{"floor":40,"key":"Oddly Smooth Stone"}],"event_choices":[{"cards_removed":["Strike_R"],"damage_healed":0,"gold_gain":0,"player_choice":"Card Removal","damage_taken":7,"max_hp_gain":0,"max_hp_loss":0,"event_name":"Golden Wing","floor":2,"gold_loss":0},{"damage_healed":0,"gold_gain":0,"cards_transformed":["Strike_R"],"player_choice":"Transformed","damage_taken":0,"max_hp_gain":0,"max_hp_loss":0,"event_name":"Transmorgrifier","floor":4,"gold_loss":0,"cards_obtained":["Twin Strike"]},{"cards_removed":["Strike_R"],"damage_healed":0,"gold_gain":0,"player_choice":"Offered Basic","damage_taken":0,"max_hp_gain":0,"max_hp_loss":0,"event_name":"Bonfire Elementals","floor":10,"gold_loss":0},{"damage_healed":0,"gold_gain":0,"player_choice":"Ignored","damage_taken":0,"max_hp_gain":0,"max_hp_loss":0,"event_name":"Ghosts","floor":19,"gold_loss":0},{"damage_healed":0,"gold_gain":0,"player_choice":"Obtained Book","damage_taken":21,"max_hp_gain":0,"max_hp_loss":0,"event_name":"Cursed Tome","floor":22,"gold_loss":0},{"damage_healed":0,"gold_gain":0,"player_choice":"Memory 1","damage_taken":0,"max_hp_gain":0,"max_hp_loss":0,"event_name":"SensoryStone","floor":36,"gold_loss":0}],"is_beta":false,"boss_relics":[{"not_picked":["White Beast Statue","Empty Cage"],"picked":"Snecko Eye"},{"not_picked":["Lizard Tail","Calling Bell"],"picked":"Sozu"}],"items_purged_floors":[27],"is_endless":false,"potions_floor_spawned":[3,7,8,14,23,25,28,31,33,41],"killed_by":"Writhing Mass","ascension_level":20}