{"gold_per_floor":[119,135,146,163,179,179,214,214,214,226,226,236,236,236,236,331,331,347,360,390,400,418,418],"floor_reached":23,"playtime":2798,"items_purged":[],"score":286,"play_id":"0abadb33-8bc2-4058-9f1b-9f3ed19d025c","local_time":"20190819164909","is_ascension_mode":true,"campfire_choices":[{"data":"Undo","floor":6,"key":"SMITH"},{"data":"Darkness","floor":8,"key":"SMITH"},{"floor":13,"key":"REST"},{"floor":15,"key":"REST"}],"neow_cost":"NONE","seed_source_timestamp":1200592571165698,"circlet_count":0,"master_deck":["Strike_B","Strike_B","Defend_B","Defend_B","Defend_B+1","Zap+1","Dualcast+1","Cold Snap","Loop","Undo+1","Hologram","Darkness+1","Capacitor","Conserve Battery","Buffer","Beam Cell+1","Skim+1","Chill+1","Darkness+1","Redo","Undo+1","Loop+1","Undo+1"],"relics":["Cracked Core","Pen Nib","Calipers","Oddly Smooth Stone","Astrolabe","Red Mask"],"potions_floor_usage":[4,7,7,16,20,21,22,23],"damage_taken":[{"damage":0,"enemies":"Cultist","floor":1,"turns":3},{"damage":0,"enemies":"Jaw Worm","floor":2,"turns":3},{"damage":1,"enemies":"2 Louse","floor":3,"turns":2},{"damage":16,"enemies":"Gremlin Gang","floor":4,"turns":5},{"damage":0,"enemies":"2 Fungi Beasts","floor":5,"turns":4},{"damage":34,"enemies":"Gremlin Nob","floor":7,"turns":5},{"damage":8,"enemies":"Exordium Thugs","floor":10,"turns":4},{"damage":5,"enemies":"Large Slime","floor":12,"turns":6},{"damage":4,"enemies":"Hexaghost","floor":16,"turns":8},{"damage":20,"enemies":"Chosen","floor":18,"turns":7},{"damage":6,"enemies":"3 Byrds","floor":19,"turns":7},{"damage":37,"enemies":"Masked Bandits","floor":20,"turns":9},{"damage":0,"enemies":"Snake Plant","floor":21,"turns":6},{"damage":0,"enemies":"Centurion and Healer","floor":22,"turns":7},{"damage":8,"enemies":"Gremlin Leader","floor":23,"turns":2}],"seed_played":"-2040103049017087475","potions_obtained":[{"floor":2,"key":"EntropicBrew"},{"floor":5,"key":"Dexterity Potion"},{"floor":10,"key":"PowerPotion"},{"floor":12,"key":"Ancient Potion"},{"floor":18,"key":"SpeedPotion"},{"floor":21,"key":"Block Potion"},{"floor":22,"key":"Swift Potion"}],"is_trial":false,"path_per_floor":["M","M","M","M","M","R","E","R","T","M","T","M","R","?","R","B",null,"M","M","?","M","M","E"],"character_chosen":"DEFECT","items_purchased":[],"campfire_rested":2,"item_purchase_floors":[],"current_hp_per_floor":[68,68,67,51,51,51,17,17,17,9,9,4,26,11,33,29,64,44,38,1,1,1,0],"gold":418,"neow_bonus":"UPGRADE_CARD","is_prod":false,"is_daily":false,"chose_seed":false,"campfire_upgraded":2,"win_rate":0,"timestamp":1566251349,"path_taken":["M","M","M","M","M","R","E","R","T","?","?","?","R","?","R","BOSS","M","M","?","M","M","E"],"build_version":"2019-07-17","purchased_purges":0,"victory":false,"max_hp_per_floor":[75,75,75,75,75,75,75,75,75,75,75,75,75,75,75,75,75,75,75,75,75,75,75],"card_choices":[{"not_picked":["Coolheaded","Leap"],"picked":"Cold Snap","floor":1},{"not_picked":["Consume","Go for the Eyes"],"picked":"Loop","floor":2},{"not_picked":["Loop","BootSequence"],"picked":"Undo","floor":3},{"not_picked":["Ball Lightning","Blizzard"],"picked":"Hologram","floor":4},{"not_picked":["Rebound","Reprogram","Thunder Strike"],"picked":"SKIP","floor":5},{"not_picked":["Rip and Tear","Recycle"],"picked":"Darkness","floor":7},{"not_picked":["Sunder","Coolheaded"],"picked":"Capacitor","floor":10},{"not_picked":["Recycle","Streamline"],"picked":"Conserve Battery","floor":12},{"not_picked":["All For One","Amplify"],"picked":"Buffer","floor":16},{"not_picked":["Compile Driver+1","BootSequence"],"picked":"Darkness+1","floor":18},{"not_picked":["Ball Lightning","Barrage+1"],"picked":"Redo","floor":19},{"not_picked":["Beam Cell","Gash+1"],"picked":"Undo+1","floor":20},{"not_picked":["Stack+1","Ball Lightning"],"picked":"Loop+1","floor":21},{"not_picked":["Redo","Compile Driver"],"picked":"Undo+1","floor":22}],"player_experience":334317,"relics_obtained":[{"floor":7,"key":"Pen Nib"},{"floor":9,"key":"Calipers"},{"floor":11,"key":"Oddly Smooth Stone"},{"floor":20,"key":"Red Mask"}],"event_choices":[{"damage_healed":0,"gold_gain":0,"player_choice":"Entered Light","damage_taken":15,"max_hp_gain":0,"max_hp_loss":0,"event_name":"Shining Light","floor":14,"gold_loss":0,"cards_upgraded":["Defend_B","Dualcast"]},{"damage_healed":0,"gold_gain":0,"player_choice":"Fought Bandits","damage_taken":0,"max_hp_gain":0,"max_hp_loss":0,"event_name":"Masked Bandits","floor":20,"gold_loss":0}],"is_beta":false,"boss_relics":[{"not_picked":["Orrery","Philosopher\u0027s Stone"],"picked":"Astrolabe"}],"items_purged_floors":[],"is_endless":false,"potions_floor_spawned":[2,5,10,12,18,21,22],"killed_by":"Gremlin Leader","ascension_level":9}