{"gold_per_floor":[109,5,15,33,102,128,128,40,40,57,57,22,22,36,36,36],"floor_reached":16,"playtime":416,"items_purged":["Injury"],"score":200,"play_id":"02f14802-af17-4279-b74c-a677c521d7f0","local_time":"20190810223833","is_ascension_mode":true,"campfire_choices":[{"data":"True Grit","floor":7,"key":"SMITH"},{"data":"Rampage","floor":11,"key":"SMITH"},{"data":"Whirlwind","floor":13,"key":"SMITH"},{"floor":15,"key":"REST"}],"neow_cost":"CURSE","seed_source_timestamp":629100722698800,"circlet_count":0,"master_deck":["AscendersBane","Strike_R","Strike_R","Strike_R","Strike_R","Strike_R","Defend_R","Defend_R","Defend_R","Defend_R","Bash","Feed","Feel No Pain","True Grit+1","Anger","Whirlwind+1","Rampage+1","Impervious","Flame Barrier","Headbutt"],"relics":["Burning Blood","Lantern","Sundial"],"potions_floor_usage":[6,6,16],"damage_taken":[{"damage":45,"enemies":"Cultist","floor":1,"turns":7},{"damage":4,"enemies":"2 Louse","floor":3,"turns":3},{"damage":10,"enemies":"Small Slimes","floor":4,"turns":4},{"damage":32,"enemies":"Gremlin Nob","floor":6,"turns":5},{"damage":1,"enemies":"2 Fungi Beasts","floor":10,"turns":4},{"damage":19,"enemies":"Gremlin Gang","floor":14,"turns":6},{"damage":65,"enemies":"Slime Boss","floor":16,"turns":9}],"seed_played":"2712472842017235476","potions_obtained":[{"floor":1,"key":"Weak Potion"},{"floor":3,"key":"Swift Potion"},{"floor":10,"key":"Weak Potion"},{"floor":14,"key":"Explosive Potion"}],"is_trial":false,"path_per_floor":["M","$","M","M","?","E","R","$","T","M","R","?","R","M","R","B"],"character_chosen":"IRONCLAD","items_purchased":["True Grit","Impervious"],"campfire_rested":1,"item_purchase_floors":[2,8],"current_hp_per_floor":[32,32,37,36,36,10,10,10,10,18,18,39,39,29,56,0],"gold":36,"neow_bonus":"THREE_RARE_CARDS","is_prod":false,"is_daily":false,"chose_seed":false,"campfire_upgraded":3,"win_rate":0,"timestamp":1565501913,"path_taken":["M","$","M","M","?","E","R","$","T","M","R","?","R","M","R","BOSS"],"build_version":"2019-07-17","purchased_purges":1,"victory":false,"max_hp_per_floor":[78,78,81,84,84,84,84,84,84,87,87,87,87,90,90,90],"card_choices":[{"not_picked":["Double Tap","Berserk"],"picked":"Feed","floor":0},{"not_picked":["Carnage","Clash"],"picked":"Feel No Pain","floor":1},{"not_picked":["Perfected Strike","Sentinel"],"picked":"Anger","floor":3},{"not_picked":["Twin Strike","Rampage"],"picked":"Whirlwind","floor":4},{"not_picked":["Blood for Blood","Shrug It Off"],"picked":"Rampage","floor":6},{"not_picked":["Rage","Perfected Strike"],"picked":"Flame Barrier","floor":10},{"not_picked":["Perfected Strike","Dual Wield"],"picked":"Headbutt","floor":14}],"player_experience":767705,"relics_obtained":[{"floor":6,"key":"Lantern"},{"floor":9,"key":"Sundial"}],"event_choices":[{"damage_healed":0,"gold_gain":69,"player_choice":"Gained Gold","damage_taken":0,"max_hp_gain":0,"max_hp_loss":0,"event_name":"Golden Wing","floor":5,"gold_loss":0},{"damage_healed":21,"gold_gain":0,"player_choice":"Healed","damage_taken":0,"max_hp_gain":0,"max_hp_loss":0,"event_name":"The Cleric","floor":12,"gold_loss":35}],"is_beta":false,"boss_relics":[],"items_purged_floors":[2],"is_endless":false,"potions_floor_spawned":[1,3,10,14],"killed_by":"Slime Boss","ascension_level":20}