{"gold_per_floor":[112,187,187,206,27,27,53,53,53,83,83,83,83],"floor_reached":13,"playtime":387,"items_purged":["Strike_B"],"score":89,"play_id":"49393097-9316-4db7-b148-343efa9e4ccc","local_time":"20181223234740","is_ascension_mode":false,"campfire_choices":[{"data":"Dualcast","floor":6,"key":"SMITH"},{"data":"Beam Cell","floor":8,"key":"SMITH"},{"data":"Defragment","floor":11,"key":"SMITH"}],"neow_cost":"NONE","seed_source_timestamp":1995868615065979,"circlet_count":0,"master_deck":["Strike_B","Strike_B","Defend_B","Defend_B","Defend_B","Defend_B","Zap+1","Dualcast+1","FTL","Hologram","Beam Cell+1","Defragment+1","Ball Lightning","Dagger Throw"],"relics":["Cracked Core","Strawberry","Letter Opener","Bronze Scales","Oddly Smooth Stone"],"potions_floor_usage":[7,10],"damage_taken":[{"damage":1,"enemies":"Jaw Worm","floor":1,"turns":3},{"damage":0,"enemies":"Small Slimes","floor":4,"turns":3},{"damage":28,"enemies":"Lagavulin","floor":7,"turns":4},{"damage":21,"enemies":"3 Sentries","floor":10,"turns":4},{"damage":20,"enemies":"Lagavulin","floor":13,"turns":3}],"seed_played":"-9109741355230052949","potions_obtained":[{"floor":1,"key":"AttackPotion"},{"floor":7,"key":"SkillPotion"}],"is_trial":false,"path_per_floor":["M","?","?","M","$","R","E","R","T","E","R","?","E"],"character_chosen":"DEFECT","items_purchased":["Beam Cell","Defragment"],"campfire_rested":0,"item_purchase_floors":[5,5],"current_hp_per_floor":[74,63,67,67,67,67,39,39,39,18,18,18,0],"gold":83,"neow_bonus":"UPGRADE_CARD","is_prod":false,"is_daily":false,"chose_seed":false,"campfire_upgraded":3,"win_rate":0.0,"timestamp":1545630460,"path_taken":["M","?","?","M","$","R","E","R","T","E","R","?","E"],"build_version":"2018-12-20","purchased_purges":1,"victory":false,"max_hp_per_floor":[75,75,82,82,82,82,82,82,82,82,82,82,82],"card_choices":[{"not_picked":["Undo","Steam"],"picked":"FTL","floor":1},{"not_picked":["Capacitor","Conserve Battery"],"picked":"Hologram","floor":4},{"not_picked":["Conserve Battery","Genetic Algorithm"],"picked":"Ball Lightning","floor":7},{"not_picked":["Ball Lightning","Rainbow","Hello World"],"picked":"SKIP","floor":10}],"player_experience":16800,"relics_obtained":[{"floor":7,"key":"Letter Opener"},{"floor":9,"key":"Bronze Scales"},{"floor":10,"key":"Oddly Smooth Stone"}],"event_choices":[{"damage_healed":0,"gold_gain":75,"player_choice":"Gather Gold","damage_taken":11,"max_hp_gain":0,"max_hp_loss":0,"event_name":"World of Goop","floor":2,"gold_loss":0},{"damage_healed":0,"gold_gain":0,"player_choice":"Success","damage_taken":3,"relics_obtained":["Strawberry"],"max_hp_gain":0,"max_hp_loss":0,"event_name":"Scrap Ooze","floor":3,"gold_loss":0},{"cards_removed":["Strike_B"],"damage_healed":0,"gold_gain":0,"player_choice":"Took Card","damage_taken":0,"max_hp_gain":0,"max_hp_loss":0,"event_name":"NoteForYourself","floor":12,"gold_loss":0,"cards_obtained":["Dagger Throw"]}],"is_beta":false,"boss_relics":[],"items_purged_floors":[5],"is_endless":false,"potions_floor_spawned":[1,7],"killed_by":"Lagavulin","ascension_level":0}