{"gold_per_floor":[115,40,40,40,40,73,73,101,176,176,8,27,37,50,50,129,129,145,7,18,35,35,35,62,62,89,120,120,131,150,50,50,50],"floor_reached":33,"playtime":1424,"items_purged":["Normality","Regret"],"score":527,"play_id":"5d942909-5f9d-4c6a-9df3-8dcbdbde0520","local_time":"20181222145926","is_ascension_mode":true,"campfire_choices":[{"floor":7.0,"key":"REST"},{"data":"Whirlwind","floor":10.0,"key":"SMITH"},{"data":"Rampage","floor":15.0,"key":"SMITH"},{"floor":23.0,"key":"REST"},{"floor":25.0,"key":"REST"},{"floor":32.0,"key":"REST"}],"neow_cost":"CURSE","seed_source_timestamp":0,"circlet_count":0,"master_deck":["AscendersBane","Strike_R","Strike_R","Defend_R","Defend_R","Defend_R","Defend_R","Bash","Whirlwind+1","Pommel Strike","Rampage+1","Reaper","Battle Trance","Thunderclap","Inflame","Disarm","Headbutt","Impervious","Parasite","Pain","Inflame+1","True Grit","Inflame","Shrug It Off","Fiend Fire"],"special_seed":0,"relics":["Burning Blood","Regal Pillow","Du-Vu Doll","Question Card","Calling Bell","Orichalcum","Gremlin Horn","Thread and Needle","Champion Belt","Boot","Girya"],"potions_floor_usage":[33],"damage_taken":[{"damage":6.0,"enemies":"Cultist","floor":1.0,"turns":4.0},{"damage":35.0,"enemies":"Lagavulin","floor":6.0,"turns":7.0},{"damage":55.0,"enemies":"3 Sentries","floor":8.0,"turns":10.0},{"damage":0.0,"enemies":"2 Louse","floor":12.0,"turns":1.0},{"damage":3.0,"enemies":"Jaw Worm","floor":13.0,"turns":4.0},{"damage":8.0,"enemies":"Large Slime","floor":14.0,"turns":5.0},{"damage":47.0,"enemies":"Hexaghost","floor":16.0,"turns":11.0},{"damage":33.0,"enemies":"Shell Parasite","floor":18.0,"turns":5.0},{"damage":39.0,"enemies":"3 Byrds","floor":20.0,"turns":4.0},{"damage":11.0,"enemies":"Centurion and Healer","floor":21.0,"turns":4.0},{"damage":58.0,"enemies":"Book of Stabbing","floor":24.0,"turns":7.0},{"damage":63.0,"enemies":"Gremlin Leader","floor":27.0,"turns":7.0},{"damage":17.0,"enemies":"Colosseum Slavers","floor":28.0,"turns":5.0},{"damage":11.0,"enemies":"Sentry and Sphere","floor":29.0,"turns":4.0},{"damage":17.0,"enemies":"Shelled Parasite and Fungi","floor":30.0,"turns":5.0},{"damage":79,"enemies":"Champ","floor":33,"turns":12}],"seed_played":"3153970949055507575","potions_obtained":[{"floor":1.0,"key":"GamblersBrew"},{"floor":24.0,"key":"SkillPotion"},{"floor":30.0,"key":"SkillPotion"}],"is_trial":false,"path_per_floor":["M","$","?","?","?","E","R","E","T","R","$","M","M","M","R","B",null,"M","$","M","M","$","R","E","R","T","E","?","M","M","$","R","B"],"character_chosen":"IRONCLAD","items_purchased":["Battle Trance","Thunderclap","Strength Potion","True Grit","Inflame"],"campfire_rested":4,"item_purchase_floors":[11,11,11,19,19],"current_hp_per_floor":[68,68,68,73,73,44,80,43,43,43,43,49,52,64,64,30,68,53,53,32,27,27,66,14,53,53,23,12,22,19,19,58,0],"gold":50,"neow_bonus":"TRANSFORM_TWO_CARDS","is_prod":false,"is_daily":false,"chose_seed":false,"campfire_upgraded":2,"win_rate":0,"timestamp":1545519566,"path_taken":["M","$","?","?","?","E","R","E","T","R","$","M","M","M","R","BOSS","M","?","M","M","$","R","E","R","T","E","?","M","M","$","R","BOSS"],"build_version":"2018-12-20","purchased_purges":2,"victory":false,"max_hp_per_floor":[75,75,75,80,80,80,80,80,80,80,80,80,80,80,80,80,80,80,80,80,80,80,80,80,80,80,80,80,80,80,80,80,80],"card_choices":[{"not_picked":["True Grit","Body Slam","Pummel"],"picked":"SKIP","floor":1.0},{"not_picked":["Clothesline","Pommel Strike"],"picked":"Reaper","floor":6.0},{"not_picked":["Warcry","Iron Wave","Dual Wield"],"picked":"SKIP","floor":8.0},{"not_picked":["Rage","Carnage","Metallicize"],"picked":"Inflame","floor":12.0},{"not_picked":["Combust","Thunderclap","Ghostly Armor"],"picked":"Disarm","floor":13.0},{"not_picked":["Body Slam","Disarm","Clash"],"picked":"Headbutt","floor":14.0},{"not_picked":["Dark Embrace","Barricade","Exhume"],"picked":"Impervious","floor":16.0},{"not_picked":["Iron Wave","Clothesline","Rage"],"picked":"Inflame+1","floor":18.0},{"not_picked":["Whirlwind+1","Entrench","Warcry","Bloodletting"],"picked":"SKIP","floor":20.0},{"not_picked":["Dual Wield","Perfected Strike","Armaments"],"picked":"Shrug It Off","floor":21.0},{"not_picked":["Twin Strike","Sword Boomerang","Dropkick+1","Impervious"],"picked":"SKIP","floor":24.0},{"not_picked":["Thunderclap","Feed","Perfected Strike"],"picked":"Fiend Fire","floor":27.0},{"not_picked":["True Grit","Sword Boomerang","Flame Barrier+1","Metallicize"],"picked":"SKIP","floor":29.0},{"not_picked":["Heavy Blade+1","Dual Wield","Whirlwind","Sword Boomerang"],"picked":"SKIP","floor":30.0}],"player_experience":168920,"relics_obtained":[{"floor":6.0,"key":"Regal Pillow"},{"floor":8.0,"key":"Du-Vu Doll"},{"floor":9.0,"key":"Question Card"},{"floor":17.0,"key":"Orichalcum"},{"floor":17.0,"key":"Gremlin Horn"},{"floor":17.0,"key":"Thread and Needle"},{"floor":24.0,"key":"Champion Belt"},{"floor":26.0,"key":"Boot"},{"floor":27.0,"key":"Girya"}],"event_choices":[{"damage_healed":0.0,"max_hp_gain":0.0,"max_hp_loss":0.0,"gold_gain":0.0,"event_name":"The Cleric","player_choice":"Leave","floor":3.0,"gold_loss":0.0,"damage_taken":0.0},{"damage_healed":0.0,"max_hp_gain":5.0,"max_hp_loss":0.0,"gold_gain":0.0,"event_name":"Big Fish","player_choice":"Donut","floor":4.0,"gold_loss":0.0,"damage_taken":0.0},{"damage_healed":0.0,"max_hp_gain":0.0,"max_hp_loss":0.0,"gold_gain":0.0,"cards_transformed":["Strike_R"],"event_name":"Transmorgrifier","player_choice":"Transformed","floor":5.0,"gold_loss":0.0,"damage_taken":0.0,"cards_obtained":["Rampage"]},{"damage_healed":0.0,"max_hp_gain":0.0,"max_hp_loss":0.0,"gold_gain":0.0,"event_name":"Colosseum","player_choice":"Fight","floor":28.0,"gold_loss":0.0,"damage_taken":0.0},{"damage_healed":0.0,"max_hp_gain":0.0,"max_hp_loss":0.0,"gold_gain":0.0,"event_name":"Colosseum","player_choice":"Fled From Nobs","floor":28.0,"gold_loss":0.0,"damage_taken":0.0}],"is_beta":false,"boss_relics":[{"not_picked":["Pandora\u0027s Box","Astrolabe"],"picked":"Calling Bell"}],"items_purged_floors":[2,31],"is_endless":false,"potions_floor_spawned":[1,12,14,16,18,24,30],"killed_by":"Champ","ascension_level":16}