{"gold_per_floor":[114,114,37,50,50,82,82,114,114,16,16,63,63,75,75,148,148,161,172,172,182,182,182,216,229,308,308,326,358,370,401,401,401],"floor_reached":33,"playtime":1200,"items_purged":[],"score":626,"play_id":"d6ed61f9-5ada-404c-96d0-9839059c4451","local_time":"20190806205708","is_ascension_mode":true,"campfire_choices":[{"floor":7.0,"key":"REST"},{"data":"Armaments","floor":11.0,"key":"SMITH"},{"floor":13.0,"key":"REST"},{"data":"Sword Boomerang","floor":15.0,"key":"SMITH"},{"floor":23.0,"key":"REST"},{"floor":27.0,"key":"REST"},{"floor":32,"key":"REST"}],"neow_cost":"NONE","seed_source_timestamp":276548692216600,"circlet_count":0,"master_deck":["AscendersBane","Strike_R+1","Strike_R+1","Strike_R+1","Strike_R+1","Strike_R+1","Defend_R+1","Defend_R+1","Defend_R+1","Defend_R+1","Bash","Thunderclap","Impervious","Dark Embrace","Armaments+1","Evolve","Sword Boomerang+1","Headbutt","Offering","Armaments","Shockwave","Cleave","True Grit","Spot Weakness","Pommel Strike+1"],"special_seed":0,"relics":["Burning Blood","Pen Nib","Champion Belt","Sundial","Torii","Bronze Scales","Fusion Hammer","Paper Frog","Lantern","Molten Egg 2","Thread and Needle"],"potions_floor_usage":[31,33],"damage_taken":[{"damage":7.0,"enemies":"2 Louse","floor":1.0,"turns":3.0},{"damage":2.0,"enemies":"Jaw Worm","floor":4.0,"turns":3.0},{"damage":33.0,"enemies":"Gremlin Nob","floor":6.0,"turns":5.0},{"damage":40.0,"enemies":"Lagavulin","floor":8.0,"turns":9.0},{"damage":0.0,"enemies":"Cultist","floor":14.0,"turns":4.0},{"damage":31.0,"enemies":"Slime Boss","floor":16.0,"turns":10.0},{"damage":18.0,"enemies":"3 Byrds","floor":18.0,"turns":4.0},{"damage":8.0,"enemies":"Shell Parasite","floor":19.0,"turns":4.0},{"damage":13.0,"enemies":"Snecko","floor":21.0,"turns":5.0},{"damage":22.0,"enemies":"Slavers","floor":24.0,"turns":6.0},{"damage":11.0,"enemies":"Cultist and Chosen","floor":25.0,"turns":5.0},{"damage":13.0,"enemies":"Snake Plant","floor":28.0,"turns":5.0},{"damage":18.0,"enemies":"Book of Stabbing","floor":29.0,"turns":5.0},{"damage":15.0,"enemies":"Shelled Parasite and Fungi","floor":30.0,"turns":4.0},{"damage":26,"enemies":"Gremlin Leader","floor":31,"turns":7},{"damage":50,"enemies":"Automaton","floor":33,"turns":8}],"seed_played":"-6536160357525816504","potions_obtained":[{"floor":1.0,"key":"SkillPotion"},{"floor":8.0,"key":"SpeedPotion"},{"floor":14.0,"key":"Energy Potion"},{"floor":21.0,"key":"SteroidPotion"},{"floor":25.0,"key":"AttackPotion"}],"is_trial":false,"path_per_floor":["M","?","$","M","?","E","R","E","T","$","R","T","R","M","R","B",null,"M","M","?","M","T","R","E","M","T","R","M","E","M","E","R","B"],"character_chosen":"IRONCLAD","items_purchased":["Impervious","Evolve","Sword Boomerang"],"campfire_rested":5,"item_purchase_floors":[3,10,10],"current_hp_per_floor":[67,44,44,48,48,21,43,9,9,9,9,9,31,37,37,12,59,47,45,45,38,38,60,44,39,39,61,54,42,33,13,35,0],"gold":401,"neow_bonus":"RANDOM_COMMON_RELIC","is_prod":false,"is_daily":false,"chose_seed":false,"campfire_upgraded":2,"win_rate":0,"timestamp":1565150228,"path_taken":["M","?","$","M","?","E","R","E","T","$","R","?","R","M","R","BOSS","M","M","?","M","?","R","E","M","T","R","M","E","?","E","R","BOSS"],"build_version":"2019-07-17","purchased_purges":0,"victory":false,"max_hp_per_floor":[75,75,75,75,75,75,75,75,75,75,75,75,75,75,75,75,75,75,75,75,75,75,75,75,75,75,75,75,75,75,75,75,75],"card_choices":[{"not_picked":["Ghostly Armor","Corruption"],"picked":"Thunderclap","floor":1.0},{"not_picked":["Dual Wield","Heavy Blade","Reckless Charge"],"picked":"SKIP","floor":4.0},{"not_picked":["Sever Soul","Second Wind"],"picked":"Dark Embrace","floor":6.0},{"not_picked":["Combust","Wild Strike"],"picked":"Armaments","floor":8.0},{"not_picked":["True Grit","Havoc"],"picked":"Headbutt","floor":14.0},{"not_picked":["Dark Embrace","Berserk"],"picked":"Offering","floor":16.0},{"not_picked":["Carnage","Evolve+1"],"picked":"Armaments","floor":18.0},{"not_picked":["Reckless Charge","Headbutt"],"picked":"Shockwave","floor":19.0},{"not_picked":["Warcry","Shrug It Off"],"picked":"Cleave","floor":21.0},{"not_picked":["Blood for Blood","Clothesline","Whirlwind"],"picked":"SKIP","floor":24.0},{"not_picked":["Heavy Blade","Blood for Blood"],"picked":"True Grit","floor":25.0},{"not_picked":["Infernal Blade","Fire Breathing","Seeing Red"],"picked":"SKIP","floor":28.0},{"not_picked":["Dual Wield","Hemokinesis","Intimidate"],"picked":"SKIP","floor":29.0},{"not_picked":["Berserk","Second Wind"],"picked":"Spot Weakness","floor":30.0},{"not_picked":["Armaments","Body Slam+1"],"picked":"Pommel Strike+1","floor":31}],"player_experience":741667,"relics_obtained":[{"floor":6.0,"key":"Champion Belt"},{"floor":8.0,"key":"Sundial"},{"floor":9.0,"key":"Torii"},{"floor":12.0,"key":"Bronze Scales"},{"floor":22.0,"key":"Paper Frog"},{"floor":24.0,"key":"Lantern"},{"floor":29.0,"key":"Molten Egg 2"},{"floor":31,"key":"Thread and Needle"}],"event_choices":[{"damage_healed":0.0,"max_hp_gain":0.0,"max_hp_loss":0.0,"gold_gain":0.0,"event_name":"Shining Light","player_choice":"Entered Light","floor":2.0,"gold_loss":0.0,"damage_taken":23.0,"cards_upgraded":["Strike_R","Strike_R"]},{"damage_healed":0.0,"max_hp_gain":0.0,"max_hp_loss":0.0,"gold_gain":0.0,"event_name":"Liars Game","player_choice":"Ignored","floor":5.0,"gold_loss":0.0,"damage_taken":0.0},{"damage_healed":0.0,"max_hp_gain":0.0,"max_hp_loss":0.0,"gold_gain":0.0,"event_name":"Back to Basics","player_choice":"Simplicity","floor":20.0,"gold_loss":0.0,"damage_taken":0.0,"cards_upgraded":["Strike_R","Strike_R","Strike_R","Defend_R","Defend_R","Defend_R","Defend_R"]}],"is_beta":false,"boss_relics":[{"not_picked":["Pandora\u0027s Box","Black Star"],"picked":"Fusion Hammer"}],"items_purged_floors":[],"is_endless":false,"potions_floor_spawned":[1,8,14,18,21,25,29],"killed_by":"Automaton","ascension_level":20}