{"gold_per_floor":[116,126,74,149,163,163,13,23,23,23,81,81,99,113,113,212,212,222,222,222,241,78,105,105,133,133,133,151,161,173,173,173,270,270,285,31,31,31,41,41,66,84,84,101,121,121,133,133,133,133],"floor_reached":51,"playtime":3545,"items_purged":["Strike_R","Strike_R"],"score":805,"play_id":"87c032b6-03d2-44b6-8e31-5f097ef7f1e0","local_time":"20181210201354","is_ascension_mode":true,"campfire_choices":[{"data":"Clothesline","floor":6.0,"key":"SMITH"},{"data":"Body Slam","floor":12.0,"key":"SMITH"},{"data":"Shrug It Off","floor":15.0,"key":"SMITH"},{"floor":24.0,"key":"REST"},{"floor":27.0,"key":"REST"},{"floor":32.0,"key":"REST"},{"floor":40.0,"key":"REST"},{"floor":49,"key":"REST"}],"neow_cost":"TEN_PERCENT_HP_LOSS","seed_source_timestamp":378234350630400,"circlet_count":0,"master_deck":["Strike_R","Strike_R","Defend_R","Defend_R","Defend_R","Bash","Impervious","Battle Trance","Body Slam+1","Shrug It Off+1","Clothesline+1","Flame Barrier+1","Entrench+1","Dual Wield+1","Entrench+1","Body Slam","Disarm+1","Armaments+1","Dark Shackles+1","Good Instincts+1","Seeing Red+1"],"special_seed":0,"relics":["Burning Blood","Lantern","Toxic Egg 2","StoneCalendar","Orrery","Nloth\u0027s Gift","Bottled Lightning","Omamori","Paper Frog","Self Forming Clay","Empty Cage","Happy Flower","Darkstone Periapt"],"potions_floor_usage":[45,50,50,50],"damage_taken":[{"damage":6.0,"enemies":"Jaw Worm","floor":1.0,"turns":5.0},{"damage":1.0,"enemies":"Cultist","floor":2.0,"turns":3.0},{"damage":3.0,"enemies":"Small Slimes","floor":5.0,"turns":5.0},{"damage":6.0,"enemies":"Looter","floor":8.0,"turns":3.0},{"damage":8.0,"enemies":"3 Sentries","floor":11.0,"turns":8.0},{"damage":4.0,"enemies":"Red Slaver","floor":13.0,"turns":4.0},{"damage":0.0,"enemies":"Lots of Slimes","floor":14.0,"turns":4.0},{"damage":15.0,"enemies":"The Guardian","floor":16.0,"turns":13.0},{"damage":0.0,"enemies":"3 Byrds","floor":18.0,"turns":4.0},{"damage":0.0,"enemies":"Chosen","floor":21.0,"turns":3.0},{"damage":55.0,"enemies":"Gremlin Leader","floor":23.0,"turns":7.0},{"damage":8.0,"enemies":"Book of Stabbing","floor":25.0,"turns":7.0},{"damage":3.0,"enemies":"Snake Plant","floor":28.0,"turns":6.0},{"damage":36.0,"enemies":"Cultist and Chosen","floor":29.0,"turns":11.0},{"damage":3.0,"enemies":"Centurion and Healer","floor":30.0,"turns":6.0},{"damage":52.0,"enemies":"Collector","floor":33.0,"turns":11.0},{"damage":51.0,"enemies":"Orb Walker","floor":35.0,"turns":7.0},{"damage":2.0,"enemies":"3 Darklings","floor":39.0,"turns":4.0},{"damage":0,"enemies":"Nemesis","floor":41,"turns":7},{"damage":8,"enemies":"Writhing Mass","floor":42,"turns":4},{"damage":23,"enemies":"4 Shapes","floor":44,"turns":9},{"damage":3,"enemies":"Jaw Worm Horde","floor":45,"turns":4},{"damage":15,"enemies":"Writhing Mass","floor":47,"turns":6},{"damage":18,"enemies":"Awakened One","floor":50,"turns":13}],"seed_played":"6194332810839559956","potions_obtained":[{"floor":1.0,"key":"Dexterity Potion"},{"floor":2.0,"key":"LiquidBronze"},{"floor":5.0,"key":"LiquidBronze"},{"floor":28.0,"key":"BloodPotion"},{"floor":29.0,"key":"Strength Potion"},{"floor":33.0,"key":"SpeedPotion"},{"floor":35.0,"key":"PowerPotion"},{"floor":41,"key":"Swift Potion"},{"floor":47,"key":"Swift Potion"}],"is_trial":false,"path_per_floor":["M","M","$","?","M","R","$","M","T","$","?","R","M","M","R","B",null,"M","?","?","M","$","E","R","E","T","R","M","M","M","T","R","B",null,"M","$","?","?","M","R","E","M","T","M","M","$","M","$","R","B",null],"character_chosen":"IRONCLAD","items_purchased":["Shrug It Off","Lantern","Dark Shackles+1","Happy Flower"],"campfire_rested":5,"item_purchase_floors":[3,7,22,36],"current_hp_per_floor":[72,72,72,65,68,68,68,68,68,68,66,66,68,72,72,63,72,72,72,72,72,72,23,44,42,42,63,66,36,39,39,60,14,72,34,34,34,34,38,59,65,63,63,46,49,49,40,40,61,49],"gold":133,"neow_bonus":"THREE_RARE_CARDS","is_prod":false,"is_daily":false,"chose_seed":false,"campfire_upgraded":3,"win_rate":1,"timestamp":1544501634,"path_taken":["M","M","$","?","?","R","$","M","T","$","?","R","M","M","R","BOSS","M","?","?","M","$","E","R","E","T","R","M","?","?","?","R","BOSS","M","$","?","?","M","R","E","M","T","M","M","$","?","$","R","BOSS"],"build_version":"2018-12-06","purchased_purges":2,"victory":true,"max_hp_per_floor":[72,72,72,72,72,72,72,72,72,72,72,72,72,72,72,72,72,72,72,72,72,72,72,72,72,72,72,72,72,72,72,72,72,72,72,72,72,72,72,72,72,72,72,72,72,72,72,72,72,72],"card_choices":[{"not_picked":["Dark Embrace","Bludgeon"],"picked":"Impervious","floor":0.0},{"not_picked":["Headbutt","Shockwave"],"picked":"Battle Trance","floor":1.0},{"not_picked":["Sword Boomerang","Burning Pact"],"picked":"Body Slam","floor":2.0},{"not_picked":["Hemokinesis","Second Wind"],"picked":"Clothesline","floor":5.0},{"not_picked":["Cleave","Rupture","Warcry"],"picked":"SKIP","floor":8.0},{"not_picked":["Carnage","Body Slam"],"picked":"Flame Barrier+1","floor":11.0},{"not_picked":["Twin Strike","Spot Weakness+1"],"picked":"Entrench+1","floor":13.0},{"not_picked":["Rupture","Headbutt","Carnage"],"picked":"SKIP","floor":14.0},{"not_picked":["Twin Strike","Clash"],"picked":"Dual Wield+1","floor":17.0},{"not_picked":["Reckless Charge","Bloodletting+1"],"picked":"Entrench+1","floor":17.0},{"not_picked":["Twin Strike","Dropkick"],"picked":"Body Slam","floor":17.0},{"not_picked":["Clothesline","Body Slam"],"picked":"Disarm+1","floor":17.0},{"not_picked":["Clothesline","Rampage"],"picked":"Armaments+1","floor":17.0},{"not_picked":["Armaments+1","Rage+1","Flex+1"],"picked":"SKIP","floor":18.0},{"not_picked":["Metallicize","Ghostly Armor+1","Armaments+1"],"picked":"SKIP","floor":21.0},{"not_picked":["Double Tap+1","Dark Embrace","Cleave"],"picked":"SKIP","floor":23.0},{"not_picked":["Flame Barrier+1","Iron Wave","Twin Strike+1"],"picked":"SKIP","floor":25.0},{"not_picked":["True Grit+1","Clash+1","Dark Embrace"],"picked":"SKIP","floor":28.0},{"not_picked":["Flex+1","True Grit+1","Thunderclap"],"picked":"SKIP","floor":29.0},{"not_picked":["Searing Blow","Second Wind+1","Perfected Strike"],"picked":"SKIP","floor":30.0},{"not_picked":["Flex+1","Iron Wave","Perfected Strike+1"],"picked":"SKIP","floor":35.0},{"not_picked":["Bandage Up+1","Jack Of All Trades+1"],"picked":"Good Instincts+1","floor":37.0},{"not_picked":["Limit Break+1","Second Wind+1"],"picked":"Seeing Red+1","floor":39.0},{"not_picked":["Fiend Fire","Clothesline+1","Demon Form"],"picked":"SKIP","floor":41},{"not_picked":["Bloodletting+1","Thunderclap+1","Anger"],"picked":"SKIP","floor":42},{"not_picked":["Ghostly Armor+1","Perfected Strike+1","Clothesline+1"],"picked":"SKIP","floor":44},{"not_picked":["Twin Strike","Clash","Power Through+1"],"picked":"SKIP","floor":45},{"not_picked":["Perfected Strike","Clash","Cleave"],"picked":"SKIP","floor":47}],"player_experience":15676,"relics_obtained":[{"floor":9.0,"key":"Toxic Egg 2"},{"floor":11.0,"key":"StoneCalendar"},{"floor":23.0,"key":"Bottled Lightning"},{"floor":25.0,"key":"Omamori"},{"floor":26.0,"key":"Paper Frog"},{"floor":31.0,"key":"Self Forming Clay"},{"floor":41,"key":"Darkstone Periapt"}],"event_choices":[{"damage_healed":0.0,"max_hp_gain":0.0,"max_hp_loss":0.0,"gold_gain":75.0,"event_name":"FaceTrader","player_choice":"Touch","floor":4.0,"gold_loss":0.0,"damage_taken":7.0},{"damage_healed":0.0,"max_hp_gain":0.0,"max_hp_loss":0.0,"gold_gain":0.0,"event_name":"Dead Adventurer","player_choice":"Searched \u00271\u0027 times","floor":11.0,"gold_loss":0.0,"damage_taken":0.0},{"damage_healed":0.0,"max_hp_gain":0.0,"max_hp_loss":0.0,"gold_gain":0.0,"event_name":"Drug Dealer","player_choice":"Inject Mutagens","floor":19.0,"gold_loss":0.0,"damage_taken":0.0,"relics_obtained":["MutagenicStrength"]},{"damage_healed":0.0,"max_hp_gain":0.0,"max_hp_loss":0.0,"gold_gain":0.0,"event_name":"N\u0027loth","player_choice":"Traded Relic","floor":20.0,"relics_lost":["MutagenicStrength"],"gold_loss":0.0,"damage_taken":0.0,"relics_obtained":["Nloth\u0027s Gift"]},{"damage_healed":0.0,"max_hp_gain":0.0,"max_hp_loss":0.0,"gold_gain":0.0,"event_name":"SensoryStone","player_choice":"Memory 1","floor":37.0,"gold_loss":0.0,"damage_taken":0.0},{"damage_healed":0.0,"max_hp_gain":0.0,"max_hp_loss":0.0,"gold_gain":0.0,"event_name":"SecretPortal","player_choice":"Ignored","floor":38.0,"gold_loss":0.0,"damage_taken":0.0}],"is_beta":false,"boss_relics":[{"not_picked":["Runic Cube","Philosopher\u0027s Stone"],"picked":"Orrery"},{"not_picked":["Cursed Key","Snecko Eye"],"picked":"Empty Cage"}],"items_purged_floors":[22,36],"is_endless":false,"potions_floor_spawned":[1,2,5,13,21,28,29,33,35,41,42,47],"ascension_level":2}