{"gold_per_floor":[16,26,26,26,40,40,40,63,63,94,94,108,141,165,165,286,286,300,102,115,139,92,92,112,112,135,154,154,154,175,195,195,325,325,350,350,350,26,42,42,42,57,57,76,76,96,96,96,96,96],"floor_reached":51,"playtime":3491,"items_purged":["Strike_B","Regret"],"score":736,"play_id":"ee70e395-cde9-49fc-bf31-518a68c9d3f0","local_time":"20181227024238","is_ascension_mode":false,"campfire_choices":[{"data":"Zap","floor":6,"key":"SMITH"},{"data":"Redo","floor":11,"key":"SMITH"},{"floor":15,"key":"REST"},{"data":"Buffer","floor":23,"key":"SMITH"},{"data":"Streamline","floor":25,"key":"SMITH"},{"data":"Leap","floor":29,"key":"SMITH"},{"floor":32,"key":"REST"},{"floor":40,"key":"REST"},{"data":"Hologram","floor":45,"key":"SMITH"},{"data":"Chill","floor":47,"key":"SMITH"},{"floor":49,"key":"REST"}],"neow_cost":"NO_GOLD","seed_source_timestamp":2262437319923402,"circlet_count":0,"master_deck":["Strike_B+1","Strike_B+1","Defend_B+1","Defend_B+1","Defend_B+1","Defend_B+1","Zap+1","Dualcast+1","Rebound+1","FTL+1","Ball Lightning+1","Redo+1","Streamline+1","Chill+1","Gash+1","Buffer+1","Rebound+1","Hologram+1","Sweeping Beam+1","Leap+1","Gash+1","Steam+1","Go for the Eyes+1","Echo Form+1","Glacier+1","Defragment+1","Seek+1","Steam+1","Hologram+1","Go for the Eyes+1","Cold Snap+1","Hologram+1","Good Instincts+1","Capacitor+1","Hologram"],"relics":["FrozenCore","Incense Burner","Golden Idol","Bag of Preparation","Sundial","Molten Egg 2","Cursed Key","Dream Catcher","MutagenicStrength","Orichalcum","Mark of the Bloom"],"potions_floor_usage":[35,50,50,50,50,50,50],"damage_taken":[{"damage":0,"enemies":"Small Slimes","floor":1,"turns":2},{"damage":0,"enemies":"2 Louse","floor":2,"turns":2},{"damage":1,"enemies":"Jaw Worm","floor":5,"turns":3},{"damage":8,"enemies":"Red Slaver","floor":8,"turns":3},{"damage":1,"enemies":"Gremlin Nob","floor":10,"turns":3},{"damage":1,"enemies":"2 Fungi Beasts","floor":12,"turns":2},{"damage":18,"enemies":"3 Sentries","floor":13,"turns":4},{"damage":0,"enemies":"3 Louse","floor":14,"turns":2},{"damage":8,"enemies":"Slime Boss","floor":16,"turns":8},{"damage":0,"enemies":"Chosen","floor":18,"turns":4},{"damage":0,"enemies":"Spheric Guardian","floor":20,"turns":3},{"damage":28,"enemies":"Snecko","floor":21,"turns":5},{"damage":0,"enemies":"Sentry and Sphere","floor":24,"turns":4},{"damage":15,"enemies":"Centurion and Healer","floor":27,"turns":8},{"damage":2,"enemies":"3 Cultists","floor":30,"turns":3},{"damage":8,"enemies":"Snake Plant","floor":31,"turns":5},{"damage":8,"enemies":"Champ","floor":33,"turns":11},{"damage":46,"enemies":"3 Darklings","floor":35,"turns":6},{"damage":0,"enemies":"3 Shapes","floor":39,"turns":6},{"damage":5,"enemies":"Sphere and 2 Shapes","floor":42,"turns":5},{"damage":0,"enemies":"Jaw Worm Horde","floor":44,"turns":6},{"damage":6,"enemies":"4 Shapes","floor":46,"turns":7},{"damage":0,"enemies":"Time Eater","floor":50,"turns":17}],"seed_played":"2613989087953185706","potions_obtained":[{"floor":1,"key":"GamblersBrew"},{"floor":10,"key":"SteroidPotion"},{"floor":13,"key":"FocusPotion"},{"floor":14,"key":"Dexterity Potion"},{"floor":35,"key":"FocusPotion"},{"floor":42,"key":"PowerPotion"},{"floor":46,"key":"EntropicBrew"}],"is_trial":false,"path_per_floor":["M","M","?","?","M","R","?","M","T","E","R","M","E","M","R","B",null,"M","$","M","M","$","R","M","R","T","M","?","R","M","M","R","B",null,"M","?","?","$","M","R","?","M","T","M","R","M","R","?","R","B",null],"character_chosen":"DEFECT","items_purchased":["Hologram","Sweeping Beam+1","Leap","Go for the Eyes+1","Hologram","Go for the Eyes+1","Orichalcum"],"campfire_rested":4,"item_purchase_floors":[19,19,19,22,38,38,38],"current_hp_per_floor":[75,75,57,57,56,56,49,41,41,40,40,39,21,21,43,35,75,75,75,75,47,47,47,47,47,47,32,32,32,30,22,44,36,75,29,29,29,29,29,50,50,45,45,45,45,39,39,39,39,39],"gold":96,"neow_bonus":"ONE_RARE_RELIC","is_prod":false,"is_daily":false,"chose_seed":false,"campfire_upgraded":7,"win_rate":0.0,"timestamp":1545900158,"path_taken":["M","M","?","?","M","R","?","M","T","E","R","M","E","?","R","BOSS","M","$","M","M","$","R","M","R","T","M","?","R","M","M","R","BOSS","M","?","?","$","M","R","?","M","T","M","R","M","R","?","R","BOSS"],"build_version":"2018-12-20","purchased_purges":2,"victory":true,"max_hp_per_floor":[75,75,75,75,75,75,75,75,75,75,75,75,75,75,75,75,75,75,75,75,75,75,75,75,75,75,75,75,75,75,75,75,75,75,75,75,71,71,71,71,71,71,71,71,71,71,71,71,71,71],"card_choices":[{"not_picked":["Steam Power","Tempest"],"picked":"Rebound","floor":1},{"not_picked":["Sweeping Beam","Darkness"],"picked":"FTL","floor":2},{"not_picked":["Double Energy","Steam Power","Genetic Algorithm"],"picked":"SKIP","floor":5},{"not_picked":["Genetic Algorithm","Turbo"],"picked":"Ball Lightning","floor":8},{"not_picked":["Skim","Blizzard"],"picked":"Redo","floor":10},{"not_picked":["Buffer","Conserve Battery"],"picked":"Streamline","floor":12},{"not_picked":["Consume","White Noise"],"picked":"Chill","floor":13},{"not_picked":["Stack","Defragment"],"picked":"Gash+1","floor":14},{"not_picked":["Core Surge+1","Rainbow"],"picked":"Buffer","floor":16},{"not_picked":["Turbo","Compile Driver+1"],"picked":"Rebound+1","floor":18},{"not_picked":["Beam Cell+1","Reinforced Body"],"picked":"Gash+1","floor":20},{"not_picked":["Doom and Gloom+1","Melter+1"],"picked":"Steam+1","floor":21},{"not_picked":["Barrage+1","Streamline+1"],"picked":"Echo Form","floor":24},{"not_picked":["Coolheaded","Streamline+1","Loop"],"picked":"SKIP","floor":27},{"not_picked":["Doom and Gloom+1","Streamline+1"],"picked":"Glacier+1","floor":30},{"not_picked":["Loop+1","Sweeping Beam+1","Redo"],"picked":"SKIP","floor":31},{"not_picked":["Coolheaded+1","Aggregate"],"picked":"Defragment+1","floor":32},{"not_picked":["Meteor Strike+1","Buffer"],"picked":"Seek","floor":33},{"not_picked":["Fusion+1","Streamline+1"],"picked":"Steam+1","floor":35},{"not_picked":["Rip and Tear+1","Chill+1"],"picked":"Cold Snap+1","floor":39},{"not_picked":["Redo+1","BootSequence"],"picked":"Hologram","floor":40},{"not_picked":["Master of Strategy","Mayhem"],"picked":"Good Instincts","floor":41},{"not_picked":["Storm+1","Barrage+1","Tempest"],"picked":"SKIP","floor":42},{"not_picked":["Loop","Cold Snap+1"],"picked":"Capacitor","floor":44},{"not_picked":["Cold Snap+1","Hello World","Sweeping Beam+1"],"picked":"SKIP","floor":46},{"not_picked":["Compile Driver+1","Beam Cell+1"],"picked":"Hologram","floor":49}],"player_experience":31709,"relics_obtained":[{"floor":9,"key":"Bag of Preparation"},{"floor":10,"key":"Sundial"},{"floor":13,"key":"Molten Egg 2"},{"floor":26,"key":"Dream Catcher"}],"event_choices":[{"damage_healed":0,"gold_gain":0,"player_choice":"Take Damage","damage_taken":18,"relics_obtained":["Golden Idol"],"max_hp_gain":0,"max_hp_loss":0,"event_name":"Golden Idol","floor":3,"gold_loss":0},{"damage_healed":0,"gold_gain":0,"player_choice":"Leave","damage_taken":0,"max_hp_gain":0,"max_hp_loss":0,"event_name":"The Cleric","floor":4,"gold_loss":0},{"cards_removed":["Strike_B"],"damage_healed":0,"gold_gain":0,"player_choice":"Card Removal","damage_taken":7,"max_hp_gain":0,"max_hp_loss":0,"event_name":"Golden Wing","floor":7,"gold_loss":0},{"damage_healed":0,"gold_gain":0,"player_choice":"Inject Mutagens","damage_taken":0,"relics_obtained":["MutagenicStrength"],"max_hp_gain":0,"max_hp_loss":0,"event_name":"Drug Dealer","floor":28,"gold_loss":0},{"damage_healed":0,"gold_gain":0,"player_choice":"Ignored","damage_taken":0,"max_hp_gain":0,"max_hp_loss":0,"event_name":"Mysterious Sphere","floor":36,"gold_loss":0},{"damage_healed":0,"gold_gain":0,"player_choice":"Max HP","damage_taken":0,"max_hp_gain":0,"max_hp_loss":4,"event_name":"Winding Halls","floor":37,"gold_loss":0},{"damage_healed":0,"gold_gain":0,"player_choice":"Memory 1","damage_taken":0,"max_hp_gain":0,"max_hp_loss":0,"event_name":"SensoryStone","floor":41,"gold_loss":0},{"damage_healed":0,"gold_gain":0,"player_choice":"Upgrade","damage_taken":0,"relics_obtained":["Mark of the Bloom"],"max_hp_gain":0,"max_hp_loss":0,"event_name":"MindBloom","floor":48,"gold_loss":0,"cards_upgraded":["Strike_B","Strike_B","Defend_B","Defend_B","Defend_B","Defend_B","Dualcast","Rebound","FTL","Ball Lightning","Hologram","Echo Form","Seek","Hologram","Good Instincts","Capacitor"]}],"is_beta":false,"boss_relics":[{"not_picked":["Lizard Tail","Snecko Eye"],"picked":"Cursed Key"},{"not_picked":["Sozu","Empty Cage"],"picked":"FrozenCore"}],"items_purged_floors":[19,38],"is_endless":false,"potions_floor_spawned":[1,10,13,14,16,24,27,31,33,35,42,46],"ascension_level":0}