{"gold_per_floor":[119,119,129,99,112,112,144,163,186,186,206,237,45,74,74,146,146,158,169,169,26,44,44,44,57,84,9,39,39,39,68,68,143,143,163,163,438,452,85,114,114,133,186,212,212,224,224,236,236,236,236,236,236,8,8],"floor_reached":55,"playtime":2154,"items_purged":["Pain","Regret","Strike_R"],"score":1916,"play_id":"d231cff2-1b43-48fa-981a-a1ccceadb825","local_time":"20190908034055","is_ascension_mode":true,"campfire_choices":[{"data":"Perfected Strike","floor":6.0,"key":"SMITH"},{"data":"Armaments","floor":10.0,"key":"SMITH"},{"data":"Juggernaut","floor":15.0,"key":"SMITH"},{"floor":23.0,"key":"REST"},{"data":"Offering","floor":30.0,"key":"SMITH"},{"floor":32.0,"key":"REST"},{"data":"Demon Form","floor":41.0,"key":"SMITH"},{"floor":45.0,"key":"REST"},{"data":"Corruption","floor":47.0,"key":"SMITH"},{"floor":49.0,"key":"RECALL"},{"floor":53,"key":"REST"}],"neow_cost":"PERCENT_DAMAGE","seed_source_timestamp":595739404987500,"circlet_count":0,"master_deck":["AscendersBane","Strike_R+1","Defend_R","Defend_R","Defend_R","Defend_R","Bash+1","Perfected Strike+1","Armaments+1","Twin Strike+1","Feel No Pain","Iron Wave","Feel No Pain","Havoc","Juggernaut+1","Offering+1","Inflame+1","Body Slam+1","Pommel Strike+1","True Grit","Sword Boomerang","Cleave","True Grit","Anger","Cleave+1","Flame Barrier","Demon Form+1","Power Through+1","Corruption+1","True Grit","Metallicize","Doubt","Shrug It Off","Offering"],"special_seed":0,"relics":["Burning Blood","Torii","Red Skull","Whetstone","Pen Nib","Vajra","Anchor","Astrolabe","WarpedTongs","Bag of Marbles","Smiling Mask","Pear","Cursed Key","Medical Kit","Bird Faced Urn","Turnip"],"potions_floor_usage":[],"damage_taken":[{"damage":12.0,"enemies":"Jaw Worm","floor":1.0,"turns":3.0},{"damage":1.0,"enemies":"Small Slimes","floor":3.0,"turns":4.0},{"damage":1.0,"enemies":"Cultist","floor":5.0,"turns":3.0},{"damage":30.0,"enemies":"Lagavulin","floor":7.0,"turns":6.0},{"damage":1.0,"enemies":"Red Slaver","floor":8.0,"turns":2.0},{"damage":13.0,"enemies":"Large Slime","floor":11.0,"turns":4.0},{"damage":8.0,"enemies":"Gremlin Nob","floor":12.0,"turns":3.0},{"damage":2.0,"enemies":"3 Sentries","floor":14.0,"turns":8.0},{"damage":15.0,"enemies":"The Guardian","floor":16.0,"turns":8.0},{"damage":22.0,"enemies":"3 Byrds","floor":18.0,"turns":4.0},{"damage":20.0,"enemies":"Shell Parasite","floor":19.0,"turns":4.0},{"damage":45.0,"enemies":"Shelled Parasite and Fungi","floor":22.0,"turns":4.0},{"damage":15.0,"enemies":"Centurion and Healer","floor":25.0,"turns":5.0},{"damage":12.0,"enemies":"Book of Stabbing","floor":28.0,"turns":3.0},{"damage":35.0,"enemies":"Slavers","floor":31.0,"turns":5.0},{"damage":54.0,"enemies":"Collector","floor":33.0,"turns":7.0},{"damage":9.0,"enemies":"Orb Walker","floor":35.0,"turns":4.0},{"damage":26.0,"enemies":"3 Darklings","floor":38.0,"turns":5.0},{"damage":7.0,"enemies":"Reptomancer","floor":40.0,"turns":6.0},{"damage":27.0,"enemies":"Maw","floor":42.0,"turns":7.0},{"damage":31.0,"enemies":"Giant Head","floor":44.0,"turns":7.0},{"damage":3.0,"enemies":"4 Shapes","floor":46.0,"turns":6.0},{"damage":32.0,"enemies":"Jaw Worm Horde","floor":48.0,"turns":5.0},{"damage":34.0,"enemies":"Donu and Deca","floor":50.0,"turns":7.0},{"damage":29,"enemies":"Time Eater","floor":51,"turns":8},{"damage":114,"enemies":"Shield and Spear","floor":55,"turns":5}],"seed_played":"616018031239917575","potions_obtained":[{"floor":4.0,"key":"Ancient Potion"},{"floor":4.0,"key":"Fruit Juice"},{"floor":5.0,"key":"SkillPotion"},{"floor":12.0,"key":"Strength Potion"},{"floor":16.0,"key":"BloodPotion"},{"floor":22.0,"key":"SpeedPotion"},{"floor":28.0,"key":"BloodPotion"},{"floor":35.0,"key":"Poison Potion"},{"floor":40.0,"key":"PowerPotion"},{"floor":44.0,"key":"Poison Potion"}],"is_trial":false,"path_per_floor":["M","?","M","?","M","R","E","M","T","R","M","E","$","E","R","B",null,"M","M","?","$","M","R","?","M","T","$","E","?","R","E","R","B",null,"M","?","?","M","$","E","R","M","T","E","R","M","R","M","R","B","B",null,"R","$","E"],"character_chosen":"IRONCLAD","items_purchased":["Havoc","Vajra","Cleave","True Grit","PowerPotion","Corruption","Medical Kit","True Grit","Offering"],"campfire_rested":4,"item_purchase_floors":[13,13,21,21,21,39,39,39,54],"current_hp_per_floor":[44,44,49,49,59,59,35,40,40,40,33,31,31,35,35,26,67,51,37,37,37,18,42,42,33,33,33,27,27,27,28,55,7,69,66,66,66,46,46,45,45,36,36,23,50,63,63,47,47,33,24,74,90,90,0],"gold":8,"neow_bonus":"ONE_RARE_RELIC","is_prod":false,"is_daily":false,"chose_seed":false,"campfire_upgraded":6,"win_rate":0,"timestamp":1567939255,"path_taken":["M","?","M","?","M","R","E","?","T","R","M","E","?","E","R","BOSS","M","M","?","?","M","R","?","?","T","?","E","?","R","E","R","BOSS","M","?","?","?","$","E","R","M","T","E","R","M","R","M","R","BOSS","BOSS","R","$","E"],"build_version":"2019-07-17","purchased_purges":3,"victory":false,"max_hp_per_floor":[75,75,75,75,80,80,80,80,80,80,80,80,80,80,80,80,80,80,80,80,80,80,80,80,80,80,80,80,80,80,90,90,90,90,90,90,90,90,90,90,90,90,90,90,90,90,90,90,90,90,90,90,90,90,90],"card_choices":[{"not_picked":["Body Slam","Intimidate"],"picked":"Evolve","floor":1.0},{"not_picked":["Clash","Shrug It Off"],"picked":"Perfected Strike","floor":3.0},{"not_picked":["Seeing Red","Flame Barrier"],"picked":"Armaments","floor":5.0},{"not_picked":["Hemokinesis","Evolve"],"picked":"Twin Strike","floor":7.0},{"not_picked":["Wild Strike","Twin Strike"],"picked":"Feel No Pain","floor":8.0},{"not_picked":["Ghostly Armor","Cleave"],"picked":"Iron Wave","floor":11.0},{"not_picked":["Rupture","Seeing Red"],"picked":"Feel No Pain","floor":12.0},{"not_picked":["Rage","Shockwave"],"picked":"Juggernaut","floor":14.0},{"not_picked":["Brutality","Juggernaut"],"picked":"Offering","floor":16.0},{"not_picked":["Headbutt","Clash"],"picked":"True Grit","floor":18.0},{"not_picked":["Spot Weakness+1","True Grit"],"picked":"Sword Boomerang","floor":19.0},{"not_picked":["Thunderclap","Hemokinesis","Blood for Blood"],"picked":"SKIP","floor":22.0},{"not_picked":["Warcry","Thunderclap"],"picked":"Anger","floor":25.0},{"not_picked":["Body Slam","Whirlwind"],"picked":"Cleave+1","floor":28.0},{"not_picked":["Twin Strike","Thunderclap"],"picked":"Flame Barrier","floor":31.0},{"not_picked":["Limit Break","Brutality"],"picked":"Demon Form","floor":33.0},{"not_picked":["Dropkick+1","Clash","Cleave"],"picked":"SKIP","floor":35.0},{"not_picked":["Uppercut","Twin Strike+1"],"picked":"Power Through+1","floor":38.0},{"not_picked":["Clash","Searing Blow"],"picked":"Metallicize","floor":40.0},{"not_picked":["Cleave","Sword Boomerang","Headbutt+1"],"picked":"SKIP","floor":42.0},{"not_picked":["Cleave","Sword Boomerang","Headbutt+1"],"picked":"SKIP","floor":42.0},{"not_picked":["True Grit","Bloodletting"],"picked":"Shrug It Off","floor":44.0},{"not_picked":["Whirlwind","Bloodletting","Searing Blow"],"picked":"SKIP","floor":46.0},{"not_picked":["Headbutt+1","Blood for Blood","Heavy Blade+1"],"picked":"SKIP","floor":48.0}],"player_experience":892322,"relics_obtained":[{"floor":7.0,"key":"Red Skull"},{"floor":9.0,"key":"Whetstone"},{"floor":12.0,"key":"Pen Nib"},{"floor":14.0,"key":"Anchor"},{"floor":26.0,"key":"Bag of Marbles"},{"floor":28.0,"key":"Smiling Mask"},{"floor":31.0,"key":"Pear"},{"floor":40.0,"key":"Bird Faced Urn"},{"floor":44.0,"key":"Turnip"}],"event_choices":[{"damage_healed":0.0,"max_hp_gain":0.0,"max_hp_loss":0.0,"gold_gain":0.0,"event_name":"Living Wall","player_choice":"Grow","floor":2.0,"gold_loss":0.0,"damage_taken":0.0,"cards_upgraded":["Bash"]},{"damage_healed":0.0,"max_hp_gain":0.0,"max_hp_loss":0.0,"gold_gain":0.0,"event_name":"The Woman in Blue","player_choice":"Bought 2 Potions","floor":4.0,"gold_loss":0.0,"damage_taken":0.0},{"damage_healed":0.0,"max_hp_gain":0.0,"max_hp_loss":0.0,"gold_gain":0.0,"event_name":"Match and Keep!","player_choice":"0 cards matched","floor":20.0,"gold_loss":0.0,"damage_taken":0.0,"cards_obtained":[]},{"damage_healed":0.0,"max_hp_gain":0.0,"max_hp_loss":0.0,"gold_gain":0.0,"event_name":"Match and Keep!","player_choice":"0 cards matched","floor":20.0,"gold_loss":0.0,"damage_taken":0.0,"cards_obtained":[]},{"damage_healed":0.0,"max_hp_gain":0.0,"max_hp_loss":0.0,"gold_gain":0.0,"event_name":"Accursed Blacksmith","player_choice":"Rummage","floor":24.0,"gold_loss":0.0,"damage_taken":0.0,"relics_obtained":["WarpedTongs"],"cards_obtained":["Pain"]},{"damage_healed":0.0,"max_hp_gain":0.0,"max_hp_loss":0.0,"gold_gain":0.0,"event_name":"Vampires","player_choice":"Ignored","floor":29.0,"gold_loss":0.0,"damage_taken":0.0},{"cards_removed":["Evolve"],"damage_healed":0.0,"max_hp_gain":0.0,"max_hp_loss":0.0,"gold_gain":0.0,"event_name":"Falling","player_choice":"Removed Power","floor":36.0,"gold_loss":0.0,"damage_taken":0.0},{"damage_healed":0.0,"max_hp_gain":0.0,"max_hp_loss":0.0,"gold_gain":275.0,"event_name":"Golden Shrine","player_choice":"Desecrate","floor":37.0,"gold_loss":0.0,"damage_taken":0.0,"cards_obtained":["Regret"]}],"is_beta":false,"boss_relics":[{"not_picked":["Black Blood","Empty Cage"],"picked":"Astrolabe"},{"not_picked":["Fusion Hammer","Pandora\u0027s Box"],"picked":"Cursed Key"}],"items_purged_floors":[27,39,54],"is_endless":false,"potions_floor_spawned":[5,7,12,16,22,28,35,40,44],"killed_by":"Shield and Spear","ascension_level":20}