{"gold_per_floor":[110,110,129,147,159,159,188,240,266,266,291,291,303,329,329,405,405,425,425,436,436,450,475,475,475,501,501,514,531,531,31,31,31],"floor_reached":33,"playtime":1144,"items_purged":["Decay"],"score":620,"play_id":"ba9dc658-2d94-422a-9016-dd56c4cf11c0","local_time":"20190718164419","is_ascension_mode":true,"campfire_choices":[{"data":"Whirlwind","floor":6.0,"key":"SMITH"},{"data":"Hemokinesis","floor":12.0,"key":"SMITH"},{"data":"Shockwave","floor":15.0,"key":"SMITH"},{"data":"Power Through","floor":24.0,"key":"SMITH"},{"data":"Demon Form","floor":27.0,"key":"SMITH"},{"data":"Limit Break","floor":30.0,"key":"SMITH"},{"data":"Power Through","floor":32,"key":"SMITH"}],"neow_cost":"NONE","seed_source_timestamp":562318036377300,"circlet_count":0,"master_deck":["AscendersBane","Strike_R","Strike_R","Strike_R","Strike_R","Defend_R","Defend_R","Defend_R","Defend_R","Bash","Whirlwind+1","Hemokinesis+1","Power Through+1","Ghostly Armor","Shockwave+1","Spot Weakness","Demon Form+1","Headbutt","Power Through+1","Sword Boomerang+1","Limit Break+1","Ghostly Armor","Corruption"],"special_seed":0,"relics":["Burning Blood","NeowsBlessing","Self Forming Clay","Vajra","PreservedInsect","Orichalcum","Shuriken","Coffee Dripper","Pen Nib","MutagenicStrength","Strawberry","Bag of Preparation"],"potions_floor_usage":[33],"damage_taken":[{"damage":0.0,"enemies":"Small Slimes","floor":1.0,"turns":1.0},{"damage":0.0,"enemies":"Cultist","floor":3.0,"turns":1.0},{"damage":0.0,"enemies":"2 Louse","floor":4.0,"turns":1.0},{"damage":17.0,"enemies":"Blue Slaver","floor":5.0,"turns":6.0},{"damage":41.0,"enemies":"Lagavulin","floor":7.0,"turns":8.0},{"damage":0.0,"enemies":"3 Sentries","floor":11.0,"turns":1.0},{"damage":2.0,"enemies":"Exordium Thugs","floor":13.0,"turns":3.0},{"damage":23.0,"enemies":"Lagavulin","floor":14.0,"turns":4.0},{"damage":37.0,"enemies":"The Guardian","floor":16.0,"turns":16.0},{"damage":14.0,"enemies":"Shell Parasite","floor":18.0,"turns":5.0},{"damage":15.0,"enemies":"Spheric Guardian","floor":20.0,"turns":4.0},{"damage":7.0,"enemies":"Centurion and Healer","floor":22.0,"turns":6.0},{"damage":9.0,"enemies":"Slavers","floor":23.0,"turns":4.0},{"damage":12.0,"enemies":"Snake Plant","floor":28.0,"turns":2.0},{"damage":5.0,"enemies":"Chosen and Byrds","floor":29.0,"turns":3.0},{"damage":92,"enemies":"Automaton","floor":33,"turns":6}],"seed_played":"8020432914906056228","potions_obtained":[{"floor":4.0,"key":"Explosive Potion"},{"floor":7.0,"key":"Fire Potion"},{"floor":11.0,"key":"Fire Potion"},{"floor":14.0,"key":"Energy Potion"},{"floor":23.0,"key":"Weak Potion"}],"is_trial":false,"path_per_floor":["M","?","M","M","M","R","E","T","T","?","E","R","M","E","R","B",null,"M","?","M","?","M","E","R","?","T","R","M","M","R","$","R","B"],"character_chosen":"IRONCLAD","items_purchased":["BloodPotion","Bag of Preparation","Ghostly Armor","Corruption"],"campfire_rested":0,"item_purchase_floors":[31,31,31,31],"current_hp_per_floor":[74,74,75,75,64,64,29,29,29,54,60,60,64,47,47,16,60,52,45,36,36,35,32,32,32,39,39,33,34,34,34,34,0],"gold":31,"neow_bonus":"THREE_ENEMY_KILL","is_prod":false,"is_daily":false,"chose_seed":false,"campfire_upgraded":7,"win_rate":0,"timestamp":1563482659,"path_taken":["M","?","M","?","M","R","E","?","T","?","E","R","M","E","R","BOSS","M","?","?","?","M","E","R","?","T","R","M","M","R","$","R","BOSS"],"build_version":"2019-07-17","purchased_purges":1,"victory":false,"max_hp_per_floor":[75,75,75,75,75,75,75,75,75,75,75,75,75,75,75,75,75,75,75,75,75,75,75,75,75,82,82,82,82,82,82,82,82],"card_choices":[{"not_picked":["Clash","Battle Trance"],"picked":"Whirlwind","floor":1.0},{"not_picked":["Pummel","Combust"],"picked":"Hemokinesis","floor":3.0},{"not_picked":["Warcry","Evolve"],"picked":"Power Through","floor":4.0},{"not_picked":["Armaments","Intimidate"],"picked":"Ghostly Armor","floor":5.0},{"not_picked":["Intimidate","Warcry"],"picked":"Shockwave","floor":7.0},{"not_picked":["Iron Wave","Bloodletting"],"picked":"Spot Weakness","floor":11.0},{"not_picked":["Intimidate","Hemokinesis","Ghostly Armor"],"picked":"SKIP","floor":13.0},{"not_picked":["Fire Breathing","Dropkick","Sentinel"],"picked":"SKIP","floor":14.0},{"not_picked":["Dark Embrace","Fiend Fire"],"picked":"Demon Form","floor":16.0},{"not_picked":["Clash+1","Shrug It Off"],"picked":"Headbutt","floor":18.0},{"not_picked":["Rage","Dual Wield","Armaments"],"picked":"SKIP","floor":20.0},{"not_picked":["Thunderclap","Body Slam"],"picked":"Power Through","floor":22.0},{"not_picked":["Hemokinesis","Fire Breathing"],"picked":"Sword Boomerang+1","floor":23.0},{"not_picked":["Body Slam","Rage","Fire Breathing"],"picked":"SKIP","floor":28.0},{"not_picked":["Clash","Sever Soul"],"picked":"Limit Break","floor":29.0}],"player_experience":773326,"relics_obtained":[{"floor":7.0,"key":"Self Forming Clay"},{"floor":8.0,"key":"Vajra"},{"floor":9.0,"key":"PreservedInsect"},{"floor":11.0,"key":"Orichalcum"},{"floor":14.0,"key":"Shuriken"},{"floor":23.0,"key":"Pen Nib"},{"floor":26.0,"key":"Strawberry"}],"event_choices":[{"cards_removed":["Strike_R"],"damage_healed":0.0,"max_hp_gain":0.0,"max_hp_loss":0.0,"gold_gain":0.0,"event_name":"Bonfire Elementals","player_choice":"Offered Basic","floor":2.0,"gold_loss":0.0,"damage_taken":0.0},{"damage_healed":25.0,"max_hp_gain":0.0,"max_hp_loss":0.0,"gold_gain":0.0,"event_name":"Big Fish","player_choice":"Banana","floor":10.0,"gold_loss":0.0,"damage_taken":0.0},{"damage_healed":0.0,"max_hp_gain":0.0,"max_hp_loss":0.0,"gold_gain":0.0,"event_name":"Knowing Skull","player_choice":"","floor":19.0,"potions_obtained":[],"gold_loss":0.0,"damage_taken":7.0,"cards_obtained":[]},{"damage_healed":0.0,"max_hp_gain":0.0,"max_hp_loss":0.0,"gold_gain":0.0,"event_name":"Forgotten Altar","player_choice":"Smashed Altar","floor":21.0,"gold_loss":0.0,"damage_taken":0.0,"cards_obtained":["Decay"]},{"damage_healed":0.0,"max_hp_gain":0.0,"max_hp_loss":0.0,"gold_gain":0.0,"event_name":"Drug Dealer","player_choice":"Inject Mutagens","floor":25.0,"gold_loss":0.0,"damage_taken":0.0,"relics_obtained":["MutagenicStrength"]}],"is_beta":false,"boss_relics":[{"not_picked":["Black Star","Runic Dome"],"picked":"Coffee Dripper"}],"items_purged_floors":[31],"is_endless":false,"potions_floor_spawned":[4,7,11,14,20,23],"killed_by":"Automaton","ascension_level":20}