{"gold_per_floor":[20,39,59,73,37,51,51,51,101,101,127,146,166,200,212,329,391,419,16,31,42,59,59],"floor_reached":23,"playtime":1359,"items_purged":[],"score":257,"play_id":"e68d6979-3037-4053-b464-5b367d0ebeba","local_time":"20190906202454","is_ascension_mode":false,"campfire_choices":[{"data":"Searing Blow","floor":7,"key":"SMITH"},{"data":"Feed","floor":10,"key":"SMITH"},{"floor":15,"key":"REST"}],"neow_cost":"NO_GOLD","seed_source_timestamp":1825780750201500,"circlet_count":0,"master_deck":["Strike_R","Strike_R","Strike_R","Defend_R","Defend_R","Defend_R","Defend_R","Bash","Feed+1","Searing Blow+2","Entrench","Warcry","Whirlwind","Pommel Strike","Rage","Dual Wield","Pommel Strike","Demon Form","Exhume","Rage"],"relics":["Burning Blood","Ornamental Fan","Blood Vial","Happy Flower","MawBank","Tiny House","PreservedInsect","Paper Frog"],"potions_floor_usage":[20],"damage_taken":[{"damage":14,"enemies":"2 Louse","floor":1,"turns":3},{"damage":8,"enemies":"Cultist","floor":2,"turns":5},{"damage":7,"enemies":"Jaw Worm","floor":3,"turns":6},{"damage":0,"enemies":"3 Louse","floor":4,"turns":2},{"damage":26,"enemies":"Exordium Thugs","floor":6,"turns":7},{"damage":43,"enemies":"Gremlin Nob","floor":11,"turns":5},{"damage":29,"enemies":"Exordium Wildlife","floor":12,"turns":7},{"damage":5,"enemies":"Looter","floor":13,"turns":3},{"damage":20,"enemies":"3 Sentries","floor":14,"turns":6},{"damage":50,"enemies":"Hexaghost","floor":16,"turns":9},{"damage":38,"enemies":"Spheric Guardian","floor":18,"turns":6},{"damage":28,"enemies":"2 Thieves","floor":20,"turns":4},{"damage":22,"enemies":"Centurion and Healer","floor":21,"turns":8},{"damage":36,"enemies":"3 Cultists","floor":22,"turns":5},{"damage":57,"enemies":"Book of Stabbing","floor":23,"turns":5}],"seed_played":"-3604340374284434838","potions_obtained":[{"floor":4,"key":"Energy Potion"},{"floor":11,"key":"GamblersBrew"},{"floor":12,"key":"Ancient Potion"},{"floor":14,"key":"SteroidPotion"},{"floor":20,"key":"Poison Potion"},{"floor":22,"key":"Ancient Potion"}],"is_trial":false,"path_per_floor":["M","M","M","M","$","M","R","?","T","R","E","M","M","E","R","B",null,"M","$","M","M","M","E"],"character_chosen":"IRONCLAD","items_purchased":["Rage","PreservedInsect","Paper Frog"],"campfire_rested":1,"item_purchase_floors":[5,19,19],"current_hp_per_floor":[75,76,78,87,87,70,70,70,70,70,35,22,29,21,54,12,116,88,88,72,66,42,0],"gold":59,"neow_bonus":"TRANSFORM_TWO_CARDS","is_prod":false,"is_daily":false,"chose_seed":false,"campfire_upgraded":2,"win_rate":0,"timestamp":1567826694,"path_taken":["M","M","M","M","$","M","R","?","T","R","E","M","M","E","R","BOSS","M","$","?","M","M","E"],"build_version":"2019-07-17","purchased_purges":0,"victory":false,"max_hp_per_floor":[83,86,89,92,92,95,95,95,95,95,95,103,107,111,111,111,116,120,120,124,132,136,136],"card_choices":[{"not_picked":["Flex","Anger"],"picked":"Entrench","floor":1},{"not_picked":["Heavy Blade","Infernal Blade"],"picked":"Warcry","floor":2},{"not_picked":["Disarm","Burning Pact"],"picked":"Whirlwind","floor":3},{"not_picked":["Clothesline","Immolate"],"picked":"Pommel Strike","floor":4},{"not_picked":["Reckless Charge","Cleave"],"picked":"Dual Wield","floor":6},{"not_picked":["Perfected Strike","Clash"],"picked":"Pommel Strike","floor":11},{"not_picked":["Sword Boomerang","Whirlwind","Disarm"],"picked":"SKIP","floor":12},{"not_picked":["Heavy Blade","Pummel","Corruption"],"picked":"SKIP","floor":13},{"not_picked":["Thunderclap","Metallicize"],"picked":"Demon Form","floor":14},{"not_picked":["Feed","Juggernaut"],"picked":"Exhume","floor":16},{"not_picked":["Entrench","Thunderclap"],"picked":"Rage","floor":17},{"not_picked":["Feel No Pain","Sever Soul","Burning Pact"],"picked":"SKIP","floor":18},{"not_picked":["Dual Wield","Body Slam","Clash+1"],"picked":"SKIP","floor":20},{"not_picked":["Cleave","Perfected Strike","Heavy Blade"],"picked":"SKIP","floor":21},{"not_picked":["Clothesline+1","Twin Strike","Iron Wave"],"picked":"SKIP","floor":22}],"player_experience":138019,"relics_obtained":[{"floor":9,"key":"Blood Vial"},{"floor":11,"key":"Happy Flower"},{"floor":14,"key":"MawBank"}],"event_choices":[{"damage_healed":0,"gold_gain":0,"player_choice":"Gave Potion","damage_taken":0,"relics_obtained":["Ornamental Fan"],"max_hp_gain":0,"max_hp_loss":0,"event_name":"WeMeetAgain","floor":8,"gold_loss":0}],"is_beta":false,"boss_relics":[{"not_picked":["Runic Pyramid","Runic Dome"],"picked":"Tiny House"}],"items_purged_floors":[],"is_endless":false,"potions_floor_spawned":[4,11,12,14,18,20,22],"killed_by":"Book of Stabbing","ascension_level":0}