{"gold_per_floor":[112,112,128,54,204,232,15,26,26,26,26,45,45,56,56,56],"floor_reached":16,"playtime":347,"items_purged":[],"score":200,"play_id":"1f1db4e5-40dd-4c05-9604-e7826416a56f","local_time":"20190725164050","is_ascension_mode":true,"campfire_choices":[{"data":"Infernal Blade","floor":10,"key":"SMITH"},{"data":"Uppercut","floor":15,"key":"SMITH"}],"neow_cost":"NONE","seed_source_timestamp":725262607160400,"circlet_count":0,"master_deck":["AscendersBane","Strike_R","Strike_R","Strike_R","Strike_R","Strike_R","Defend_R","Defend_R","Defend_R","Defend_R","Bash+1","Pommel Strike","Rampage","Whirlwind","Infernal Blade+1","Uppercut+1"],"special_seed":0,"relics":["Burning Blood","Magic Flower","Medical Kit","Nunchaku"],"potions_floor_usage":[16],"damage_taken":[{"damage":9.0,"enemies":"Jaw Worm","floor":1.0,"turns":5.0},{"damage":1.0,"enemies":"Cultist","floor":3.0,"turns":3.0},{"damage":45.0,"enemies":"3 Sentries","floor":6.0,"turns":8.0},{"damage":12,"enemies":"Small Slimes","floor":8,"turns":4},{"damage":6,"enemies":"Blue Slaver","floor":12,"turns":3},{"damage":27,"enemies":"Gremlin Gang","floor":14,"turns":4},{"damage":25,"enemies":"Hexaghost","floor":16,"turns":7}],"seed_played":"9163886386423627670","potions_obtained":[{"floor":12,"key":"LiquidBronze"}],"is_trial":false,"path_per_floor":["M","?","M","$","?","E","$","M","T","R","$","M","?","M","R","B"],"character_chosen":"IRONCLAD","items_purchased":["Whirlwind","Medical Kit"],"campfire_rested":0,"item_purchase_floors":[4,7],"current_hp_per_floor":[72,72,77,77,77,38,38,35,35,35,35,38,38,20,20,0],"gold":56,"neow_bonus":"TEN_PERCENT_HP_BONUS","is_prod":false,"is_daily":false,"chose_seed":false,"campfire_upgraded":2,"win_rate":0,"timestamp":1564098050,"path_taken":["M","?","?","?","?","E","$","M","T","R","$","M","?","M","R","BOSS"],"build_version":"2019-07-17","purchased_purges":0,"victory":false,"max_hp_per_floor":[82,82,82,82,82,82,82,82,82,82,82,82,82,82,82,82],"card_choices":[{"not_picked":["Warcry","Perfected Strike"],"picked":"Pommel Strike","floor":1.0},{"not_picked":["Cleave","True Grit"],"picked":"Rampage","floor":3.0},{"not_picked":["Thunderclap","Pummel"],"picked":"Infernal Blade","floor":6.0},{"not_picked":["Havoc","Pummel","Seeing Red"],"picked":"SKIP","floor":8},{"not_picked":["Iron Wave","Clothesline","Double Tap"],"picked":"SKIP","floor":12},{"not_picked":["Anger","Havoc"],"picked":"Uppercut","floor":14}],"player_experience":694181,"relics_obtained":[{"floor":6.0,"key":"Magic Flower"},{"floor":9,"key":"Nunchaku"}],"event_choices":[{"damage_healed":0.0,"max_hp_gain":0.0,"max_hp_loss":0.0,"gold_gain":0.0,"event_name":"Upgrade Shrine","player_choice":"Upgraded","floor":2.0,"gold_loss":0.0,"damage_taken":0.0,"cards_upgraded":["Bash"]},{"damage_healed":0.0,"max_hp_gain":0.0,"max_hp_loss":0.0,"gold_gain":150.0,"event_name":"Liars Game","player_choice":"AGREE","floor":5.0,"gold_loss":0.0,"damage_taken":0.0,"cards_obtained":["Doubt"]},{"cards_removed":["Doubt"],"damage_healed":0,"gold_gain":0,"player_choice":"Forget","damage_taken":0,"max_hp_gain":0,"max_hp_loss":0,"event_name":"Living Wall","floor":13,"gold_loss":0}],"is_beta":false,"boss_relics":[],"items_purged_floors":[],"is_endless":false,"potions_floor_spawned":[12],"killed_by":"Hexaghost","ascension_level":20}