{"gold_per_floor":[109,14,28,41,60,60,93,110,133,147,147,180,200,228,228,303,303,319,332,2,21,21,21,33,33,59,59,90,35,35,61,61,61],"floor_reached":33,"playtime":1196,"items_purged":["Strike_R"],"score":614,"play_id":"6418b0dc-4e69-4742-afa0-6eea429252a5","local_time":"20190908022404","is_ascension_mode":true,"campfire_choices":[{"data":"Combust","floor":6.0,"key":"SMITH"},{"data":"Perfected Strike","floor":11.0,"key":"SMITH"},{"data":"Armaments","floor":15.0,"key":"SMITH"},{"floor":23,"key":"REST"},{"data":"Offering","floor":25,"key":"SMITH"},{"data":"Corruption","floor":30,"key":"SMITH"},{"floor":32,"key":"REST"}],"neow_cost":"NONE","seed_source_timestamp":592671949583100,"circlet_count":0,"master_deck":["AscendersBane","Strike_R","Strike_R","Strike_R","Strike_R","Defend_R+1","Defend_R","Defend_R+1","Defend_R","Bash","Twin Strike","Spot Weakness","Combust+1","Corruption+1","Perfected Strike+1","Armaments+1","Feed","Immolate","Offering+1","Pommel Strike","Battle Trance","Flame Barrier","Rampage","Burning Pact","Anger","Clothesline"],"special_seed":0,"relics":["Burning Blood","Bag of Marbles","Torii","War Paint","Regal Pillow","Pen Nib","Mark of Pain","PreservedInsect","Potion Belt","Kunai","Boot"],"potions_floor_usage":[21,31,33],"damage_taken":[{"damage":6.0,"enemies":"Small Slimes","floor":1.0,"turns":4.0},{"damage":1.0,"enemies":"Cultist","floor":3.0,"turns":3.0},{"damage":1.0,"enemies":"2 Louse","floor":4.0,"turns":2.0},{"damage":14.0,"enemies":"2 Fungi Beasts","floor":5.0,"turns":3.0},{"damage":34.0,"enemies":"Gremlin Nob","floor":7.0,"turns":4.0},{"damage":2.0,"enemies":"Exordium Thugs","floor":8.0,"turns":2.0},{"damage":12.0,"enemies":"Large Slime","floor":10.0,"turns":5.0},{"damage":25.0,"enemies":"Lagavulin","floor":12.0,"turns":4.0},{"damage":1.0,"enemies":"Looter","floor":13.0,"turns":2.0},{"damage":6.0,"enemies":"3 Sentries","floor":14.0,"turns":5.0},{"damage":19.0,"enemies":"Hexaghost","floor":16.0,"turns":9.0},{"damage":36.0,"enemies":"Shell Parasite","floor":18.0,"turns":6.0},{"damage":21.0,"enemies":"Spheric Guardian","floor":19.0,"turns":4.0},{"damage":13,"enemies":"Shelled Parasite and Fungi","floor":21,"turns":2},{"damage":12,"enemies":"Centurion and Healer","floor":24,"turns":5},{"damage":16,"enemies":"Gremlin Leader","floor":28,"turns":4},{"damage":9,"enemies":"Slavers","floor":31,"turns":3},{"damage":74,"enemies":"Collector","floor":33,"turns":8}],"seed_played":"-5743131877319835034","potions_obtained":[{"floor":3.0,"key":"Swift Potion"},{"floor":7.0,"key":"Swift Potion"},{"floor":13.0,"key":"Block Potion"},{"floor":16.0,"key":"Fire Potion"},{"floor":19.0,"key":"Regen Potion"},{"floor":24,"key":"Energy Potion"}],"is_trial":false,"path_per_floor":["M","$","M","M","M","R","E","M","T","M","R","E","M","E","R","B",null,"M","M","$","M","?","R","M","R","T","T","E","$","R","E","R","B"],"character_chosen":"IRONCLAD","items_purchased":["Spot Weakness","Strength Potion","PreservedInsect","Flame Barrier","Anger"],"campfire_rested":2,"item_purchase_floors":[2,2,20,20,29],"current_hp_per_floor":[68,68,73,75,67,67,39,43,43,37,37,18,23,23,23,10,59,32,17,17,18,6,45,42,42,42,42,36,36,36,33,74,0],"gold":61,"neow_bonus":"RANDOM_COMMON_RELIC","is_prod":false,"is_daily":false,"chose_seed":false,"campfire_upgraded":5,"win_rate":0,"timestamp":1567934644,"path_taken":["M","$","M","M","M","R","E","M","T","M","R","E","M","E","R","BOSS","M","M","$","M","?","R","?","R","T","?","E","$","R","E","R","BOSS"],"build_version":"2019-07-17","purchased_purges":1,"victory":false,"max_hp_per_floor":[75,75,75,75,75,75,75,75,75,75,75,75,75,75,75,75,75,78,78,78,81,81,81,84,84,84,84,88,88,88,88,88,88],"card_choices":[{"not_picked":["Wild Strike","Shockwave"],"picked":"Twin Strike","floor":1.0},{"not_picked":["Pommel Strike","Feel No Pain"],"picked":"Combust","floor":3.0},{"not_picked":["Spot Weakness","Flex","Armaments"],"picked":"SKIP","floor":4.0},{"not_picked":["Bloodletting","Iron Wave"],"picked":"Corruption","floor":5.0},{"not_picked":["Combust","Power Through","Dual Wield"],"picked":"SKIP","floor":7.0},{"not_picked":["Brutality","Armaments"],"picked":"Perfected Strike","floor":8.0},{"not_picked":["Burning Pact","Heavy Blade","Warcry"],"picked":"SKIP","floor":10.0},{"not_picked":["Flex","Entrench"],"picked":"Armaments","floor":12.0},{"not_picked":["Clothesline","Cleave"],"picked":"Feed","floor":13.0},{"not_picked":["Limit Break","Sentinel"],"picked":"Immolate","floor":14.0},{"not_picked":["Berserk","Immolate"],"picked":"Offering","floor":16.0},{"not_picked":["Wild Strike","Body Slam"],"picked":"Pommel Strike","floor":18.0},{"not_picked":["Entrench","Flex"],"picked":"Battle Trance","floor":19.0},{"not_picked":["Wild Strike","Heavy Blade","Ghostly Armor"],"picked":"SKIP","floor":21},{"not_picked":["Havoc","Blood for Blood"],"picked":"Rampage","floor":24},{"not_picked":["Pommel Strike","Hemokinesis"],"picked":"Burning Pact","floor":28},{"not_picked":["Sever Soul+1","Feed"],"picked":"Clothesline","floor":31}],"player_experience":889590,"relics_obtained":[{"floor":7.0,"key":"Torii"},{"floor":9.0,"key":"War Paint"},{"floor":12.0,"key":"Regal Pillow"},{"floor":14.0,"key":"Pen Nib"},{"floor":26,"key":"Potion Belt"},{"floor":28,"key":"Kunai"},{"floor":31,"key":"Boot"}],"event_choices":[{"damage_healed":0,"gold_gain":0,"player_choice":"Damaged","damage_taken":12,"max_hp_gain":0,"max_hp_loss":0,"event_name":"Wheel of Change","floor":22,"gold_loss":0}],"is_beta":false,"boss_relics":[{"not_picked":["Tiny House","Runic Cube"],"picked":"Mark of Pain"}],"items_purged_floors":[20],"is_endless":false,"potions_floor_spawned":[3,5,7,13,16,19,24],"killed_by":"Collector","ascension_level":20}