{"gold_per_floor":[109,120,132,146,1,1,26,26,26,42,56,67,77,77],"floor_reached":14,"playtime":638,"items_purged":["Strike_B"],"score":96,"play_id":"24696fe6-41ec-4224-8822-f8337c556a7e","local_time":"20181230023520","is_ascension_mode":false,"campfire_choices":[{"data":"White Noise","floor":6,"key":"SMITH"}],"neow_cost":"NONE","seed_source_timestamp":209952063179460,"circlet_count":0,"master_deck":["Strike_B","Strike_B","Strike_B","Defend_B","Defend_B","Defend_B","Defend_B","Zap+1","Dualcast","Leap","Loop","FTL","White Noise+1","Self Repair","Capacitor+1","Fission","Zap","Enlightenment","White Noise","Coolheaded","White Noise"],"relics":["Cracked Core","Frozen Egg 2","Question Card"],"potions_floor_usage":[13,13,13],"damage_taken":[{"damage":1,"enemies":"Jaw Worm","floor":1,"turns":3},{"damage":1,"enemies":"Cultist","floor":2,"turns":3},{"damage":8,"enemies":"Small Slimes","floor":3,"turns":3},{"damage":0,"enemies":"2 Fungi Beasts","floor":4,"turns":3},{"damage":12,"enemies":"Lagavulin","floor":7,"turns":6},{"damage":26,"enemies":"Exordium Thugs","floor":10,"turns":4},{"damage":6,"enemies":"Large Slime","floor":11,"turns":5},{"damage":0,"enemies":"Exordium Wildlife","floor":12,"turns":3},{"damage":41,"enemies":"Gremlin Gang","floor":13,"turns":5},{"damage":20,"enemies":"3 Louse","floor":14,"turns":1}],"seed_played":"3353323655388528254","potions_obtained":[{"floor":4,"key":"Energy Potion"},{"floor":7,"key":"SpeedPotion"},{"floor":11,"key":"PowerPotion"}],"is_trial":false,"path_per_floor":["M","M","M","M","$","R","E","?","T","M","M","M","M","M"],"character_chosen":"DEFECT","items_purchased":["Self Repair"],"campfire_rested":0,"item_purchase_floors":[5],"current_hp_per_floor":[74,73,65,65,65,65,60,60,60,41,42,49,15,0],"gold":77,"neow_bonus":"UPGRADE_CARD","is_prod":false,"is_daily":false,"chose_seed":false,"campfire_upgraded":1,"win_rate":0,"timestamp":1546158920,"path_taken":["M","M","M","M","$","R","E","?","T","M","M","M","M","M"],"build_version":"2018-12-20","purchased_purges":1,"victory":false,"max_hp_per_floor":[75,75,75,75,75,75,75,75,75,75,75,75,75,75],"card_choices":[{"not_picked":["Sweeping Beam","Conserve Battery"],"picked":"Leap","floor":1},{"not_picked":["Turbo","Auto Shields"],"picked":"Loop","floor":2},{"not_picked":["Static Discharge","Beam Cell"],"picked":"FTL","floor":3},{"not_picked":["Fusion","Doom and Gloom"],"picked":"White Noise","floor":4},{"not_picked":["Self Repair","Scrape"],"picked":"Capacitor","floor":7},{"not_picked":["Thunder Strike","Turbo","Genetic Algorithm"],"picked":"White Noise","floor":10},{"not_picked":["Steam Power","Undo","Beam Cell"],"picked":"Coolheaded","floor":11},{"not_picked":["Barrage","Redo","Doom and Gloom","Recycle"],"picked":"SKIP","floor":12},{"not_picked":["Blizzard","Streamline","Rip and Tear"],"picked":"White Noise","floor":13}],"player_experience":57273,"relics_obtained":[{"floor":7,"key":"Frozen Egg 2"},{"floor":9,"key":"Question Card"}],"event_choices":[{"damage_healed":0,"gold_gain":0,"player_choice":"3 cards matched","damage_taken":0,"max_hp_gain":0,"max_hp_loss":0,"event_name":"Match and Keep!","floor":8,"gold_loss":0,"cards_obtained":["Fission","Zap","Enlightenment"]}],"is_beta":false,"boss_relics":[],"items_purged_floors":[5],"is_endless":false,"potions_floor_spawned":[4,7,11,12],"killed_by":"3 Louse","ascension_level":0}