{"gold_per_floor":[118,98,110,122,136,166,91,123,191,36,47,64,64,77,77,176,176,196,96,110,33,44,44,44,44,67,79,106,106,134,154,154,251,251,261,309,323,7,22,22,22,22,49,62,89,189,219,219,219,219],"floor_reached":51,"playtime":1854,"items_purged":["Power Through","Strike_R","Strike_R"],"score":1347,"play_id":"8f9eb14e-1906-4f05-9a36-51b82d389bc3","local_time":"20181215110613","is_ascension_mode":true,"campfire_choices":[{"floor":15.0,"key":"REST"},{"data":"Limit Break","floor":23.0,"key":"SMITH"},{"data":"Uppercut","floor":25.0,"key":"SMITH"},{"floor":29.0,"key":"REST"},{"data":"Spot Weakness","floor":32.0,"key":"SMITH"},{"floor":41.0,"key":"REST"},{"floor":49,"key":"REST"}],"neow_cost":"NONE","seed_source_timestamp":11475766717900,"circlet_count":0,"master_deck":["AscendersBane","Strike_R","Strike_R","Defend_R","Defend_R","Defend_R","Defend_R","Bash","Clash","Battle Trance","Whirlwind+1","Spot Weakness+1","Uppercut+1","Limit Break+1","Shrug It Off+1","Offering+1","Offering+1","Clash+1","Flex+1","Seeing Red+1","Limit Break+1","Madness+1","Madness+1"],"special_seed":0,"relics":["Burning Blood","Bag of Marbles","Blood Vial","FossilizedHelix","Gremlin Horn","Regal Pillow","Velvet Choker","Strawberry","Pen Nib","Toxic Egg 2","Fusion Hammer","Dead Branch","Tiny Chest","Red Skull","Unceasing Top","Ice Cream","Mummified Hand"],"potions_floor_usage":[50],"damage_taken":[{"damage":4.0,"enemies":"2 Louse","floor":1.0,"turns":3.0},{"damage":1.0,"enemies":"Cultist","floor":3.0,"turns":3.0},{"damage":7.0,"enemies":"Jaw Worm","floor":4.0,"turns":2.0},{"damage":0.0,"enemies":"2 Fungi Beasts","floor":5.0,"turns":3.0},{"damage":21.0,"enemies":"Gremlin Nob","floor":6.0,"turns":4.0},{"damage":59.0,"enemies":"Lagavulin","floor":8.0,"turns":9.0},{"damage":6.0,"enemies":"Lots of Slimes","floor":11.0,"turns":5.0},{"damage":3.0,"enemies":"Blue Slaver","floor":12.0,"turns":6.0},{"damage":0.0,"enemies":"2 Fungi Beasts","floor":14.0,"turns":1.0},{"damage":53.0,"enemies":"The Guardian","floor":16.0,"turns":13.0},{"damage":12.0,"enemies":"2 Thieves","floor":18.0,"turns":3.0},{"damage":14.0,"enemies":"Shell Parasite","floor":20.0,"turns":4.0},{"damage":8.0,"enemies":"Centurion and Healer","floor":22.0,"turns":3.0},{"damage":6.0,"enemies":"Snake Plant","floor":27.0,"turns":3.0},{"damage":42.0,"enemies":"Slavers","floor":28.0,"turns":6.0},{"damage":14.0,"enemies":"Book of Stabbing","floor":30.0,"turns":5.0},{"damage":6.0,"enemies":"Shelled Parasite and Fungi","floor":31.0,"turns":3.0},{"damage":6.0,"enemies":"Champ","floor":33.0,"turns":6.0},{"damage":0.0,"enemies":"Orb Walker","floor":35.0,"turns":1.0},{"damage":29.0,"enemies":"2 Orb Walkers","floor":36.0,"turns":3.0},{"damage":0.0,"enemies":"3 Darklings","floor":37.0,"turns":1.0},{"damage":36.0,"enemies":"Spire Growth","floor":39.0,"turns":3.0},{"damage":0.0,"enemies":"Giant Head","floor":40.0,"turns":1.0},{"damage":29.0,"enemies":"Jaw Worm Horde","floor":44.0,"turns":2.0},{"damage":6.0,"enemies":"Reptomancer","floor":45.0,"turns":2.0},{"damage":8.0,"enemies":"Mind Bloom Boss Battle","floor":46.0,"turns":4.0},{"damage":10,"enemies":"Giant Head","floor":47,"turns":4},{"damage":78,"enemies":"Awakened One","floor":50,"turns":6}],"seed_played":"8657856234637606762","potions_obtained":[{"floor":1.0,"key":"PowerPotion"},{"floor":2.0,"key":"Ancient Potion"},{"floor":12.0,"key":"SkillPotion"},{"floor":14.0,"key":"SteroidPotion"},{"floor":28.0,"key":"SmokeBomb"},{"floor":33.0,"key":"Swift Potion"},{"floor":45.0,"key":"Fire Potion"}],"is_trial":false,"path_per_floor":["M","?","M","M","M","E","$","E","T","$","M","M","?","M","R","B",null,"M","$","M","$","M","R","?","R","T","M","E","R","E","M","R","B",null,"M","?","M","$","M","E","R","?","T","M","E","?","E","?","R","B",null],"character_chosen":"IRONCLAD","items_purchased":["Regal Pillow","Limit Break","Seeing Red+1","Tiny Chest"],"campfire_rested":4,"item_purchase_floors":[10,21,38,38],"current_hp_per_floor":[74,74,79,78,80,65,65,14,14,14,16,21,21,29,68,23,66,62,62,56,56,56,56,56,56,63,65,31,72,66,68,68,70,83,87,64,72,72,44,52,87,87,87,64,66,66,64,53,87,15],"gold":219,"neow_bonus":"RANDOM_COMMON_RELIC","is_prod":false,"is_daily":false,"chose_seed":false,"campfire_upgraded":3,"win_rate":0,"timestamp":1544900773,"path_taken":["M","?","M","?","?","E","$","E","T","$","M","M","?","M","R","BOSS","M","$","M","$","M","R","?","R","T","M","E","R","E","?","R","BOSS","M","?","M","$","M","E","R","?","T","?","E","?","E","?","R","BOSS"],"build_version":"2018-12-13","purchased_purges":3,"victory":true,"max_hp_per_floor":[80,80,80,80,80,80,80,80,80,80,80,80,80,80,80,80,80,80,80,80,80,80,80,80,80,87,87,87,87,87,87,87,87,87,87,87,87,87,87,87,87,87,87,87,87,87,87,87,87,87],"card_choices":[{"not_picked":["Dropkick","Pommel Strike"],"picked":"Power Through","floor":1.0},{"not_picked":["Headbutt","Pommel Strike"],"picked":"Clash","floor":3.0},{"not_picked":["Pummel","Combust"],"picked":"Battle Trance","floor":4.0},{"not_picked":["Rage","Power Through"],"picked":"Whirlwind","floor":5.0},{"not_picked":["Impervious","Shrug It Off","Bludgeon"],"picked":"SKIP","floor":6.0},{"not_picked":["Bloodletting","Iron Wave","Pommel Strike"],"picked":"SKIP","floor":8.0},{"not_picked":["Havoc","Thunderclap","Heavy Blade"],"picked":"SKIP","floor":11.0},{"not_picked":["Fire Breathing","Anger"],"picked":"Spot Weakness","floor":12.0},{"not_picked":["Warcry","Rupture","Pommel Strike"],"picked":"SKIP","floor":14.0},{"not_picked":["Iron Wave","Shrug It Off"],"picked":"Uppercut","floor":18.0},{"not_picked":["Havoc","Intimidate","Perfected Strike"],"picked":"SKIP","floor":20.0},{"not_picked":["Intimidate+1","Carnage"],"picked":"Shrug It Off+1","floor":22.0},{"not_picked":["Headbutt","Sword Boomerang","Infernal Blade"],"picked":"SKIP","floor":27.0},{"not_picked":["Pommel Strike","Anger","Metallicize"],"picked":"SKIP","floor":28.0},{"not_picked":["Feel No Pain","Twin Strike"],"picked":"Offering","floor":30.0},{"not_picked":["Pommel Strike+1","Perfected Strike+1","Wild Strike+1"],"picked":"SKIP","floor":31.0},{"not_picked":["Exhume+1","Fiend Fire"],"picked":"Offering+1","floor":33.0},{"not_picked":["Warcry+1","Shockwave+1"],"picked":"Clash+1","floor":35.0},{"not_picked":["Searing Blow","Sword Boomerang+1"],"picked":"Flex+1","floor":36.0},{"not_picked":["Iron Wave+1","Combust+1","Spot Weakness+1"],"picked":"SKIP","floor":37.0},{"not_picked":["Spot Weakness+1","Thunderclap+1","Combust+1"],"picked":"SKIP","floor":39.0},{"not_picked":["Anger","Feed","True Grit+1"],"picked":"SKIP","floor":44.0},{"not_picked":["Wild Strike","Armaments+1","Power Through+1"],"picked":"SKIP","floor":45.0},{"not_picked":["Perfected Strike+1","Clash","Twin Strike+1"],"picked":"SKIP","floor":47}],"player_experience":108518,"relics_obtained":[{"floor":6.0,"key":"Blood Vial"},{"floor":8.0,"key":"FossilizedHelix"},{"floor":9.0,"key":"Gremlin Horn"},{"floor":26.0,"key":"Strawberry"},{"floor":28.0,"key":"Pen Nib"},{"floor":30.0,"key":"Toxic Egg 2"},{"floor":36.0,"key":"Dead Branch"},{"floor":43.0,"key":"Red Skull"},{"floor":45.0,"key":"Unceasing Top"},{"floor":46.0,"key":"Ice Cream"},{"floor":47,"key":"Mummified Hand"}],"event_choices":[{"damage_healed":0.0,"max_hp_gain":0.0,"max_hp_loss":0.0,"gold_gain":0.0,"event_name":"The Woman in Blue","player_choice":"Bought 1 Potion","floor":2.0,"gold_loss":0.0,"damage_taken":0.0},{"damage_healed":0.0,"max_hp_gain":0.0,"max_hp_loss":0.0,"gold_gain":0.0,"event_name":"Living Wall","player_choice":"Grow","floor":13.0,"gold_loss":0.0,"damage_taken":0.0,"cards_upgraded":["Whirlwind"]},{"cards_removed":["Strike_R"],"damage_healed":0.0,"max_hp_gain":0.0,"max_hp_loss":0.0,"gold_gain":0.0,"event_name":"Bonfire Elementals","player_choice":"Offered Basic","floor":24.0,"gold_loss":0.0,"damage_taken":0.0},{"damage_healed":0.0,"max_hp_gain":0.0,"max_hp_loss":0.0,"gold_gain":0.0,"event_name":"Mysterious Sphere","player_choice":"Fight","floor":36.0,"gold_loss":0.0,"damage_taken":0.0},{"damage_healed":0.0,"max_hp_gain":0.0,"max_hp_loss":0.0,"gold_gain":0.0,"event_name":"Duplicator","player_choice":"Copied","floor":42.0,"gold_loss":0.0,"damage_taken":0.0,"cards_obtained":["Limit Break"]},{"damage_healed":0.0,"max_hp_gain":0.0,"max_hp_loss":0.0,"gold_gain":0.0,"event_name":"MindBloom","player_choice":"Fight","floor":46.0,"gold_loss":0.0,"damage_taken":0.0},{"damage_healed":0,"gold_gain":0,"player_choice":"Embrace Madness","damage_taken":11,"max_hp_gain":0,"max_hp_loss":0,"event_name":"Winding Halls","floor":48,"gold_loss":0,"cards_obtained":["Madness","Madness"]}],"is_beta":false,"boss_relics":[{"not_picked":["Mark of Pain","Sozu"],"picked":"Velvet Choker"},{"not_picked":["Black Blood","Pandora\u0027s Box"],"picked":"Fusion Hammer"}],"items_purged_floors":[7,19,38],"is_endless":false,"potions_floor_spawned":[1,4,12,14,18,28,30,33,37,39,45],"ascension_level":11}