{"gold_per_floor":[129,79,79,95,115,141,141,160,160,173,173,193,193,210,210,309,309,323,323,335,335,335,335,365,365,365,380,153,178,256,270,270,367,367,378,378,398,416,416,71,71,20,20,20,20,368,368,440,440,440],"floor_reached":51,"playtime":8520,"items_purged":["Regret","Berserk"],"score":683,"play_id":"0458df8c-0b36-4581-98aa-401aef17c7b9","local_time":"20190505181500","is_ascension_mode":false,"campfire_choices":[{"floor":7.0,"key":"REST"},{"data":"Rage","floor":13.0,"key":"SMITH"},{"data":"Bash","floor":15.0,"key":"SMITH"},{"data":"Immolate","floor":23.0,"key":"SMITH"},{"floor":25.0,"key":"REST"},{"floor":32,"key":"REST"},{"data":"Brutality","floor":41,"key":"SMITH"},{"data":"Double Tap","floor":44,"key":"SMITH"},{"data":"Havoc","floor":47,"key":"SMITH"},{"floor":49,"key":"REST"}],"neow_cost":"NONE","seed_source_timestamp":743933179311800,"circlet_count":0,"master_deck":["Strike_R+1","Strike_R","Defend_R","Bash+1","Clash","Blood for Blood","Rage+1","Dropkick+1","Clash","Headbutt","Havoc+1","Immolate+1","Berserk+1","Shockwave+1","True Grit+1","Pommel Strike","Metallicize+1","Fire Breathing","Burning Pact","Brutality+1","Armaments+1","Clash","Double Tap+1","Anger+1","Second Wind","Warcry","Pommel Strike+1"],"special_seed":0,"relics":["Burning Blood","Tiny Chest","Regal Pillow","Ginger","Ornamental Fan","Art of War","Astrolabe","Singing Bowl","Whetstone","Mummified Hand","Boot","Dodecahedron","Runic Cube","Shuriken","Gremlin Horn","Molten Egg 2","Old Coin","Darkstone Periapt"],"potions_floor_usage":[29,31,33,50,50],"damage_taken":[{"damage":10.0,"enemies":"2 Louse","floor":1.0,"turns":3.0},{"damage":9.0,"enemies":"Jaw Worm","floor":4.0,"turns":3.0},{"damage":2.0,"enemies":"Cultist","floor":5.0,"turns":4.0},{"damage":44.0,"enemies":"3 Sentries","floor":6.0,"turns":9.0},{"damage":2.0,"enemies":"Looter","floor":8.0,"turns":2.0},{"damage":10.0,"enemies":"Blue Slaver","floor":10.0,"turns":4.0},{"damage":7.0,"enemies":"Gremlin Gang","floor":12.0,"turns":4.0},{"damage":5.0,"enemies":"Looter","floor":14.0,"turns":2.0},{"damage":20.0,"enemies":"Slime Boss","floor":16.0,"turns":9.0},{"damage":14.0,"enemies":"3 Byrds","floor":18.0,"turns":6.0},{"damage":8.0,"enemies":"Spheric Guardian","floor":20.0,"turns":3.0},{"damage":27.0,"enemies":"Gremlin Leader","floor":24.0,"turns":4.0},{"damage":6.0,"enemies":"Cultist and Chosen","floor":27.0,"turns":3.0},{"damage":36,"enemies":"Slavers","floor":29,"turns":6},{"damage":18,"enemies":"Centurion and Healer","floor":31,"turns":5},{"damage":22,"enemies":"Collector","floor":33,"turns":6},{"damage":9,"enemies":"3 Shapes","floor":35,"turns":3},{"damage":17,"enemies":"Orb Walker","floor":37,"turns":3},{"damage":23,"enemies":"4 Shapes","floor":38,"turns":3},{"damage":10,"enemies":"2 Orb Walkers","floor":46,"turns":2},{"damage":75,"enemies":"Awakened One","floor":50,"turns":8}],"seed_played":"-8950734588982032467","potions_obtained":[{"floor":4.0,"key":"EssenceOfSteel"},{"floor":5.0,"key":"Block Potion"},{"floor":8.0,"key":"EssenceOfSteel"},{"floor":18.0,"key":"Dexterity Potion"},{"floor":29,"key":"Ancient Potion"},{"floor":35,"key":"Strength Potion"}],"is_trial":false,"path_per_floor":["M","?","?","M","M","E","R","M","T","M","T","M","R","M","R","B",null,"M","?","M","?","T","R","E","R","T","M","$","E","T","M","R","B",null,"M","?","M","M","?","$","R","$","T","R","$","?","R","T","R","B",null],"character_chosen":"IRONCLAD","items_purchased":["Brutality","Gremlin Horn","Warcry"],"campfire_rested":4,"item_purchase_floors":[28,40,42],"current_hp_per_floor":[76,76,76,73,77,39,78,80,80,76,76,75,75,76,76,62,80,72,72,70,70,70,70,49,80,80,80,80,50,50,38,77,61,80,77,77,68,51,51,51,51,51,51,51,51,47,47,47,82,13],"gold":440,"neow_bonus":"RANDOM_COMMON_RELIC","is_prod":false,"is_daily":false,"chose_seed":false,"campfire_upgraded":6,"win_rate":0,"timestamp":1557094500,"path_taken":["M","?","?","M","?","E","R","M","T","M","?","M","R","M","R","BOSS","M","?","M","?","?","R","E","R","T","M","$","E","?","?","R","BOSS","M","?","?","M","?","$","R","?","T","R","$","?","R","?","R","BOSS"],"build_version":"2019-01-23","purchased_purges":2,"victory":true,"max_hp_per_floor":[80,80,80,80,80,80,80,80,80,80,80,80,80,80,80,80,80,80,80,80,80,80,80,80,80,80,80,80,80,80,80,80,80,80,80,80,82,82,82,82,82,82,82,82,82,82,82,82,82,82],"card_choices":[{"not_picked":["Thunderclap","Sword Boomerang"],"picked":"Clash","floor":4.0},{"not_picked":["Havoc","True Grit"],"picked":"Blood for Blood","floor":5.0},{"not_picked":["Havoc","Thunderclap"],"picked":"Rage","floor":6.0},{"not_picked":["Body Slam","Iron Wave"],"picked":"Dropkick","floor":8.0},{"not_picked":["Clash","Perfected Strike","Heavy Blade"],"picked":"SKIP","floor":10.0},{"not_picked":["Perfected Strike","Heavy Blade"],"picked":"Clash","floor":10.0},{"not_picked":["Power Through","Metallicize"],"picked":"Headbutt","floor":12.0},{"not_picked":["Anger","Cleave"],"picked":"Havoc","floor":14.0},{"not_picked":["Bludgeon","Exhume"],"picked":"Immolate","floor":16.0},{"not_picked":["Cleave","Iron Wave"],"picked":"Pommel Strike","floor":18.0},{"not_picked":["Headbutt","Body Slam"],"picked":"Metallicize+1","floor":20.0},{"not_picked":["Uppercut","Thunderclap"],"picked":"Burning Pact","floor":24.0},{"not_picked":["Body Slam","Rage"],"picked":"Carnage","floor":27.0},{"not_picked":["Metallicize","Seeing Red"],"picked":"Armaments+1","floor":29},{"not_picked":["Iron Wave","Spot Weakness+1"],"picked":"Clash","floor":31},{"not_picked":["Berserk","Juggernaut"],"picked":"Double Tap","floor":33},{"not_picked":["Sentinel","Shrug It Off+1"],"picked":"Anger+1","floor":35},{"not_picked":["Sword Boomerang","Clothesline+1","Intimidate+1"],"picked":"Singing Bowl","floor":37},{"not_picked":["Twin Strike","Clothesline+1"],"picked":"Second Wind","floor":38},{"not_picked":["Clothesline+1","Cleave+1"],"picked":"Pommel Strike+1","floor":46}],"player_experience":753580,"relics_obtained":[{"floor":6.0,"key":"Ginger"},{"floor":9.0,"key":"Ornamental Fan"},{"floor":11.0,"key":"Art of War"},{"floor":22.0,"key":"Singing Bowl"},{"floor":24.0,"key":"Whetstone"},{"floor":26.0,"key":"Mummified Hand"},{"floor":29,"key":"Boot"},{"floor":30,"key":"Dodecahedron"},{"floor":43,"key":"Molten Egg 2"},{"floor":46,"key":"Old Coin"},{"floor":48,"key":"Darkstone Periapt"}],"event_choices":[{"cards_removed":["Defend_R"],"damage_healed":0.0,"max_hp_gain":0.0,"max_hp_loss":0.0,"gold_gain":0.0,"event_name":"The Cleric","player_choice":"Card Removal","floor":2.0,"gold_loss":50.0,"damage_taken":0.0},{"damage_healed":0.0,"max_hp_gain":0.0,"max_hp_loss":0.0,"gold_gain":0.0,"event_name":"Big Fish","player_choice":"Box","floor":3.0,"gold_loss":0.0,"damage_taken":0.0,"relics_obtained":["Regal Pillow"],"cards_obtained":["Regret"]},{"damage_healed":0.0,"max_hp_gain":0.0,"max_hp_loss":0.0,"gold_gain":0.0,"event_name":"Ghosts","player_choice":"Ignored","floor":19.0,"gold_loss":0.0,"damage_taken":0.0},{"damage_healed":0.0,"max_hp_gain":0.0,"max_hp_loss":0.0,"gold_gain":0.0,"cards_transformed":["Strike_R","Defend_R"],"event_name":"Drug Dealer","player_choice":"Became Test Subject","floor":21.0,"gold_loss":0.0,"damage_taken":0.0,"cards_obtained":["Fire Breathing","Berserk"]},{"cards_removed":["Carnage"],"damage_healed":0,"gold_gain":0,"player_choice":"Gave Card","damage_taken":0,"relics_obtained":["Shuriken"],"max_hp_gain":0,"max_hp_loss":0,"event_name":"WeMeetAgain","floor":36,"gold_loss":0},{"damage_healed":0,"gold_gain":0,"player_choice":"Ignored","damage_taken":0,"max_hp_gain":0,"max_hp_loss":0,"event_name":"Tomb of Lord Red Mask","floor":39,"gold_loss":0},{"damage_healed":0,"gold_gain":0,"player_choice":"Fight","damage_taken":0,"max_hp_gain":0,"max_hp_loss":0,"event_name":"Mysterious Sphere","floor":46,"gold_loss":0}],"is_beta":false,"boss_relics":[{"not_picked":["Runic Dome","Busted Crown"],"picked":"Astrolabe"},{"not_picked":["Snecko Eye","Pandora\u0027s Box"],"picked":"Runic Cube"}],"items_purged_floors":[28,40],"is_endless":false,"potions_floor_spawned":[4,5,8,10,18,29,35],"ascension_level":0}