{"gold_per_floor":[116,130,130,150,20,49,113,113,113,113,129,129,129,204,204,204],"floor_reached":16,"playtime":571,"items_purged":["Strike_R"],"score":216,"play_id":"14ac5d82-32e8-4fa0-b62c-8013f56f841e","local_time":"20190905003552","is_ascension_mode":true,"campfire_choices":[{"data":"Shockwave","floor":8,"key":"SMITH"},{"floor":13,"key":"REST"},{"floor":15,"key":"REST"}],"neow_cost":"TEN_PERCENT_HP_LOSS","seed_source_timestamp":327656722616900,"circlet_count":0,"master_deck":["AscendersBane","Strike_R","Strike_R","Strike_R","Strike_R","Defend_R","Defend_R","Defend_R","Defend_R","Bash+1","Twin Strike+1","Heavy Blade","Rampage","Shockwave+1"],"relics":["Burning Blood","Mango","Whetstone","Singing Bowl","Shovel"],"potions_floor_usage":[7,10,16],"damage_taken":[{"damage":9,"enemies":"Small Slimes","floor":1,"turns":4},{"damage":11,"enemies":"Jaw Worm","floor":2,"turns":5},{"damage":0,"enemies":"2 Louse","floor":4,"turns":2},{"damage":35,"enemies":"Lagavulin","floor":6,"turns":6},{"damage":25,"enemies":"3 Sentries","floor":7,"turns":7},{"damage":35,"enemies":"3 Sentries","floor":10,"turns":7},{"damage":9,"enemies":"Looter","floor":11,"turns":3},{"damage":53,"enemies":"The Guardian","floor":16,"turns":8}],"seed_played":"-7752396768815770164","potions_obtained":[{"floor":2,"key":"LiquidBronze"},{"floor":4,"key":"Energy Potion"},{"floor":7,"key":"SmokeBomb"}],"is_trial":false,"path_per_floor":["M","M","?","M","$","E","?","R","T","E","M","T","R","?","R","B"],"character_chosen":"IRONCLAD","items_purchased":["Explosive Potion"],"campfire_rested":2,"item_purchase_floors":[5],"current_hp_per_floor":[79,74,79,85,85,56,39,39,39,10,9,9,36,25,52,0],"gold":204,"neow_bonus":"ONE_RARE_RELIC","is_prod":false,"is_daily":false,"chose_seed":false,"campfire_upgraded":1,"win_rate":0,"timestamp":1567668952,"path_taken":["M","M","?","M","$","E","?","R","T","E","M","?","R","?","R","BOSS"],"build_version":"2019-07-17","purchased_purges":1,"victory":false,"max_hp_per_floor":[82,82,87,87,87,87,89,89,89,89,91,91,91,91,91,91],"card_choices":[{"not_picked":["Iron Wave","Warcry"],"picked":"Twin Strike","floor":1},{"not_picked":["Entrench","Wild Strike"],"picked":"Heavy Blade","floor":2},{"not_picked":["Clash","Iron Wave"],"picked":"Rampage","floor":4},{"not_picked":["Pommel Strike","Infernal Blade"],"picked":"Shockwave","floor":6},{"not_picked":["Power Through","Twin Strike","Wild Strike"],"picked":"Singing Bowl","floor":7},{"not_picked":["Second Wind","Warcry","Rampage"],"picked":"Singing Bowl","floor":11}],"player_experience":859818,"relics_obtained":[{"floor":6,"key":"Whetstone"},{"floor":7,"key":"Singing Bowl"},{"floor":12,"key":"Shovel"}],"event_choices":[{"damage_healed":0,"gold_gain":0,"player_choice":"Donut","damage_taken":0,"max_hp_gain":5,"max_hp_loss":0,"event_name":"Big Fish","floor":3,"gold_loss":0},{"damage_healed":0,"gold_gain":30,"player_choice":"Searched \u00272\u0027 times","damage_taken":0,"max_hp_gain":0,"max_hp_loss":0,"event_name":"Dead Adventurer","floor":7,"gold_loss":0},{"damage_healed":0,"gold_gain":75,"player_choice":"Gather Gold","damage_taken":11,"max_hp_gain":0,"max_hp_loss":0,"event_name":"World of Goop","floor":14,"gold_loss":0}],"is_beta":false,"boss_relics":[],"items_purged_floors":[5],"is_endless":false,"potions_floor_spawned":[2,4,7,10],"killed_by":"The Guardian","ascension_level":20}