{"gold_per_floor":[119,194,207,222,238,96,96,96,96,121,121,141,141,175,175,272,272,283,27,43,43,59,59,93,93,93,110,110],"floor_reached":28,"playtime":1312,"items_purged":["Strike_R","Strike_R"],"score":273,"play_id":"cceac84b-3e93-4612-907f-bc0ac5c1099b","local_time":"20190906213044","is_ascension_mode":false,"campfire_choices":[{"data":"Whirlwind","floor":7,"key":"SMITH"},{"data":"Flex","floor":11,"key":"SMITH"},{"data":"Heavy Blade","floor":13,"key":"SMITH"},{"data":"Demon Form","floor":15,"key":"SMITH"},{"data":"True Grit","floor":23,"key":"SMITH"},{"data":"Entrench","floor":25,"key":"SMITH"}],"neow_cost":"NONE","seed_source_timestamp":1829774885086200,"circlet_count":0,"master_deck":["Strike_R","Strike_R","Defend_R","Defend_R","Bash","Heavy Blade+1","Headbutt","Heavy Blade","Flex+1","Whirlwind+1","Double Tap","Demon Form+1","Reaper","Entrench+1","Shockwave","True Grit+1","Flex+1"],"relics":["Burning Blood","FossilizedHelix","Ornamental Fan","Empty Cage","Strawberry","Unceasing Top"],"potions_floor_usage":[10,10,14,24,27],"damage_taken":[{"damage":1,"enemies":"Cultist","floor":1,"turns":4},{"damage":0,"enemies":"2 Louse","floor":3,"turns":3},{"damage":1,"enemies":"Jaw Worm","floor":4,"turns":3},{"damage":9,"enemies":"Large Slime","floor":5,"turns":8},{"damage":4,"enemies":"3 Sentries","floor":10,"turns":2},{"damage":7,"enemies":"Blue Slaver","floor":12,"turns":3},{"damage":18,"enemies":"Lagavulin","floor":14,"turns":4},{"damage":6,"enemies":"The Guardian","floor":16,"turns":4},{"damage":30,"enemies":"2 Thieves","floor":18,"turns":3},{"damage":42,"enemies":"3 Byrds","floor":20,"turns":4},{"damage":13,"enemies":"Centurion and Healer","floor":22,"turns":7},{"damage":9,"enemies":"Slavers","floor":24,"turns":2},{"damage":51,"enemies":"Cultist and Chosen","floor":27,"turns":6},{"damage":29,"enemies":"Shelled Parasite and Fungi","floor":28,"turns":3}],"seed_played":"-8523878628174373209","potions_obtained":[{"floor":1,"key":"LiquidBronze"},{"floor":3,"key":"AttackPotion"},{"floor":12,"key":"Strength Potion"},{"floor":18,"key":"SteroidPotion"},{"floor":22,"key":"Weak Potion"},{"floor":27,"key":"Ancient Potion"}],"is_trial":false,"path_per_floor":["M","?","M","M","M","$","R","$","T","E","R","M","R","E","R","B",null,"M","$","M","?","M","R","E","R","T","M","M"],"character_chosen":"IRONCLAD","items_purchased":["Whirlwind","Entrench","Shockwave"],"campfire_rested":0,"item_purchase_floors":[6,19,19],"current_hp_per_floor":[88,80,86,88,85,85,85,85,85,87,87,86,86,74,74,74,88,64,64,51,51,52,52,56,56,56,27,0],"gold":110,"neow_bonus":"TEN_PERCENT_HP_BONUS","is_prod":false,"is_daily":false,"chose_seed":false,"campfire_upgraded":6,"win_rate":0,"timestamp":1567830644,"path_taken":["M","?","M","?","M","$","R","$","T","E","R","M","R","E","R","BOSS","M","$","M","?","?","R","E","R","T","?","M"],"build_version":"2019-07-17","purchased_purges":2,"victory":false,"max_hp_per_floor":[88,88,88,88,88,88,88,88,88,88,88,88,88,88,88,88,88,88,88,88,88,88,88,95,95,95,95,95],"card_choices":[{"not_picked":["Evolve","True Grit"],"picked":"Heavy Blade","floor":1},{"not_picked":["Carnage","Anger"],"picked":"Headbutt","floor":3},{"not_picked":["Reckless Charge","Rage"],"picked":"Heavy Blade","floor":4},{"not_picked":["Iron Wave","Thunderclap"],"picked":"Flex","floor":5},{"not_picked":["Warcry","Cleave"],"picked":"Double Tap","floor":10},{"not_picked":["Evolve","Burning Pact","Wild Strike"],"picked":"SKIP","floor":12},{"not_picked":["Sword Boomerang","True Grit"],"picked":"Demon Form","floor":14},{"not_picked":["Impervious","Immolate"],"picked":"Reaper","floor":16},{"not_picked":["Bloodletting","Clash","Iron Wave+1"],"picked":"SKIP","floor":18},{"not_picked":["Carnage","Blood for Blood"],"picked":"True Grit","floor":20},{"not_picked":["Pommel Strike","Infernal Blade","Body Slam+1"],"picked":"SKIP","floor":22},{"not_picked":["Corruption","Battle Trance"],"picked":"Flex+1","floor":24},{"not_picked":["Dual Wield","Exhume","Combust"],"picked":"SKIP","floor":27}],"player_experience":141660,"relics_obtained":[{"floor":10,"key":"FossilizedHelix"},{"floor":14,"key":"Ornamental Fan"},{"floor":24,"key":"Strawberry"},{"floor":26,"key":"Unceasing Top"}],"event_choices":[{"damage_healed":0,"gold_gain":75,"player_choice":"Touch","damage_taken":8,"max_hp_gain":0,"max_hp_loss":0,"event_name":"FaceTrader","floor":2,"gold_loss":0},{"cards_removed":["Defend_R"],"damage_healed":0,"gold_gain":0,"player_choice":"Purged","damage_taken":0,"max_hp_gain":0,"max_hp_loss":0,"event_name":"Purifier","floor":21,"gold_loss":0}],"is_beta":false,"boss_relics":[{"not_picked":["Calling Bell","White Beast Statue"],"picked":"Empty Cage"}],"items_purged_floors":[6,19],"is_endless":false,"potions_floor_spawned":[1,3,12,18,22,27],"killed_by":"Shelled Parasite and Fungi","ascension_level":0}