{"gold_per_floor":[116,38,57,2,277,303,317,342,342,342,9,9,9,40,40,113,113,123,48,66,78,90,90,109,109,109,109,140,140,140,61,61,61],"floor_reached":33,"playtime":816,"items_purged":["Regret"],"score":612,"play_id":"e1913dc5-6f23-47e4-8b2e-1f72c498654d","local_time":"20190903152025","is_ascension_mode":true,"campfire_choices":[{"data":"Armaments","floor":10,"key":"SMITH"},{"data":"Inflame","floor":13,"key":"SMITH"},{"data":"Clothesline","floor":15,"key":"SMITH"},{"floor":23,"key":"REST"},{"data":"Feel No Pain","floor":25,"key":"SMITH"},{"data":"Flame Barrier","floor":27,"key":"SMITH"},{"floor":30,"key":"REST"},{"floor":32,"key":"REST"}],"neow_cost":"NONE","seed_source_timestamp":207684226610400,"circlet_count":0,"master_deck":["AscendersBane","Strike_R","Strike_R","Strike_R","Strike_R","Strike_R","Defend_R","Defend_R","Defend_R","Defend_R","Bash","Shrug It Off","Inflame+1","Clothesline+1","Armaments+1","Anger","Sever Soul","Flame Barrier+1","Sword Boomerang+1","Anger+1","Double Tap+1","Pommel Strike+1","Feel No Pain+1","Body Slam+1","Inflame+1"],"relics":["Burning Blood","NeowsBlessing","Kunai","Molten Egg 2","Paper Frog","Toxic Egg 2","Ornamental Fan","Velvet Choker","PreservedInsect","Frozen Egg 2"],"potions_floor_usage":[16,28,33],"damage_taken":[{"damage":0,"enemies":"Cultist","floor":1,"turns":1},{"damage":0,"enemies":"Small Slimes","floor":3,"turns":1},{"damage":3,"enemies":"Lagavulin","floor":6,"turns":2},{"damage":4,"enemies":"Jaw Worm","floor":7,"turns":4},{"damage":32,"enemies":"Gremlin Nob","floor":8,"turns":4},{"damage":31,"enemies":"3 Sentries","floor":14,"turns":6},{"damage":21,"enemies":"Hexaghost","floor":16,"turns":9},{"damage":14,"enemies":"Spheric Guardian","floor":18,"turns":4},{"damage":1,"enemies":"3 Byrds","floor":20,"turns":4},{"damage":16,"enemies":"Cultist and Chosen","floor":21,"turns":4},{"damage":28,"enemies":"Snake Plant","floor":22,"turns":4},{"damage":28,"enemies":"3 Cultists","floor":24,"turns":5},{"damage":20,"enemies":"Gremlin Leader","floor":28,"turns":4},{"damage":63,"enemies":"Collector","floor":33,"turns":6}],"seed_played":"-2051110033642373939","potions_obtained":[{"floor":6,"key":"LiquidBronze"},{"floor":7,"key":"BloodPotion"},{"floor":16,"key":"Ancient Potion"}],"is_trial":false,"path_per_floor":["M","$","M","$","?","E","M","E","T","R","$","?","R","E","R","B",null,"M","$","M","M","M","R","M","R","T","R","E","?","R","$","R","B"],"character_chosen":"IRONCLAD","items_purchased":["Inflame","Armaments","Toxic Egg 2","Sword Boomerang+1","Inflame+1"],"campfire_rested":3,"item_purchase_floors":[2,4,11,11,31],"current_hp_per_floor":[74,74,75,75,75,75,75,49,49,49,49,49,49,24,24,9,59,51,51,56,46,24,46,24,24,24,24,28,7,31,31,55,0],"gold":61,"neow_bonus":"THREE_ENEMY_KILL","is_prod":false,"is_daily":false,"chose_seed":false,"campfire_upgraded":5,"win_rate":0,"timestamp":1567549225,"path_taken":["M","$","M","$","?","E","M","E","T","R","?","?","R","E","R","BOSS","M","$","M","M","M","R","M","R","T","R","E","?","R","$","R","BOSS"],"build_version":"2019-07-17","purchased_purges":1,"victory":false,"max_hp_per_floor":[75,75,75,75,75,75,75,75,75,75,75,75,75,75,75,75,75,75,75,75,75,75,75,75,75,75,75,75,80,80,80,80,80],"card_choices":[{"not_picked":["Flex","Warcry"],"picked":"Shrug It Off","floor":1},{"not_picked":["Seeing Red","Clash"],"picked":"Clothesline","floor":3},{"not_picked":["Havoc","Shockwave"],"picked":"Anger","floor":6},{"not_picked":["Blood for Blood","Metallicize"],"picked":"Sever Soul","floor":7},{"not_picked":["Barricade","Second Wind"],"picked":"Flame Barrier","floor":8},{"not_picked":["Rage+1","Cleave+1"],"picked":"Anger+1","floor":14},{"not_picked":["Brutality","Fiend Fire+1"],"picked":"Double Tap+1","floor":16},{"not_picked":["Perfected Strike+1","Twin Strike+1"],"picked":"Pommel Strike+1","floor":18},{"not_picked":["Intimidate+1","Clothesline+1","Havoc+1"],"picked":"SKIP","floor":20},{"not_picked":["Wild Strike+1","Ghostly Armor+1","Combust"],"picked":"SKIP","floor":21},{"not_picked":["Thunderclap+1","Cleave+1","Rupture"],"picked":"SKIP","floor":22},{"not_picked":["Twin Strike+1","Warcry+1"],"picked":"Feel No Pain","floor":24},{"not_picked":["Blood for Blood+1","Seeing Red+1"],"picked":"Body Slam+1","floor":28}],"player_experience":848922,"relics_obtained":[{"floor":6,"key":"Kunai"},{"floor":8,"key":"Molten Egg 2"},{"floor":9,"key":"Paper Frog"},{"floor":14,"key":"Ornamental Fan"},{"floor":26,"key":"PreservedInsect"},{"floor":28,"key":"Frozen Egg 2"}],"event_choices":[{"damage_healed":0,"gold_gain":275,"player_choice":"Desecrate","damage_taken":0,"max_hp_gain":0,"max_hp_loss":0,"event_name":"Golden Shrine","floor":5,"gold_loss":0,"cards_obtained":["Regret"]},{"damage_healed":0,"gold_gain":0,"player_choice":"Ignored","damage_taken":0,"max_hp_gain":0,"max_hp_loss":0,"event_name":"Liars Game","floor":12,"gold_loss":0},{"damage_healed":0,"gold_gain":0,"player_choice":"Shed Blood","damage_taken":26,"max_hp_gain":5,"max_hp_loss":0,"event_name":"Forgotten Altar","floor":29,"gold_loss":0}],"is_beta":false,"boss_relics":[{"not_picked":["Ectoplasm","Runic Cube"],"picked":"Velvet Choker"}],"items_purged_floors":[19],"is_endless":false,"potions_floor_spawned":[6,7,14,16,20,21],"killed_by":"Collector","ascension_level":20}