{"gold_per_floor":[119,135,135,135,155,155,181,192,244,33,33,33,33,61,61,134,134,144,144,163,191,19,19,45,45,45,45,61,72,72,106,106,182,182,196,206,428,440,492,492,492,524,606,616,628,215,215,315,315,315,315,315,315,15,46,46],"floor_reached":57,"playtime":2125,"items_purged":["Strike_R","Sever Soul"],"score":2677,"play_id":"97b4f918-adda-45a3-9b87-60fdf9b4894f","local_time":"20190807213635","is_ascension_mode":true,"campfire_choices":[{"data":"Twin Strike","floor":6.0,"key":"SMITH"},{"data":"Pommel Strike","floor":12.0,"key":"SMITH"},{"floor":15.0,"key":"REST"},{"data":"Immolate","floor":23.0,"key":"SMITH"},{"data":"Heavy Blade","floor":25.0,"key":"SMITH"},{"floor":27.0,"key":"REST"},{"data":"Demon Form","floor":32.0,"key":"SMITH"},{"floor":40.0,"key":"RECALL"},{"floor":49.0,"key":"REST"},{"floor":53,"key":"REST"}],"neow_cost":"NONE","seed_source_timestamp":364234060562700,"circlet_count":0,"master_deck":["AscendersBane","Defend_R","Defend_R","Defend_R","Defend_R","Bash","Shockwave","Pommel Strike+1","Twin Strike+1","Ghostly Armor","Immolate+1","Demon Form+1","Burning Pact","Heavy Blade+1","Whirlwind","Disarm","Reaper","Heavy Blade","Corruption+1","Fiend Fire","True Grit","Feel No Pain","True Grit","Feel No Pain","Clothesline","Headbutt"],"special_seed":0,"relics":["Burning Blood","NeowsBlessing","Bottled Lightning","Blood Vial","Sling","Red Skull","Snecko Eye","Red Mask","PreservedInsect","Oddly Smooth Stone","Incense Burner","Fusion Hammer","StoneCalendar","Bag of Preparation","Bottled Tornado","Calipers","Lantern"],"potions_floor_usage":[51,51,55,56],"damage_taken":[{"damage":0.0,"enemies":"Jaw Worm","floor":1.0,"turns":1.0},{"damage":0.0,"enemies":"Cultist","floor":2.0,"turns":1.0},{"damage":0.0,"enemies":"Small Slimes","floor":5.0,"turns":1.0},{"damage":42.0,"enemies":"Lagavulin","floor":7.0,"turns":7.0},{"damage":6.0,"enemies":"Looter","floor":8.0,"turns":3.0},{"damage":32.0,"enemies":"3 Sentries","floor":14.0,"turns":7.0},{"damage":31.0,"enemies":"Hexaghost","floor":16.0,"turns":7.0},{"damage":10.0,"enemies":"Shell Parasite","floor":18.0,"turns":3.0},{"damage":27.0,"enemies":"2 Thieves","floor":20.0,"turns":4.0},{"damage":9.0,"enemies":"Masked Bandits","floor":21.0,"turns":3.0},{"damage":24.0,"enemies":"Slavers","floor":24.0,"turns":5.0},{"damage":4.0,"enemies":"Cultist and Chosen","floor":28.0,"turns":7.0},{"damage":12.0,"enemies":"Snake Plant","floor":29.0,"turns":2.0},{"damage":12.0,"enemies":"Gremlin Leader","floor":31.0,"turns":3.0},{"damage":33.0,"enemies":"Champ","floor":33.0,"turns":7.0},{"damage":30.0,"enemies":"Orb Walker","floor":35.0,"turns":4.0},{"damage":17.0,"enemies":"3 Darklings","floor":36.0,"turns":8.0},{"damage":26.0,"enemies":"4 Shapes","floor":38.0,"turns":5.0},{"damage":29.0,"enemies":"2 Orb Walkers","floor":39.0,"turns":4.0},{"damage":4.0,"enemies":"Reptomancer","floor":42.0,"turns":3.0},{"damage":41.0,"enemies":"Maw","floor":44.0,"turns":6.0},{"damage":31.0,"enemies":"3 Darklings","floor":45.0,"turns":6.0},{"damage":12.0,"enemies":"Mind Bloom Boss Battle","floor":48.0,"turns":4.0},{"damage":90.0,"enemies":"Awakened One","floor":50.0,"turns":11.0},{"damage":13,"enemies":"Donu and Deca","floor":51,"turns":5},{"damage":60,"enemies":"Shield and Spear","floor":55,"turns":7},{"damage":62,"enemies":"The Heart","floor":56,"turns":8}],"seed_played":"1923397819254034957","potions_obtained":[{"floor":1.0,"key":"Weak Potion"},{"floor":8.0,"key":"Fire Potion"},{"floor":14.0,"key":"Dexterity Potion"},{"floor":16.0,"key":"SneckoOil"},{"floor":18.0,"key":"Swift Potion"},{"floor":21.0,"key":"GamblersBrew"},{"floor":31.0,"key":"Strength Potion"},{"floor":39.0,"key":"AttackPotion"}],"is_trial":false,"path_per_floor":["M","M","?","$","M","R","E","M","T","$","?","R","?","E","R","B",null,"M","?","M","?","$","R","E","R","T","R","M","M","?","E","R","B",null,"M","M","?","M","?","R","?","E","T","M","M","$","?","?","R","B","B",null,"R","$","E","B",null],"character_chosen":"IRONCLAD","items_purchased":["Sling","Whirlwind","Strength Potion","True Grit","Feel No Pain","Bottled Tornado","Feel No Pain","Clothesline","Weak Potion","Fire Potion"],"campfire_rested":4,"item_purchase_floors":[10,22,22,46,46,46,54,54,54,54],"current_hp_per_floor":[74,75,75,75,75,75,39,39,39,39,32,32,32,8,30,7,58,56,56,37,36,36,36,20,20,20,42,46,42,42,38,38,13,60,48,75,75,75,52,52,52,75,75,61,75,75,75,69,75,13,30,64,75,75,58,20],"gold":46,"neow_bonus":"THREE_ENEMY_KILL","is_prod":false,"is_daily":false,"chose_seed":false,"campfire_upgraded":5,"win_rate":0,"timestamp":1565238995,"path_taken":["M","M","?","?","M","R","E","M","T","$","?","R","?","E","R","BOSS","M","?","M","?","?","R","E","R","T","R","M","M","?","E","R","BOSS","M","M","?","M","?","R","?","E","T","?","M","$","?","?","R","BOSS","BOSS","R","$","E","BOSS"],"build_version":"2019-07-17","purchased_purges":2,"victory":true,"max_hp_per_floor":[75,75,75,75,75,75,75,75,75,75,75,75,75,75,75,75,75,75,75,75,75,75,75,75,75,75,75,75,75,75,75,75,75,75,75,75,75,75,75,75,75,75,75,75,75,75,75,75,75,75,75,75,75,75,75,75],"card_choices":[{"not_picked":["Infernal Blade","Iron Wave"],"picked":"Shockwave","floor":1.0},{"not_picked":["Havoc","Twin Strike"],"picked":"Pommel Strike","floor":2.0},{"not_picked":["Pummel","Entrench"],"picked":"Twin Strike","floor":5.0},{"not_picked":["Shrug It Off","Clothesline"],"picked":"Combust","floor":7.0},{"not_picked":["Fire Breathing","Seeing Red"],"picked":"Ghostly Armor","floor":8.0},{"not_picked":["Pommel Strike","Spot Weakness"],"picked":"Immolate","floor":14.0},{"not_picked":["Double Tap","Fiend Fire"],"picked":"Demon Form","floor":16.0},{"not_picked":["Hemokinesis","Cleave","Warcry"],"picked":"SKIP","floor":18.0},{"not_picked":["Metallicize","Flex"],"picked":"Heavy Blade","floor":20.0},{"not_picked":["Sword Boomerang","Rage","Power Through"],"picked":"SKIP","floor":24.0},{"not_picked":["Sword Boomerang","Rage","Power Through"],"picked":"SKIP","floor":24.0},{"not_picked":["Whirlwind","Flex","Clash"],"picked":"SKIP","floor":28.0},{"not_picked":["Entrench","Evolve+1"],"picked":"Disarm","floor":29.0},{"not_picked":["Havoc","Blood for Blood","Body Slam+1"],"picked":"SKIP","floor":31.0},{"not_picked":["Double Tap","Feed"],"picked":"Reaper","floor":33.0},{"not_picked":["Twin Strike","Spot Weakness","Body Slam"],"picked":"SKIP","floor":35.0},{"not_picked":["Pommel Strike","Body Slam"],"picked":"Heavy Blade","floor":36.0},{"not_picked":["Spot Weakness","Fire Breathing"],"picked":"Corruption+1","floor":38.0},{"not_picked":["Wild Strike+1","Cleave","Warcry"],"picked":"SKIP","floor":42.0},{"not_picked":["Thunderclap","Berserk","Warcry"],"picked":"SKIP","floor":44.0},{"not_picked":["Body Slam","Blood for Blood+1","Thunderclap"],"picked":"SKIP","floor":45.0},{"not_picked":["Infernal Blade","Iron Wave+1"],"picked":"True Grit","floor":48.0},{"not_picked":["Sword Boomerang","Twin Strike"],"picked":"Headbutt","floor":55}],"player_experience":747045,"relics_obtained":[{"floor":7.0,"key":"Bottled Lightning"},{"floor":9.0,"key":"Blood Vial"},{"floor":14.0,"key":"Red Skull"},{"floor":21.0,"key":"Red Mask"},{"floor":24.0,"key":"PreservedInsect"},{"floor":26.0,"key":"Oddly Smooth Stone"},{"floor":31.0,"key":"Incense Burner"},{"floor":39.0,"key":"StoneCalendar"},{"floor":42.0,"key":"Bag of Preparation"},{"floor":48.0,"key":"Calipers"},{"floor":55,"key":"Lantern"}],"event_choices":[{"cards_removed":["Strike_R"],"damage_healed":0.0,"max_hp_gain":0.0,"max_hp_loss":0.0,"gold_gain":0.0,"event_name":"Bonfire Elementals","player_choice":"Offered Basic","floor":3.0,"gold_loss":0.0,"damage_taken":0.0},{"cards_removed":["Strike_R"],"damage_healed":0.0,"max_hp_gain":0.0,"max_hp_loss":0.0,"gold_gain":0.0,"event_name":"Golden Wing","player_choice":"Card Removal","floor":11.0,"gold_loss":0.0,"damage_taken":7.0},{"damage_healed":0.0,"max_hp_gain":0.0,"max_hp_loss":0.0,"gold_gain":0.0,"event_name":"Liars Game","player_choice":"Ignored","floor":13.0,"gold_loss":0.0,"damage_taken":0.0},{"damage_healed":0.0,"max_hp_gain":0.0,"max_hp_loss":0.0,"gold_gain":0.0,"cards_transformed":["Strike_R","Strike_R"],"event_name":"Drug Dealer","player_choice":"Became Test Subject","floor":19.0,"gold_loss":0.0,"damage_taken":0.0,"cards_obtained":["Burning Pact","Sever Soul"]},{"damage_healed":0.0,"max_hp_gain":0.0,"max_hp_loss":0.0,"gold_gain":0.0,"event_name":"Masked Bandits","player_choice":"Fought Bandits","floor":21.0,"gold_loss":0.0,"damage_taken":0.0},{"damage_healed":0.0,"max_hp_gain":0.0,"max_hp_loss":0.0,"gold_gain":0.0,"event_name":"The Mausoleum","player_choice":"Ignored","floor":30.0,"gold_loss":0.0,"damage_taken":0.0},{"damage_healed":0.0,"max_hp_gain":0.0,"max_hp_loss":0.0,"gold_gain":222.0,"event_name":"Tomb of Lord Red Mask","player_choice":"Wore Mask","floor":37.0,"gold_loss":0.0,"damage_taken":0.0},{"damage_healed":0.0,"max_hp_gain":0.0,"max_hp_loss":0.0,"gold_gain":0.0,"event_name":"Mysterious Sphere","player_choice":"Fight","floor":39.0,"gold_loss":0.0,"damage_taken":0.0},{"damage_healed":0.0,"max_hp_gain":0.0,"max_hp_loss":0.0,"gold_gain":0.0,"cards_transformed":["Combust"],"event_name":"Transmorgrifier","player_choice":"Transformed","floor":41.0,"gold_loss":0.0,"damage_taken":0.0,"cards_obtained":["Fiend Fire"]},{"damage_healed":0.0,"max_hp_gain":0.0,"max_hp_loss":0.0,"gold_gain":0.0,"event_name":"SensoryStone","player_choice":"Memory 1","floor":47.0,"gold_loss":0.0,"damage_taken":0.0},{"damage_healed":0.0,"max_hp_gain":0.0,"max_hp_loss":0.0,"gold_gain":0.0,"event_name":"MindBloom","player_choice":"Fight","floor":48.0,"gold_loss":0.0,"damage_taken":0.0}],"is_beta":false,"boss_relics":[{"not_picked":["Eternal Feather","Runic Dome"],"picked":"Snecko Eye"},{"not_picked":["Cursed Key","Black Star"],"picked":"Fusion Hammer"}],"items_purged_floors":[22,54],"is_endless":false,"potions_floor_spawned":[1,8,14,16,18,21,31,33,36,39,42,44],"ascension_level":20}