{"gold_per_floor":[369,180,191,204,279,309,209,222,222,9,21,31,31],"floor_reached":13,"playtime":466,"items_purged":["Strike_B","Strike_B"],"score":87,"play_id":"8349e969-70cb-403b-8828-1e1826bdd051","local_time":"20190906143132","is_ascension_mode":false,"campfire_choices":[],"neow_cost":"PERCENT_DAMAGE","seed_source_timestamp":1805472237421400,"circlet_count":0,"master_deck":["Strike_B","Strike_B","Defend_B","Defend_B","Defend_B","Defend_B","Zap","Dualcast","Defragment","Loop","Chill","Melter","Sweeping Beam","Blizzard+1","Sweeping Beam+1","Defragment","Electrodynamics","Coolheaded"],"relics":["Cracked Core","Molten Egg 2","Girya","Anchor"],"potions_floor_usage":[6,11],"damage_taken":[{"damage":3,"enemies":"Jaw Worm","floor":1,"turns":4},{"damage":4,"enemies":"Small Slimes","floor":3,"turns":5},{"damage":4,"enemies":"2 Louse","floor":4,"turns":3},{"damage":29,"enemies":"Gremlin Nob","floor":6,"turns":5},{"damage":0,"enemies":"Large Slime","floor":8,"turns":4},{"damage":0,"enemies":"Looter","floor":11,"turns":3},{"damage":0,"enemies":"Red Slaver","floor":12,"turns":3},{"damage":5,"enemies":"Exordium Thugs","floor":13,"turns":1}],"seed_played":"-4257219357333074411","potions_obtained":[{"floor":1,"key":"Block Potion"},{"floor":4,"key":"GamblersBrew"},{"floor":6,"key":"Block Potion"},{"floor":8,"key":"LiquidBronze"}],"is_trial":false,"path_per_floor":["M","$","M","M","?","E","$","M","T","$","M","M","M"],"character_chosen":"DEFECT","items_purchased":["Loop","Chill","Anchor","Defragment"],"campfire_rested":0,"item_purchase_floors":[2,2,10,10],"current_hp_per_floor":[51,51,47,43,32,3,3,3,3,3,3,3,0],"gold":31,"neow_bonus":"TWO_FIFTY_GOLD","is_prod":false,"is_daily":false,"chose_seed":false,"campfire_upgraded":0,"win_rate":0,"timestamp":1567805492,"path_taken":["M","$","M","M","?","E","$","M","T","$","M","M","M"],"build_version":"2019-07-17","purchased_purges":2,"victory":false,"max_hp_per_floor":[75,75,75,75,75,75,75,75,75,75,75,75,75],"card_choices":[{"not_picked":["Streamline","Chill"],"picked":"Defragment","floor":1},{"not_picked":["Rebound","Sweeping Beam"],"picked":"Melter","floor":3},{"not_picked":["Turbo","Streamline"],"picked":"Sweeping Beam","floor":4},{"not_picked":["Steam Power","Rebound"],"picked":"Blizzard","floor":6},{"not_picked":["Heatsinks","Redo"],"picked":"Sweeping Beam+1","floor":8},{"not_picked":["Chill","Steam"],"picked":"Electrodynamics","floor":11},{"not_picked":["Turbo","Auto Shields"],"picked":"Coolheaded","floor":12}],"player_experience":130358,"relics_obtained":[{"floor":6,"key":"Molten Egg 2"},{"floor":9,"key":"Girya"}],"event_choices":[{"damage_healed":0,"gold_gain":75,"player_choice":"Gather Gold","damage_taken":11,"max_hp_gain":0,"max_hp_loss":0,"event_name":"World of Goop","floor":5,"gold_loss":0}],"is_beta":false,"boss_relics":[],"items_purged_floors":[2,7],"is_endless":false,"potions_floor_spawned":[1,4,6,8],"killed_by":"Exordium Thugs","ascension_level":0}