{"gold_per_floor":[115,128,128,142,67,129,144,144,225,252,232,39,73,84,84,84],"floor_reached":16,"playtime":771,"items_purged":["Regret"],"score":120,"play_id":"f46cf178-3ab5-4a59-87b8-4aaabc87f967","local_time":"20181211233315","is_ascension_mode":false,"campfire_choices":[{"data":"Juggernaut","floor":8,"key":"SMITH"},{"data":"Armaments","floor":15,"key":"SMITH"}],"neow_cost":"NONE","seed_source_timestamp":479738671679200,"circlet_count":0,"master_deck":["Strike_R","Strike_R","Strike_R","Strike_R","Defend_R","Defend_R","Defend_R","Defend_R","Bash","Clash","Clothesline","Twin Strike","Juggernaut+1","Flame Barrier","Juggernaut+1","Power Through","Armaments+1"],"relics":["Burning Blood","Bird Faced Urn","Tiny Chest","PreservedInsect","DollysMirror"],"potions_floor_usage":[16],"damage_taken":[{"damage":0,"enemies":"Small Slimes","floor":1,"turns":3},{"damage":0,"enemies":"2 Louse","floor":2,"turns":3},{"damage":0,"enemies":"Cultist","floor":4,"turns":2},{"damage":21,"enemies":"Lagavulin","floor":6,"turns":5},{"damage":14,"enemies":"Blue Slaver","floor":7,"turns":3},{"damage":20,"enemies":"3 Sentries","floor":10,"turns":8},{"damage":11,"enemies":"Gremlin Nob","floor":13,"turns":3},{"damage":2,"enemies":"3 Louse","floor":14,"turns":5},{"damage":40,"enemies":"Slime Boss","floor":16,"turns":9}],"seed_played":"1382205638195067409","potions_obtained":[{"floor":1,"key":"SkillPotion"},{"floor":6,"key":"EssenceOfSteel"},{"floor":11,"key":"SpeedPotion"}],"is_trial":false,"path_per_floor":["M","M","?","M","$","E","M","R","T","E","?","$","E","M","R","B"],"character_chosen":"IRONCLAD","items_purchased":["DollysMirror"],"campfire_rested":0,"item_purchase_floors":[12],"current_hp_per_floor":[80,80,80,80,80,65,57,57,57,45,45,45,42,48,48,10],"gold":84,"neow_bonus":"TRANSFORM_CARD","is_prod":false,"is_daily":false,"chose_seed":false,"campfire_upgraded":2,"win_rate":0,"timestamp":1544599995,"path_taken":["M","M","?","M","$","E","M","R","T","E","?","$","E","?","R","BOSS"],"build_version":"2018-12-06","purchased_purges":1,"victory":false,"max_hp_per_floor":[80,80,80,80,80,80,80,80,80,80,80,80,80,80,80,80],"card_choices":[{"not_picked":["Dropkick","Ghostly Armor","Iron Wave"],"picked":"SKIP","floor":1},{"not_picked":["Iron Wave","Perfected Strike"],"picked":"Clothesline","floor":2},{"not_picked":["Heavy Blade","Headbutt"],"picked":"Twin Strike","floor":4},{"not_picked":["Havoc","Heavy Blade","Blood for Blood"],"picked":"SKIP","floor":6},{"not_picked":["Inflame","Burning Pact"],"picked":"Juggernaut","floor":7},{"not_picked":["Clothesline","Headbutt"],"picked":"Flame Barrier","floor":10},{"not_picked":["Evolve","Heavy Blade"],"picked":"Power Through","floor":13},{"not_picked":["Hemokinesis","Pommel Strike"],"picked":"Armaments","floor":14}],"player_experience":44849,"relics_obtained":[{"floor":6,"key":"Tiny Chest"},{"floor":10,"key":"PreservedInsect"}],"event_choices":[{"damage_healed":0,"gold_gain":0,"player_choice":"Box","damage_taken":0,"relics_obtained":["Bird Faced Urn"],"max_hp_gain":0,"max_hp_loss":0,"event_name":"Big Fish","floor":3,"gold_loss":0,"cards_obtained":["Regret"]},{"damage_healed":0,"gold_gain":0,"player_choice":"Bought 1 Potion","damage_taken":0,"max_hp_gain":0,"max_hp_loss":0,"event_name":"The Woman in Blue","floor":11,"gold_loss":0}],"is_beta":false,"boss_relics":[],"items_purged_floors":[5],"is_endless":false,"potions_floor_spawned":[1,6,14],"killed_by":"Slime Boss","ascension_level":0}