{"gold_per_floor":[115,115,14,14,14,46,62,62,62,93,107,122,122,132,132,209,209,209,209,209,209,129,129,129,129,129,129,129,50,50,50,50,50],"floor_reached":33,"playtime":1245,"items_purged":[],"score":646,"play_id":"fd43ea67-a336-46b5-bb68-e7ff71ec697a","local_time":"20190703213331","is_ascension_mode":true,"campfire_choices":[{"data":"Neutralize","floor":8.0,"key":"SMITH"},{"data":"All Out Attack","floor":13.0,"key":"SMITH"},{"data":"Caltrops","floor":15.0,"key":"SMITH"},{"floor":23.0,"key":"REST"},{"data":"Wraith Form v2","floor":25.0,"key":"SMITH"},{"data":"Ghostly","floor":27.0,"key":"SMITH"},{"data":"Ghostly","floor":30.0,"key":"SMITH"},{"floor":32,"key":"REST"}],"neow_cost":"NONE","seed_source_timestamp":326744624235400,"circlet_count":0,"master_deck":["AscendersBane","Strike_G","Strike_G","Strike_G","Strike_G","Defend_G","Defend_G","Defend_G","Defend_G","Survivor","Neutralize+1","Blur","Caltrops+1","Flying Knee","Deflect","Dash","Dodge and Roll","Backstab","All Out Attack+1","Wraith Form v2+1","Deflect","Distraction","Decay","Ghostly+1","Ghostly+1","Ghostly","Footwork","All Out Attack","Deflect","Footwork","Dash"],"special_seed":0,"relics":["Ring of the Snake","NeowsBlessing","PreservedInsect","Turnip","Mercury Hourglass","Ectoplasm","Red Mask","Bag of Preparation","Bottled Lightning"],"potions_floor_usage":[33],"damage_taken":[{"damage":0.0,"enemies":"Small Slimes","floor":1.0,"turns":1.0},{"damage":0.0,"enemies":"Lagavulin","floor":6.0,"turns":1.0},{"damage":0.0,"enemies":"2 Louse","floor":7.0,"turns":1.0},{"damage":32.0,"enemies":"Gremlin Nob","floor":10.0,"turns":5.0},{"damage":0.0,"enemies":"Cultist","floor":11.0,"turns":3.0},{"damage":0.0,"enemies":"3 Louse","floor":12.0,"turns":2.0},{"damage":0.0,"enemies":"Large Slime","floor":14.0,"turns":4.0},{"damage":2.0,"enemies":"Slime Boss","floor":16.0,"turns":12.0},{"damage":9.0,"enemies":"Spheric Guardian","floor":18.0,"turns":4.0},{"damage":26.0,"enemies":"Masked Bandits","floor":19.0,"turns":6.0},{"damage":0.0,"enemies":"2 Thieves","floor":22.0,"turns":4.0},{"damage":0.0,"enemies":"Slavers","floor":24.0,"turns":7.0},{"damage":13.0,"enemies":"Snake Plant","floor":28.0,"turns":5.0},{"damage":13,"enemies":"Centurion and Healer","floor":31,"turns":11},{"damage":40,"enemies":"Champ","floor":33,"turns":21}],"seed_played":"-8888616290231747357","potions_obtained":[{"floor":1.0,"key":"GhostInAJar"},{"floor":11.0,"key":"Ancient Potion"},{"floor":16.0,"key":"SkillPotion"},{"floor":19.0,"key":"AttackPotion"},{"floor":28.0,"key":"Strength Potion"},{"floor":31,"key":"Fire Potion"}],"is_trial":false,"path_per_floor":["M","?","$","?","?","E","M","R","T","E","M","M","R","M","R","B",null,"M","?","?","?","M","R","E","R","T","R","M","$","R","M","R","B"],"character_chosen":"THE_SILENT","items_purchased":["Caltrops","Flying Knee","Footwork"],"campfire_rested":2,"item_purchase_floors":[3,3,29],"current_hp_per_floor":[59,52,52,52,52,52,52,52,52,20,20,20,20,20,20,18,54,45,19,19,19,19,28,28,28,28,28,15,15,15,2,11,0],"gold":50,"neow_bonus":"THREE_ENEMY_KILL","is_prod":false,"is_daily":false,"chose_seed":false,"campfire_upgraded":6,"win_rate":0,"timestamp":1562204011,"path_taken":["M","?","$","?","?","E","?","R","T","E","M","M","R","M","R","BOSS","M","?","?","?","M","R","E","R","T","R","M","$","R","M","R","BOSS"],"build_version":"2019-07-01","purchased_purges":0,"victory":false,"max_hp_per_floor":[66,66,66,66,66,66,66,66,66,66,66,66,66,66,66,66,66,66,66,66,33,33,33,33,33,33,33,33,33,33,33,33,33],"card_choices":[{"not_picked":["Setup","Flying Knee"],"picked":"Blur","floor":1.0},{"not_picked":["Underhanded Strike","Slice"],"picked":"Deflect","floor":6.0},{"not_picked":["Slice","Backstab"],"picked":"Dash","floor":7.0},{"not_picked":["Catalyst","Acrobatics"],"picked":"Dodge and Roll","floor":10.0},{"not_picked":["Concentrate","Doppelganger"],"picked":"Backstab","floor":11.0},{"not_picked":["Prepared","Dagger Throw"],"picked":"All Out Attack","floor":12.0},{"not_picked":["Bane","Acrobatics","Poisoned Stab"],"picked":"SKIP","floor":14.0},{"not_picked":["Glass Knife","Night Terror"],"picked":"Wraith Form v2","floor":16.0},{"not_picked":["Dagger Throw","Deflect","Predator+1"],"picked":"SKIP","floor":18.0},{"not_picked":["Dagger Throw","Predator+1"],"picked":"Deflect","floor":18.0},{"not_picked":["Underhanded Strike","Eviscerate"],"picked":"Distraction","floor":19.0},{"not_picked":["Dagger Throw","Bouncing Flask"],"picked":"Footwork","floor":22.0},{"not_picked":["Dagger Throw","Quick Slash"],"picked":"All Out Attack","floor":24.0},{"not_picked":["Concentrate+1","Deadly Poison"],"picked":"Deflect","floor":28.0},{"not_picked":["PiercingWail","Riddle With Holes"],"picked":"Dash","floor":31}],"player_experience":768258,"relics_obtained":[{"floor":6.0,"key":"PreservedInsect"},{"floor":9.0,"key":"Turnip"},{"floor":10.0,"key":"Mercury Hourglass"},{"floor":19.0,"key":"Red Mask"},{"floor":24.0,"key":"Bag of Preparation"},{"floor":26.0,"key":"Bottled Lightning"}],"event_choices":[{"cards_removed":["Defend_G"],"damage_healed":0.0,"max_hp_gain":0.0,"max_hp_loss":0.0,"gold_gain":0.0,"event_name":"Golden Wing","player_choice":"Card Removal","floor":2.0,"gold_loss":0.0,"damage_taken":7.0},{"damage_healed":0.0,"max_hp_gain":0.0,"max_hp_loss":0.0,"gold_gain":0.0,"event_name":"Liars Game","player_choice":"Ignored","floor":4.0,"gold_loss":0.0,"damage_taken":0.0},{"cards_removed":["Strike_G"],"damage_healed":0.0,"max_hp_gain":0.0,"max_hp_loss":0.0,"gold_gain":0.0,"event_name":"Purifier","player_choice":"Purged","floor":5.0,"gold_loss":0.0,"damage_taken":0.0},{"damage_healed":0.0,"max_hp_gain":0.0,"max_hp_loss":0.0,"gold_gain":0.0,"event_name":"Masked Bandits","player_choice":"Fought Bandits","floor":19.0,"gold_loss":0.0,"damage_taken":0.0},{"damage_healed":0.0,"max_hp_gain":0.0,"max_hp_loss":0.0,"gold_gain":0.0,"event_name":"Forgotten Altar","player_choice":"Smashed Altar","floor":20.0,"gold_loss":0.0,"damage_taken":0.0,"cards_obtained":["Decay"]},{"damage_healed":0.0,"max_hp_gain":0.0,"max_hp_loss":33.0,"gold_gain":0.0,"event_name":"Ghosts","player_choice":"Became a Ghost","floor":21.0,"gold_loss":0.0,"damage_taken":0.0,"cards_obtained":["Ghostly","Ghostly","Ghostly"]}],"is_beta":false,"boss_relics":[{"not_picked":["Philosopher\u0027s Stone","WristBlade"],"picked":"Ectoplasm"}],"items_purged_floors":[],"is_endless":false,"potions_floor_spawned":[1,11,14,16,19,28,31],"killed_by":"Champ","ascension_level":20}