{"gold_per_floor":[111,111,127,11,23,55,55,80,126,151,151,179,192,203,203,277,277,290,290,316,43,61,61,86,98,98,111,140,154,154,171,171,248,248,268,115,127,139,189,217,217,228,228,257,276,276,293,319,319,319,319,319,319,26,55,55],"floor_reached":57,"playtime":3975,"items_purged":["Pain","Perfected Strike+1"],"score":2853,"play_id":"4b6ada2e-e5da-48fb-9948-f3014bd6c5c7","local_time":"20190904180035","is_ascension_mode":true,"campfire_choices":[{"data":"Perfected Strike","floor":7.0,"key":"SMITH"},{"floor":11.0,"key":"REST"},{"data":"Feel No Pain","floor":15.0,"key":"SMITH"},{"data":"Cleave","floor":23.0,"key":"SMITH"},{"data":"Immolate","floor":32.0,"key":"SMITH"},{"floor":41.0,"key":"RECALL"},{"data":"Armaments","floor":49,"key":"SMITH"},{"data":"Ghostly","floor":53,"key":"SMITH"}],"neow_cost":"NONE","seed_source_timestamp":300325395478500,"circlet_count":0,"master_deck":["AscendersBane","Defend_R","Defend_R","Defend_R","Defend_R","Bash","Exhume","True Grit","Shockwave","Feel No Pain+1","Feed","True Grit","Shrug It Off","Juggernaut+1","Warcry+1","Exhume+1","Flame Barrier+1","Pommel Strike+1","Rupture+1","Reckless Charge","Cleave+1","Inflame+1","Shrug It Off","Armaments+1","Battle Trance+1","Immolate+1","Disarm","Combust+1","Ghostly+1","Ghostly","Ghostly","Sword Boomerang","Berserk+1","Impervious","Reaper","Corruption+1","Feel No Pain+1","Dropkick+1","Body Slam+1","Pommel Strike","Entrench+1","Corruption+1","Reaper"],"special_seed":0,"relics":["Burning Blood","WarpedTongs","Frozen Egg 2","Bag of Preparation","Ancient Tea Set","Blood Vial","Pen Nib","Astrolabe","Red Mask","Lantern","Strawberry","Centennial Puzzle","Runic Pyramid","Prayer Wheel","Du-Vu Doll","Nunchaku","Happy Flower","Bronze Scales"],"potions_floor_usage":[50,56,56],"damage_taken":[{"damage":14.0,"enemies":"Jaw Worm","floor":1.0,"turns":4.0},{"damage":4.0,"enemies":"Cultist","floor":3.0,"turns":4.0},{"damage":0.0,"enemies":"Small Slimes","floor":5.0,"turns":3.0},{"damage":27.0,"enemies":"3 Sentries","floor":6.0,"turns":13.0},{"damage":21.0,"enemies":"Gremlin Nob","floor":8.0,"turns":4.0},{"damage":28.0,"enemies":"Lagavulin","floor":10.0,"turns":4.0},{"damage":8.0,"enemies":"Gremlin Nob","floor":12.0,"turns":3.0},{"damage":2.0,"enemies":"Exordium Wildlife","floor":13.0,"turns":6.0},{"damage":4.0,"enemies":"Blue Slaver","floor":14.0,"turns":4.0},{"damage":40.0,"enemies":"Hexaghost","floor":16.0,"turns":10.0},{"damage":19.0,"enemies":"Spheric Guardian","floor":18.0,"turns":5.0},{"damage":25.0,"enemies":"Masked Bandits","floor":20.0,"turns":7.0},{"damage":12.0,"enemies":"Shell Parasite","floor":22.0,"turns":7.0},{"damage":8.0,"enemies":"Book of Stabbing","floor":24.0,"turns":6.0},{"damage":2.0,"enemies":"Snake Plant","floor":25.0,"turns":4.0},{"damage":0.0,"enemies":"Centurion and Healer","floor":27.0,"turns":7.0},{"damage":0.0,"enemies":"Gremlin Leader","floor":28.0,"turns":7.0},{"damage":20.0,"enemies":"Sentry and Sphere","floor":29.0,"turns":6.0},{"damage":0.0,"enemies":"Snake Plant","floor":31.0,"turns":4.0},{"damage":24.0,"enemies":"Collector","floor":33.0,"turns":10.0},{"damage":8.0,"enemies":"3 Darklings","floor":35.0,"turns":5.0},{"damage":3.0,"enemies":"3 Shapes","floor":37.0,"turns":7.0},{"damage":6.0,"enemies":"Writhing Mass","floor":38.0,"turns":7.0},{"damage":6.0,"enemies":"Reptomancer","floor":40.0,"turns":6.0},{"damage":3.0,"enemies":"Jaw Worm Horde","floor":42.0,"turns":4.0},{"damage":17,"enemies":"Giant Head","floor":44,"turns":9},{"damage":1,"enemies":"Transient","floor":45,"turns":6},{"damage":21,"enemies":"4 Shapes","floor":47,"turns":8},{"damage":2,"enemies":"Nemesis","floor":48,"turns":11},{"damage":74,"enemies":"Awakened One","floor":50,"turns":17},{"damage":59,"enemies":"Donu and Deca","floor":51,"turns":10},{"damage":4,"enemies":"Shield and Spear","floor":55,"turns":9},{"damage":41,"enemies":"The Heart","floor":56,"turns":7}],"seed_played":"3507011216430716389","potions_obtained":[{"floor":1.0,"key":"FearPotion"},{"floor":3.0,"key":"FearPotion"},{"floor":10.0,"key":"GamblersBrew"},{"floor":16.0,"key":"Poison Potion"},{"floor":22.0,"key":"PowerPotion"},{"floor":24.0,"key":"AttackPotion"},{"floor":31.0,"key":"Swift Potion"}],"is_trial":false,"path_per_floor":["M","?","M","$","M","E","R","E","T","E","R","E","M","M","R","B",null,"M","?","?","$","M","R","E","M","T","M","E","M","?","M","R","B",null,"M","$","M","M","?","E","R","M","T","E","M","?","M","E","R","B","B",null,"R","$","E","B",null],"character_chosen":"IRONCLAD","items_purchased":["Shockwave","Inflame+1","Shrug It Off","Armaments","Impervious","Happy Flower","Corruption+1","PowerPotion"],"campfire_rested":1,"item_purchase_floors":[4,21,21,21,36,54,54,54],"current_hp_per_floor":[60,60,62,62,68,47,47,32,32,10,32,32,41,49,49,17,66,59,59,54,54,54,54,54,64,71,83,95,87,62,65,65,47,61,64,64,76,80,80,84,84,84,84,84,84,84,77,96,96,69,42,86,86,86,107,76],"gold":55,"neow_bonus":"ONE_RANDOM_RARE_CARD","is_prod":false,"is_daily":false,"chose_seed":false,"campfire_upgraded":6,"win_rate":0,"timestamp":1567645235,"path_taken":["M","?","M","$","M","E","R","E","T","E","R","E","M","?","R","BOSS","M","?","?","$","M","R","E","M","T","M","E","M","?","?","R","BOSS","M","$","M","M","?","E","R","M","T","E","?","?","M","E","R","BOSS","BOSS","R","$","E","BOSS"],"build_version":"2019-07-17","purchased_purges":2,"victory":true,"max_hp_per_floor":[75,75,75,75,75,75,75,75,75,75,75,75,78,82,82,82,82,86,86,98,98,102,102,102,106,113,117,121,125,62,65,65,65,65,68,68,76,80,80,84,84,84,84,84,84,84,92,96,96,96,100,100,100,100,107,111],"card_choices":[{"not_picked":["Rage","Flex"],"picked":"Perfected Strike","floor":1.0},{"not_picked":["Clothesline","Heavy Blade"],"picked":"True Grit","floor":3.0},{"not_picked":["Iron Wave","Perfected Strike"],"picked":"Feel No Pain","floor":5.0},{"not_picked":["Flex","Sever Soul"],"picked":"Wild Strike","floor":6.0},{"not_picked":["Cleave","Perfected Strike"],"picked":"Feed","floor":8.0},{"not_picked":["Sever Soul","Rage","Power Through"],"picked":"SKIP","floor":10.0},{"not_picked":["Sword Boomerang","Berserk+1"],"picked":"True Grit","floor":12.0},{"not_picked":["Shrug It Off","True Grit","Sword Boomerang"],"picked":"SKIP","floor":13.0},{"not_picked":["True Grit","Sword Boomerang"],"picked":"Shrug It Off","floor":13.0},{"not_picked":["Cleave","Headbutt","True Grit"],"picked":"SKIP","floor":14.0},{"not_picked":["Exhume","Feed"],"picked":"Juggernaut+1","floor":16.0},{"not_picked":["Sword Boomerang","Thunderclap+1"],"picked":"Pommel Strike+1","floor":18.0},{"not_picked":["Headbutt","Clothesline"],"picked":"Cleave","floor":20.0},{"not_picked":["Carnage","Rage"],"picked":"Battle Trance+1","floor":22.0},{"not_picked":["Burning Pact","Metallicize+1"],"picked":"Immolate","floor":24.0},{"not_picked":["Twin Strike+1","Warcry","Headbutt"],"picked":"SKIP","floor":25.0},{"not_picked":["Twin Strike+1","Warcry","Headbutt"],"picked":"SKIP","floor":25.0},{"not_picked":["Warcry","True Grit"],"picked":"Disarm","floor":27.0},{"not_picked":["Limit Break","Seeing Red+1"],"picked":"Combust+1","floor":28.0},{"not_picked":["True Grit","Cleave","Burning Pact"],"picked":"SKIP","floor":29.0},{"not_picked":["Shrug It Off","Anger"],"picked":"Sword Boomerang","floor":31.0},{"not_picked":["Immolate","Fiend Fire"],"picked":"Berserk+1","floor":33.0},{"not_picked":["Heavy Blade+1","Metallicize+1","Battle Trance"],"picked":"SKIP","floor":35.0},{"not_picked":["True Grit","Body Slam","Double Tap"],"picked":"SKIP","floor":37.0},{"not_picked":["Anger+1","Carnage","Perfected Strike"],"picked":"SKIP","floor":38.0},{"not_picked":["Uppercut","Dual Wield"],"picked":"Reaper","floor":40.0},{"not_picked":["Havoc","Sword Boomerang"],"picked":"Corruption+1","floor":42.0},{"not_picked":["Carnage","Heavy Blade"],"picked":"Feel No Pain+1","floor":42.0},{"not_picked":["Searing Blow","Ghostly Armor"],"picked":"Dropkick+1","floor":44},{"not_picked":["Hemokinesis+1","Warcry+1"],"picked":"Body Slam+1","floor":45},{"not_picked":["Anger","Perfected Strike+1","Combust+1"],"picked":"SKIP","floor":45},{"not_picked":["Warcry","Intimidate+1"],"picked":"Pommel Strike","floor":47},{"not_picked":["Twin Strike+1","Rage","Headbutt+1"],"picked":"SKIP","floor":47},{"not_picked":["Second Wind+1","Perfected Strike"],"picked":"Entrench+1","floor":48},{"not_picked":["Flex","Havoc+1"],"picked":"Reaper","floor":55}],"player_experience":855843,"relics_obtained":[{"floor":6.0,"key":"Frozen Egg 2"},{"floor":8.0,"key":"Bag of Preparation"},{"floor":9.0,"key":"Ancient Tea Set"},{"floor":10.0,"key":"Blood Vial"},{"floor":12.0,"key":"Pen Nib"},{"floor":20.0,"key":"Red Mask"},{"floor":24.0,"key":"Lantern"},{"floor":26.0,"key":"Strawberry"},{"floor":28.0,"key":"Centennial Puzzle"},{"floor":40.0,"key":"Prayer Wheel"},{"floor":44,"key":"Du-Vu Doll"},{"floor":48,"key":"Nunchaku"},{"floor":55,"key":"Bronze Scales"}],"event_choices":[{"damage_healed":0.0,"max_hp_gain":0.0,"max_hp_loss":0.0,"gold_gain":0.0,"event_name":"Accursed Blacksmith","player_choice":"Rummage","floor":2.0,"gold_loss":0.0,"damage_taken":0.0,"relics_obtained":["WarpedTongs"],"cards_obtained":["Pain"]},{"damage_healed":0.0,"max_hp_gain":0.0,"max_hp_loss":0.0,"gold_gain":0.0,"cards_transformed":["Strike_R","Strike_R"],"event_name":"Drug Dealer","player_choice":"Became Test Subject","floor":19.0,"gold_loss":0.0,"damage_taken":0.0,"cards_obtained":["Rupture","Reckless Charge"]},{"damage_healed":0.0,"max_hp_gain":0.0,"max_hp_loss":0.0,"gold_gain":0.0,"event_name":"Masked Bandits","player_choice":"Fought Bandits","floor":20.0,"gold_loss":0.0,"damage_taken":0.0},{"damage_healed":0.0,"max_hp_gain":0.0,"max_hp_loss":63.0,"gold_gain":0.0,"event_name":"Ghosts","player_choice":"Became a Ghost","floor":30.0,"gold_loss":0.0,"damage_taken":0.0,"cards_obtained":["Ghostly","Ghostly","Ghostly"]},{"damage_healed":0.0,"max_hp_gain":0.0,"max_hp_loss":0.0,"gold_gain":50.0,"event_name":"Golden Shrine","player_choice":"Pray","floor":39.0,"gold_loss":0.0,"damage_taken":0.0},{"cards_removed":["Wild Strike"],"damage_healed":5,"gold_gain":0,"player_choice":"Offered Common","damage_taken":0,"max_hp_gain":0,"max_hp_loss":0,"event_name":"Bonfire Elementals","floor":46,"gold_loss":0},{"cards_removed":["Wild Strike"],"damage_healed":5,"gold_gain":0,"player_choice":"Offered Special","damage_taken":0,"max_hp_gain":0,"max_hp_loss":0,"event_name":"Bonfire Elementals","floor":46,"gold_loss":0}],"is_beta":false,"boss_relics":[{"not_picked":["Tiny House","Empty Cage"],"picked":"Astrolabe"},{"not_picked":["Mark of Pain","Runic Dome"],"picked":"Runic Pyramid"}],"items_purged_floors":[4,21],"is_endless":false,"potions_floor_spawned":[1,3,8,10,16,18,22,24,25,31,42,44,47,48,55],"ascension_level":20}