{"gold_per_floor":[111,111,111,111,25,54,54,82,82,98,109,143,153,168,168,245,245,265,54,84,84,9,9,40,54,54,54,54,70,82,111,111,111],"floor_reached":33,"playtime":1046,"items_purged":[],"score":705,"play_id":"a1b7febb-d36f-41cf-a54f-a60df5e26fbb","local_time":"20190903005641","is_ascension_mode":true,"campfire_choices":[{"data":"Whirlwind","floor":7.0,"key":"SMITH"},{"data":"Armaments","floor":15.0,"key":"SMITH"},{"data":"Immolate","floor":23,"key":"SMITH"},{"data":"Body Slam","floor":27,"key":"SMITH"},{"floor":32,"key":"REST"}],"neow_cost":"NONE","seed_source_timestamp":0,"circlet_count":0,"master_deck":["AscendersBane","Strike_R+1","Strike_R+1","Strike_R+1","Strike_R+1","Defend_R+1","Defend_R+1","Defend_R+1","Defend_R+1","Bash","Sword Boomerang+1","Whirlwind+1","Armaments+1","Body Slam+1","Combust","True Grit","Iron Wave","Immolate+1","Impervious","Shockwave","Battle Trance","Feel No Pain"],"special_seed":0,"relics":["Burning Blood","NeowsBlessing","Boot","Question Card","Orichalcum","Matryoshka","Darkstone Periapt","Cursed Key","Chemical X","Red Mask","Dream Catcher","Mummified Hand","Smiling Mask","Spirit Poop","Gremlin Horn"],"potions_floor_usage":[31,33],"damage_taken":[{"damage":0.0,"enemies":"2 Louse","floor":1.0,"turns":1.0},{"damage":0.0,"enemies":"Gremlin Nob","floor":6.0,"turns":1.0},{"damage":0.0,"enemies":"Lagavulin","floor":8.0,"turns":1.0},{"damage":2.0,"enemies":"Small Slimes","floor":10.0,"turns":3.0},{"damage":0.0,"enemies":"Cultist","floor":11.0,"turns":2.0},{"damage":5.0,"enemies":"Gremlin Nob","floor":12.0,"turns":3.0},{"damage":2.0,"enemies":"Red Slaver","floor":13.0,"turns":3.0},{"damage":3.0,"enemies":"Blue Slaver","floor":14.0,"turns":4.0},{"damage":59.0,"enemies":"Slime Boss","floor":16.0,"turns":9.0},{"damage":24.0,"enemies":"2 Thieves","floor":18.0,"turns":4.0},{"damage":0.0,"enemies":"Masked Bandits","floor":20.0,"turns":1.0},{"damage":23,"enemies":"Gremlin Leader","floor":24,"turns":5},{"damage":0,"enemies":"Spheric Guardian","floor":25,"turns":2},{"damage":21,"enemies":"Snake Plant","floor":29,"turns":3},{"damage":1,"enemies":"3 Cultists","floor":30,"turns":3},{"damage":28,"enemies":"Slavers","floor":31,"turns":4},{"damage":46,"enemies":"Automaton","floor":33,"turns":8}],"seed_played":"-540972938711733274","potions_obtained":[{"floor":1.0,"key":"PowerPotion"},{"floor":10.0,"key":"Poison Potion"},{"floor":12.0,"key":"LiquidBronze"},{"floor":29,"key":"AttackPotion"}],"is_trial":false,"path_per_floor":["M","?","?","?","$","E","R","E","T","M","M","E","M","M","R","B",null,"M","$","?","?","?","R","E","M","T","R","?","M","M","E","R","B"],"character_chosen":"IRONCLAD","items_purchased":["Whirlwind","Chemical X"],"campfire_rested":1,"item_purchase_floors":[5,19],"current_hp_per_floor":[74,51,46,46,46,52,52,58,58,62,68,69,73,75,75,22,62,44,44,50,50,50,50,33,39,45,45,45,30,35,13,37,0],"gold":111,"neow_bonus":"THREE_ENEMY_KILL","is_prod":false,"is_daily":false,"chose_seed":false,"campfire_upgraded":4,"win_rate":0,"timestamp":1567497401,"path_taken":["M","?","?","?","$","E","R","E","T","M","M","E","M","M","R","BOSS","M","$","?","?","?","R","E","M","T","R","?","M","?","E","R","BOSS"],"build_version":"2019-07-17","purchased_purges":0,"victory":false,"max_hp_per_floor":[75,75,75,75,75,75,75,75,75,75,75,75,75,75,75,75,75,75,75,75,75,75,75,75,75,81,81,81,81,81,81,81,81],"card_choices":[{"not_picked":["Intimidate","Thunderclap"],"picked":"Sword Boomerang","floor":1.0},{"not_picked":["Flex","Carnage","Rupture"],"picked":"SKIP","floor":6.0},{"not_picked":["Clash","Blood for Blood","Cleave"],"picked":"Armaments","floor":8.0},{"not_picked":["Dark Embrace","Shrug It Off","Bloodletting"],"picked":"Body Slam","floor":10.0},{"not_picked":["Cleave","Rage","Pommel Strike"],"picked":"Combust","floor":11.0},{"not_picked":["Pommel Strike","Armaments","Twin Strike"],"picked":"True Grit","floor":12.0},{"not_picked":["Body Slam","Intimidate","Wild Strike"],"picked":"Iron Wave","floor":13.0},{"not_picked":["Carnage","Twin Strike","Rage","Whirlwind"],"picked":"SKIP","floor":14.0},{"not_picked":["Fiend Fire","Brutality","Exhume"],"picked":"Immolate","floor":16.0},{"not_picked":["Heavy Blade","Body Slam","Flex","Clash"],"picked":"SKIP","floor":18.0},{"not_picked":["Warcry","Seeing Red","Flex","Power Through"],"picked":"SKIP","floor":24},{"not_picked":["Body Slam","Rage+1","Clash"],"picked":"Impervious","floor":25},{"not_picked":["Wild Strike","Heavy Blade","Second Wind","Thunderclap"],"picked":"SKIP","floor":29},{"not_picked":["Iron Wave","Wild Strike","Heavy Blade"],"picked":"Shockwave","floor":30},{"not_picked":["Clothesline","Twin Strike+1","Bloodletting"],"picked":"Battle Trance","floor":31},{"not_picked":["Dark Embrace","Wild Strike","Body Slam+1"],"picked":"Feel No Pain","floor":32}],"player_experience":837839,"relics_obtained":[{"floor":6.0,"key":"Question Card"},{"floor":8.0,"key":"Orichalcum"},{"floor":9.0,"key":"Matryoshka"},{"floor":12.0,"key":"Darkstone Periapt"},{"floor":20,"key":"Red Mask"},{"floor":24,"key":"Dream Catcher"},{"floor":26,"key":"Mummified Hand"},{"floor":26,"key":"Smiling Mask"},{"floor":31,"key":"Gremlin Horn"}],"event_choices":[{"damage_healed":0.0,"max_hp_gain":0.0,"max_hp_loss":0.0,"gold_gain":0.0,"event_name":"Shining Light","player_choice":"Entered Light","floor":2.0,"gold_loss":0.0,"damage_taken":23.0,"cards_upgraded":["Defend_R","Defend_R"]},{"damage_healed":0.0,"max_hp_gain":0.0,"max_hp_loss":0.0,"gold_gain":0.0,"event_name":"Scrap Ooze","player_choice":"Success","floor":3.0,"gold_loss":0.0,"damage_taken":5.0,"relics_obtained":["Boot"]},{"damage_healed":0.0,"max_hp_gain":0.0,"max_hp_loss":0.0,"gold_gain":0.0,"event_name":"Living Wall","player_choice":"Grow","floor":4.0,"gold_loss":0.0,"damage_taken":0.0,"cards_upgraded":["Sword Boomerang"]},{"damage_healed":0.0,"max_hp_gain":0.0,"max_hp_loss":0.0,"gold_gain":0.0,"event_name":"Masked Bandits","player_choice":"Fought Bandits","floor":20.0,"gold_loss":0.0,"damage_taken":0.0},{"damage_healed":0,"gold_gain":0,"player_choice":"Simplicity","damage_taken":0,"max_hp_gain":0,"max_hp_loss":0,"event_name":"Back to Basics","floor":21,"gold_loss":0,"cards_upgraded":["Strike_R","Strike_R","Strike_R","Strike_R","Strike_R","Defend_R","Defend_R"]},{"cards_removed":["Strike_R"],"damage_healed":0,"gold_gain":0,"player_choice":"Gave Gold","damage_taken":0,"max_hp_gain":0,"max_hp_loss":0,"event_name":"Beggar","floor":22,"gold_loss":75},{"cards_removed":["Writhe"],"damage_healed":0,"gold_gain":0,"player_choice":"Offered Curse","damage_taken":0,"relics_obtained":["Spirit Poop"],"max_hp_gain":0,"max_hp_loss":0,"event_name":"Bonfire Elementals","floor":28,"gold_loss":0}],"is_beta":false,"boss_relics":[{"not_picked":["Fusion Hammer","Astrolabe"],"picked":"Cursed Key"}],"items_purged_floors":[],"is_endless":false,"potions_floor_spawned":[1,10,12,13,18,29,30],"killed_by":"Automaton","ascension_level":20}