{"gold_per_floor":[369,369,54,54,65,65,8,43,43,43,62,62,62,92,92,167,167,185,110,110,124,124],"floor_reached":22,"playtime":769,"items_purged":["Strike_R"],"score":380,"play_id":"561a3828-3095-4aba-8b90-af5bb0c62731","local_time":"20190816234635","is_ascension_mode":true,"campfire_choices":[{"data":"Hemokinesis","floor":6,"key":"SMITH"},{"data":"Shrug It Off","floor":10,"key":"SMITH"},{"data":"True Grit","floor":13,"key":"SMITH"},{"data":"Bash","floor":15,"key":"SMITH"}],"neow_cost":"CURSE","seed_source_timestamp":1151228963010100,"circlet_count":0,"master_deck":["AscendersBane","Strike_R","Strike_R","Strike_R","Strike_R","Defend_R","Defend_R","Defend_R","Defend_R","Bash+1","Hemokinesis+1","Feel No Pain","Headbutt+1","Shrug It Off+1","True Grit+1","Inflame","Reaper+1","Rampage+1","Cleave+1"],"relics":["Burning Blood","Molten Egg 2","Matryoshka","Potion Belt","Singing Bowl","Self Forming Clay","Fusion Hammer"],"potions_floor_usage":[16,16],"damage_taken":[{"damage":6,"enemies":"2 Louse","floor":1,"turns":4},{"damage":5,"enemies":"Small Slimes","floor":5,"turns":3},{"damage":33,"enemies":"Gremlin Nob","floor":8,"turns":4},{"damage":7,"enemies":"Jaw Worm","floor":11,"turns":4},{"damage":12,"enemies":"3 Sentries","floor":14,"turns":14},{"damage":30,"enemies":"Slime Boss","floor":16,"turns":11},{"damage":19,"enemies":"3 Byrds","floor":18,"turns":11},{"damage":21,"enemies":"Spheric Guardian","floor":21,"turns":5},{"damage":60,"enemies":"Cultist and Chosen","floor":22,"turns":7}],"seed_played":"8088897060813949091","potions_obtained":[{"floor":1,"key":"Explosive Potion"},{"floor":16,"key":"Dexterity Potion"},{"floor":18,"key":"FearPotion"},{"floor":21,"key":"LiquidBronze"}],"is_trial":false,"path_per_floor":["M","?","$","?","M","R","$","E","T","R","M","$","R","E","R","B",null,"M","$","?","M","M"],"character_chosen":"IRONCLAD","items_purchased":["Molten Egg 2","Feel No Pain","Fire Potion"],"campfire_rested":0,"item_purchase_floors":[3,3,7],"current_hp_per_floor":[68,68,68,68,69,69,69,42,42,42,41,41,41,35,35,11,57,51,51,51,43,0],"gold":124,"neow_bonus":"TWO_FIFTY_GOLD","is_prod":false,"is_daily":false,"chose_seed":false,"campfire_upgraded":4,"win_rate":0,"timestamp":1566024395,"path_taken":["M","?","$","?","M","R","$","E","T","R","M","?","R","E","R","BOSS","M","$","?","M","M"],"build_version":"2019-07-17","purchased_purges":1,"victory":false,"max_hp_per_floor":[75,72,72,72,72,72,72,72,72,72,72,72,72,72,72,72,72,72,72,72,72,72],"card_choices":[{"not_picked":["Body Slam","Cleave"],"picked":"Hemokinesis","floor":1},{"not_picked":["Armaments","Flex"],"picked":"Headbutt+1","floor":5},{"not_picked":["Wild Strike+1","Dropkick+1"],"picked":"Shrug It Off","floor":8},{"not_picked":["Sever Soul+1","Brutality"],"picked":"True Grit","floor":11},{"not_picked":["Headbutt+1","Iron Wave+1"],"picked":"Inflame","floor":14},{"not_picked":["Impervious","Dark Embrace"],"picked":"Reaper+1","floor":16},{"not_picked":["Thunderclap+1","Cleave+1"],"picked":"Rampage+1","floor":18},{"not_picked":["Thunderclap+1","Warcry"],"picked":"Cleave+1","floor":21}],"player_experience":792997,"relics_obtained":[{"floor":8,"key":"Matryoshka"},{"floor":9,"key":"Potion Belt"},{"floor":9,"key":"Singing Bowl"},{"floor":14,"key":"Self Forming Clay"}],"event_choices":[{"cards_removed":["Parasite"],"damage_healed":0,"gold_gain":0,"player_choice":"Forget","damage_taken":0,"max_hp_gain":0,"max_hp_loss":0,"event_name":"Living Wall","floor":2,"gold_loss":0},{"damage_healed":0,"gold_gain":0,"player_choice":"Leave","damage_taken":0,"max_hp_gain":0,"max_hp_loss":0,"event_name":"The Cleric","floor":4,"gold_loss":0},{"damage_healed":0,"gold_gain":0,"player_choice":"Ignored","damage_taken":0,"max_hp_gain":0,"max_hp_loss":0,"event_name":"Ghosts","floor":20,"gold_loss":0}],"is_beta":false,"boss_relics":[{"not_picked":["Runic Cube","Sozu"],"picked":"Fusion Hammer"}],"items_purged_floors":[19],"is_endless":false,"potions_floor_spawned":[1,16,18,21],"killed_by":"Cultist and Chosen","ascension_level":20}