{"gold_per_floor":[115,3,3,3,22,54,54,83,83,102,102,22,40,107,107,206,206,217,217,234,234,245,245,265,278,278,238,238],"floor_reached":28,"playtime":1772,"items_purged":["Defend_B","Strike_B"],"score":228,"play_id":"82651ccd-5344-4a7d-a2a6-b96bf8618e91","local_time":"20190811164102","is_ascension_mode":false,"campfire_choices":[{"floor":7,"key":"REST"},{"floor":11,"key":"REST"},{"floor":15,"key":"REST"},{"floor":23,"key":"REST"}],"neow_cost":"NONE","seed_source_timestamp":1030056701376969,"circlet_count":0,"master_deck":["Strike_B","Strike_B","Defend_B","Defend_B","Defend_B","Zap","Dualcast","Coolheaded+1","Defragment+1","Zap","Force Field","Ball Lightning+1","All For One","Barrage+1","Force Field","All For One","Ball Lightning","Defragment+1","Gash","Meteor Strike","Blizzard"],"relics":["Cracked Core","The Courier","Bottled Tornado","Matryoshka","Fusion Hammer","Bronze Scales","Regal Pillow"],"potions_floor_usage":[16],"damage_taken":[{"damage":6,"enemies":"Jaw Worm","floor":1,"turns":3},{"damage":2,"enemies":"Cultist","floor":5,"turns":3},{"damage":19,"enemies":"3 Sentries","floor":6,"turns":7},{"damage":34,"enemies":"Gremlin Nob","floor":8,"turns":4},{"damage":3,"enemies":"2 Louse","floor":10,"turns":3},{"damage":12,"enemies":"Gremlin Gang","floor":13,"turns":4},{"damage":33,"enemies":"Slime Boss","floor":16,"turns":9},{"damage":6,"enemies":"Chosen","floor":18,"turns":5},{"damage":26,"enemies":"2 Thieves","floor":20,"turns":3},{"damage":25,"enemies":"Cultist and Chosen","floor":22,"turns":6},{"damage":20,"enemies":"Sentry and Sphere","floor":24,"turns":4},{"damage":30,"enemies":"Centurion and Healer","floor":25,"turns":6},{"damage":15,"enemies":"Snake Plant","floor":28,"turns":2}],"seed_played":"-4942754958646137843","potions_obtained":[{"floor":6,"key":"Explosive Potion"},{"floor":8,"key":"Energy Potion"},{"floor":10,"key":"GamblersBrew"},{"floor":20,"key":"FearPotion"}],"is_trial":false,"path_per_floor":["M","$","?","?","M","E","R","E","T","M","R","$","M","?","R","B",null,"M","?","M","?","M","R","M","M","T","?","M"],"character_chosen":"DEFECT","items_purchased":["Defragment"],"campfire_rested":4,"item_purchase_floors":[2],"current_hp_per_floor":[69,69,54,54,52,33,55,21,21,18,40,40,28,28,50,17,75,69,69,43,68,43,65,45,15,15,15,0],"gold":238,"neow_bonus":"REMOVE_CARD","is_prod":false,"is_daily":false,"chose_seed":false,"campfire_upgraded":0,"win_rate":0,"timestamp":1565559662,"path_taken":["M","$","?","?","M","E","R","E","T","?","R","?","M","?","R","BOSS","M","?","?","?","M","R","M","M","T","?","M"],"build_version":"2019-07-17","purchased_purges":2,"victory":false,"max_hp_per_floor":[75,75,75,75,75,75,75,75,75,75,75,75,75,75,75,75,75,75,75,75,75,75,75,75,75,75,75,75],"card_choices":[{"not_picked":["Double Energy","Stack"],"picked":"Coolheaded","floor":1},{"not_picked":["Coolheaded","Sunder"],"picked":"Force Field","floor":5},{"not_picked":["Scrape","Steam"],"picked":"Ball Lightning","floor":6},{"not_picked":["Steam Power","Redo"],"picked":"All For One","floor":8},{"not_picked":["Ball Lightning","Turbo"],"picked":"Barrage","floor":10},{"not_picked":["Go for the Eyes","Reboot"],"picked":"Force Field","floor":13},{"not_picked":["Core Surge","Amplify"],"picked":"All For One","floor":16},{"not_picked":["Conserve Battery","Beam Cell"],"picked":"Ball Lightning","floor":18},{"not_picked":["Reprogram","Barrage"],"picked":"Defragment+1","floor":20},{"not_picked":["Ball Lightning","Coolheaded"],"picked":"Gash","floor":22},{"not_picked":["Beam Cell","Aggregate"],"picked":"Meteor Strike","floor":24},{"not_picked":["Static Discharge","Streamline"],"picked":"Blizzard","floor":25}],"player_experience":128665,"relics_obtained":[{"floor":6,"key":"The Courier"},{"floor":8,"key":"Bottled Tornado"},{"floor":9,"key":"Matryoshka"},{"floor":26,"key":"Bronze Scales"},{"floor":26,"key":"Regal Pillow"}],"event_choices":[{"damage_healed":0,"gold_gain":0,"player_choice":"Entered Light","damage_taken":15,"max_hp_gain":0,"max_hp_loss":0,"event_name":"Shining Light","floor":3,"gold_loss":0,"cards_upgraded":["Coolheaded","Defragment"]},{"damage_healed":0,"gold_gain":0,"player_choice":"1 cards matched","damage_taken":0,"max_hp_gain":0,"max_hp_loss":0,"event_name":"Match and Keep!","floor":4,"gold_loss":0,"cards_obtained":["Zap"]},{"damage_healed":0,"gold_gain":67,"player_choice":"Gained Gold","damage_taken":0,"max_hp_gain":0,"max_hp_loss":0,"event_name":"Golden Wing","floor":14,"gold_loss":0},{"damage_healed":0,"gold_gain":0,"player_choice":"Forge","damage_taken":0,"max_hp_gain":0,"max_hp_loss":0,"event_name":"Accursed Blacksmith","floor":19,"gold_loss":0,"cards_upgraded":["Ball Lightning"]},{"damage_healed":25,"gold_gain":0,"player_choice":"Heal","damage_taken":0,"max_hp_gain":0,"max_hp_loss":0,"event_name":"The Library","floor":21,"gold_loss":0},{"damage_healed":0,"gold_gain":0,"player_choice":"Upgrade","damage_taken":0,"max_hp_gain":0,"max_hp_loss":0,"event_name":"Designer","floor":27,"gold_loss":40,"cards_upgraded":["Barrage"]}],"is_beta":false,"boss_relics":[{"not_picked":["Astrolabe","Tiny House"],"picked":"Fusion Hammer"}],"items_purged_floors":[2,12],"is_endless":false,"potions_floor_spawned":[6,8,10,20,22],"killed_by":"Snake Plant","ascension_level":0}