{"gold_per_floor":[111,122,52,2,17,17,17,35,61,61,11,111,125,125,125,224,224,238,238,53,63,73,73],"floor_reached":23,"playtime":919,"items_purged":[],"score":226,"play_id":"753628f4-fae2-456e-ac19-972f7cbdccf8","local_time":"20190107064313","is_ascension_mode":true,"campfire_choices":[{"data":"Zap","floor":6,"key":"SMITH"},{"data":"Hologram","floor":15,"key":"SMITH"}],"neow_cost":"NONE","seed_source_timestamp":915704474792883,"circlet_count":0,"master_deck":["Strike_B","Strike_B","Defend_B","Defend_B","Defend_B","Defend_B","Zap+1","Dualcast+1","Ball Lightning","Cold Snap","Undo","Capacitor","Beam Cell","Coolheaded","Hologram+1","Parasite","Electrodynamics","Static Discharge","Self Repair","Apotheosis","Coolheaded","Skim+1"],"relics":["FrozenCore","Ancient Tea Set"],"potions_floor_usage":[16,21],"damage_taken":[{"damage":0,"enemies":"2 Louse","floor":1,"turns":1},{"damage":2,"enemies":"Jaw Worm","floor":2,"turns":3},{"damage":7,"enemies":"Small Slimes","floor":5,"turns":3},{"damage":0,"enemies":"2 Fungi Beasts","floor":8,"turns":3},{"damage":13,"enemies":"Exordium Thugs","floor":13,"turns":5},{"damage":27,"enemies":"Slime Boss","floor":16,"turns":9},{"damage":0,"enemies":"Shell Parasite","floor":18,"turns":8},{"damage":22,"enemies":"3 Byrds","floor":21,"turns":6},{"damage":27,"enemies":"Snake Plant","floor":22,"turns":6},{"damage":39,"enemies":"Gremlin Leader","floor":23,"turns":4}],"seed_played":"2227478907008055584","potions_obtained":[{"floor":2,"key":"Fire Potion"},{"floor":16,"key":"GamblersBrew"},{"floor":18,"key":"GamblersBrew"}],"is_trial":false,"path_per_floor":["M","M","$","?","M","R","?","M","T","?","$","?","M","?","R","B",null,"M","?","$","M","M","E"],"character_chosen":"DEFECT","items_purchased":["Capacitor","Coolheaded","Apotheosis"],"campfire_rested":0,"item_purchase_floors":[3,11,20],"current_hp_per_floor":[75,73,73,73,66,66,66,66,66,59,59,59,46,64,64,37,66,66,66,66,51,34,0],"gold":73,"neow_bonus":"THREE_CARDS","is_prod":false,"is_daily":false,"chose_seed":false,"campfire_upgraded":2,"win_rate":0,"timestamp":1546864993,"path_taken":["M","M","$","?","M","R","?","M","T","?","$","?","?","?","R","BOSS","M","?","$","M","M","E"],"build_version":"2019-01-03v4","purchased_purges":0,"victory":false,"max_hp_per_floor":[75,75,75,75,75,75,75,75,75,75,75,75,75,75,75,75,75,75,75,75,75,75,75],"card_choices":[{"not_picked":["Go for the Eyes","Steam"],"picked":"Ball Lightning","floor":0},{"not_picked":["Beam Cell","BootSequence"],"picked":"Cold Snap","floor":1},{"not_picked":["Genetic Algorithm","Chaos"],"picked":"Undo","floor":2},{"not_picked":["Genetic Algorithm","Stack","Storm"],"picked":"SKIP","floor":5},{"not_picked":["Barrage","Sunder"],"picked":"Beam Cell","floor":8},{"not_picked":["Beam Cell","Sweeping Beam"],"picked":"Hologram","floor":13},{"not_picked":["Fission","All For One"],"picked":"Electrodynamics","floor":16},{"not_picked":["Redo","Darkness"],"picked":"Static Discharge","floor":18},{"not_picked":["Gash","Doom and Gloom"],"picked":"Coolheaded","floor":21},{"not_picked":["Conserve Battery","Turbo"],"picked":"Skim+1","floor":22}],"player_experience":122923,"relics_obtained":[{"floor":9,"key":"Ancient Tea Set"}],"event_choices":[{"cards_removed":["Strike_B"],"damage_healed":0,"gold_gain":0,"player_choice":"Card Removal","damage_taken":0,"max_hp_gain":0,"max_hp_loss":0,"event_name":"The Cleric","floor":4,"gold_loss":50},{"damage_healed":0,"gold_gain":0,"player_choice":"Grow","damage_taken":0,"max_hp_gain":0,"max_hp_loss":0,"event_name":"Living Wall","floor":7,"gold_loss":0,"cards_upgraded":["Dualcast"]},{"cards_removed":["Strike_B"],"damage_healed":0,"gold_gain":0,"player_choice":"Card Removal","damage_taken":7,"max_hp_gain":0,"max_hp_loss":0,"event_name":"Golden Wing","floor":10,"gold_loss":0},{"damage_healed":0,"gold_gain":100,"player_choice":"Pray","damage_taken":0,"max_hp_gain":0,"max_hp_loss":0,"event_name":"Golden Shrine","floor":12,"gold_loss":0},{"damage_healed":18,"gold_gain":0,"player_choice":"Healed and dodged fight","damage_taken":0,"max_hp_gain":0,"max_hp_loss":0,"event_name":"Mushrooms","floor":14,"gold_loss":0,"cards_obtained":["Parasite"]},{"damage_healed":0,"gold_gain":0,"player_choice":"Read","damage_taken":0,"max_hp_gain":0,"max_hp_loss":0,"event_name":"The Library","floor":19,"gold_loss":0,"cards_obtained":["Self Repair"]}],"is_beta":false,"boss_relics":[{"not_picked":["Lizard Tail","White Beast Statue"],"picked":"FrozenCore"}],"items_purged_floors":[],"is_endless":false,"potions_floor_spawned":[2,16,18],"killed_by":"Gremlin Leader","ascension_level":5}