{"gold_per_floor":[113,127,127,127,144,144,160,188,188,208,83,99,99,118,118,118],"floor_reached":16,"playtime":507,"items_purged":["Strike_R"],"score":187,"play_id":"50435420-5020-45dd-a926-bbc86d012084","local_time":"20181220145758","is_ascension_mode":true,"campfire_choices":[{"data":"Spot Weakness","floor":6,"key":"SMITH"},{"data":"Pummel","floor":13,"key":"SMITH"},{"data":"Flex","floor":15,"key":"SMITH"}],"neow_cost":"NONE","seed_source_timestamp":458857233596900,"circlet_count":0,"master_deck":["AscendersBane","Strike_R","Strike_R","Strike_R","Defend_R","Defend_R","Defend_R","Defend_R","Bash","Spot Weakness+1","True Grit+1","Pummel+1","Flame Barrier","Twin Strike","Flex+1"],"relics":["Burning Blood","Bronze Scales","Orichalcum"],"potions_floor_usage":[16],"damage_taken":[{"damage":0,"enemies":"Small Slimes","floor":1,"turns":3},{"damage":6,"enemies":"Cultist","floor":2,"turns":3},{"damage":14,"enemies":"Jaw Worm","floor":5,"turns":4},{"damage":7,"enemies":"2 Fungi Beasts","floor":7,"turns":4},{"damage":29,"enemies":"Gremlin Nob","floor":8,"turns":5},{"damage":0,"enemies":"Gremlin Gang","floor":10,"turns":6},{"damage":2,"enemies":"Exordium Thugs","floor":12,"turns":3},{"damage":12,"enemies":"Large Slime","floor":14,"turns":5},{"damage":66,"enemies":"Slime Boss","floor":16,"turns":9}],"seed_played":"-5578249613819394232","potions_obtained":[{"floor":1,"key":"BloodPotion"},{"floor":10,"key":"BloodPotion"},{"floor":12,"key":"SteroidPotion"}],"is_trial":false,"path_per_floor":["M","M","?","?","M","R","M","E","T","M","$","M","R","M","R","B"],"character_chosen":"IRONCLAD","items_purchased":["Flex"],"campfire_rested":0,"item_purchase_floors":[11],"current_hp_per_floor":[81,81,81,81,73,73,72,49,49,55,55,59,59,53,53,0],"gold":118,"neow_bonus":"TEN_PERCENT_HP_BONUS","is_prod":false,"is_daily":false,"chose_seed":false,"campfire_upgraded":3,"win_rate":0,"timestamp":1545346678,"path_taken":["M","M","?","?","M","R","M","E","T","M","$","?","R","M","R","BOSS"],"build_version":"2018-12-13","purchased_purges":1,"victory":false,"max_hp_per_floor":[82,82,82,82,82,82,82,82,82,82,82,82,82,82,82,82],"card_choices":[{"not_picked":["Carnage","True Grit"],"picked":"Spot Weakness","floor":1},{"not_picked":["Wild Strike","Sword Boomerang"],"picked":"True Grit","floor":2},{"not_picked":["Cleave","Havoc","Perfected Strike"],"picked":"SKIP","floor":5},{"not_picked":["Hemokinesis","Twin Strike"],"picked":"Flame Barrier","floor":7},{"not_picked":["Body Slam","Perfected Strike","Rupture"],"picked":"SKIP","floor":8},{"not_picked":["Warcry","Dropkick"],"picked":"Twin Strike","floor":10},{"not_picked":["Pommel Strike","Berserk","Wild Strike"],"picked":"SKIP","floor":12},{"not_picked":["Pommel Strike","Body Slam","Dropkick"],"picked":"SKIP","floor":14}],"player_experience":161952,"relics_obtained":[{"floor":8,"key":"Bronze Scales"},{"floor":9,"key":"Orichalcum"}],"event_choices":[{"damage_healed":0,"gold_gain":0,"player_choice":"Grow","damage_taken":0,"max_hp_gain":0,"max_hp_loss":0,"event_name":"Living Wall","floor":3,"gold_loss":0,"cards_upgraded":["True Grit"]},{"damage_healed":0,"gold_gain":0,"cards_transformed":["Strike_R"],"player_choice":"Transformed","damage_taken":0,"max_hp_gain":0,"max_hp_loss":0,"event_name":"Transmorgrifier","floor":4,"gold_loss":0,"cards_obtained":["Pummel"]}],"is_beta":false,"boss_relics":[],"items_purged_floors":[11],"is_endless":false,"potions_floor_spawned":[1,10,12],"killed_by":"Slime Boss","ascension_level":16}