{"gold_per_floor":[117,267,152,167,167,167,197,216,216,216,250,260,42,42,42,42],"floor_reached":16,"playtime":584,"items_purged":["Doubt"],"score":216,"play_id":"2c8ccab5-5d6a-4f0a-8f27-4315b189b7e4","local_time":"20190626205900","is_ascension_mode":true,"campfire_choices":[{"data":"Inflame","floor":6,"key":"SMITH"},{"data":"Pommel Strike","floor":10,"key":"SMITH"},{"floor":15,"key":"REST"}],"neow_cost":"TEN_PERCENT_HP_LOSS","seed_source_timestamp":35991752641000,"circlet_count":0,"master_deck":["AscendersBane","Strike_R","Strike_R","Strike_R","Strike_R","Defend_R","Defend_R","Defend_R","Defend_R","Bash","Pommel Strike+1","Disarm","Inflame+1","Heavy Blade","Headbutt","Feel No Pain","Iron Wave","True Grit","Cleave+1"],"relics":["Burning Blood","Prayer Wheel","Paper Frog","Molten Egg 2","Question Card","Medical Kit"],"potions_floor_usage":[12,16,16],"damage_taken":[{"damage":7,"enemies":"Cultist","floor":1,"turns":4},{"damage":3,"enemies":"2 Louse","floor":4,"turns":3},{"damage":35,"enemies":"3 Sentries","floor":7,"turns":8},{"damage":10,"enemies":"Jaw Worm","floor":8,"turns":3},{"damage":26,"enemies":"Lagavulin","floor":11,"turns":6},{"damage":25,"enemies":"Lots of Slimes","floor":12,"turns":6},{"damage":35,"enemies":"Slime Boss","floor":16,"turns":7}],"seed_played":"3675212672605804956","potions_obtained":[{"floor":1,"key":"GamblersBrew"},{"floor":4,"key":"Regen Potion"},{"floor":11,"key":"PowerPotion"},{"floor":12,"key":"EssenceOfSteel"}],"is_trial":false,"path_per_floor":["M","?","$","M","?","R","E","M","T","R","E","M","$","$","R","B"],"character_chosen":"IRONCLAD","items_purchased":["Inflame","Medical Kit"],"campfire_rested":1,"item_purchase_floors":[3,13],"current_hp_per_floor":[67,67,67,68,68,68,39,35,35,35,15,11,11,11,31,0],"gold":42,"neow_bonus":"ONE_RARE_RELIC","is_prod":false,"is_daily":false,"chose_seed":false,"campfire_upgraded":2,"win_rate":0,"timestamp":1561607940,"path_taken":["M","?","$","M","?","R","E","M","T","R","E","?","?","$","R","BOSS"],"build_version":"2019-01-23","purchased_purges":1,"victory":false,"max_hp_per_floor":[68,68,68,68,68,68,68,68,68,68,68,68,68,68,68,68],"card_choices":[{"not_picked":["Heavy Blade","Pummel"],"picked":"Pommel Strike","floor":1},{"not_picked":["Headbutt","Shrug It Off"],"picked":"Disarm","floor":1},{"not_picked":["Dual Wield","Thunderclap"],"picked":"Heavy Blade","floor":4},{"not_picked":["Searing Blow","Uppercut"],"picked":"Headbutt","floor":4},{"not_picked":["Hemokinesis","Warcry","Second Wind"],"picked":"SKIP","floor":7},{"not_picked":["Shrug It Off","Cleave"],"picked":"Feel No Pain","floor":8},{"not_picked":["Flex","Searing Blow"],"picked":"Iron Wave","floor":8},{"not_picked":["Exhume","Rage"],"picked":"True Grit","floor":11},{"not_picked":["Sever Soul+1","Thunderclap+1","True Grit"],"picked":"Cleave+1","floor":12},{"not_picked":["Bloodletting","Flex","Warcry","Intimidate"],"picked":"SKIP","floor":12}],"player_experience":640489,"relics_obtained":[{"floor":7,"key":"Paper Frog"},{"floor":9,"key":"Molten Egg 2"},{"floor":11,"key":"Question Card"}],"event_choices":[{"damage_healed":0,"gold_gain":150,"player_choice":"AGREE","damage_taken":0,"max_hp_gain":0,"max_hp_loss":0,"event_name":"Liars Game","floor":2,"gold_loss":0,"cards_obtained":["Doubt"]},{"cards_removed":["Strike_R"],"damage_healed":0,"gold_gain":0,"player_choice":"Offered Basic","damage_taken":0,"max_hp_gain":0,"max_hp_loss":0,"event_name":"Bonfire Elementals","floor":5,"gold_loss":0}],"is_beta":false,"boss_relics":[],"items_purged_floors":[3],"is_endless":false,"potions_floor_spawned":[1,4,11,12],"killed_by":"Slime Boss","ascension_level":20}