{"gold_per_floor":[116,41,41,52,227,227,257,332,405,405,419,432,432,446,446,551,551,568,30,50,62,62,62,62,62],"floor_reached":25,"playtime":1717,"items_purged":["Strike_R","Doubt"],"score":201,"play_id":"0ec0fc7a-8020-444b-9a5b-2d4522f37c0f","local_time":"20190811211432","is_ascension_mode":true,"campfire_choices":[{"floor":6,"key":"REST"},{"data":"Flame Barrier","floor":10,"key":"SMITH"},{"data":"True Grit","floor":13,"key":"SMITH"},{"data":"Body Slam","floor":15,"key":"SMITH"},{"floor":23,"key":"REST"}],"neow_cost":"PERCENT_DAMAGE","seed_source_timestamp":1046520107600969,"circlet_count":0,"master_deck":["Strike_R+1","Strike_R+1","Strike_R+1","Strike_R+1","Defend_R+1","Defend_R+1","Defend_R+1","Bash","Rampage","Flame Barrier+1","Twin Strike","True Grit+1","Body Slam+1","Barricade","Power Through","Metallicize+1","Ghostly Armor+1"],"relics":["Burning Blood","WingedGreaves","Blood Vial","Mummified Hand","Runic Pyramid","Pantograph","Toolbox"],"potions_floor_usage":[],"damage_taken":[{"damage":3,"enemies":"Jaw Worm","floor":1,"turns":5},{"damage":7,"enemies":"Small Slimes","floor":4,"turns":4},{"damage":5,"enemies":"2 Louse","floor":11,"turns":3},{"damage":12,"enemies":"Exordium Wildlife","floor":12,"turns":4},{"damage":8,"enemies":"2 Fungi Beasts","floor":14,"turns":4},{"damage":52,"enemies":"Hexaghost","floor":16,"turns":12},{"damage":30,"enemies":"3 Byrds","floor":18,"turns":6},{"damage":0,"enemies":"Shell Parasite","floor":20,"turns":6},{"damage":0,"enemies":"Snecko","floor":21,"turns":7},{"damage":98,"enemies":"Gremlin Leader","floor":25,"turns":8}],"seed_played":"2883873247425808475","potions_obtained":[{"floor":1,"key":"SpeedPotion"},{"floor":4,"key":"Regen Potion"},{"floor":18,"key":"Poison Potion"}],"is_trial":false,"path_per_floor":["M","$","?","M","?","R","?","?","T","R","M","M","R","M","R","B",null,"M","$","M","M","?","R","?","E"],"character_chosen":"IRONCLAD","items_purchased":["Pantograph","Toolbox"],"campfire_rested":2,"item_purchase_floors":[19,19],"current_hp_per_floor":[59,59,52,51,51,75,75,64,64,64,67,63,63,63,63,19,80,56,56,64,72,57,82,82,0],"gold":62,"neow_bonus":"ONE_RARE_RELIC","is_prod":false,"is_daily":false,"chose_seed":false,"campfire_upgraded":3,"win_rate":0,"timestamp":1565576072,"path_taken":["M","$","?","M","?","R","?","?","T","R","?","M","R","M","R","BOSS","M","$","M","M","?","R","?","E"],"build_version":"2019-07-17","purchased_purges":2,"victory":false,"max_hp_per_floor":[80,80,80,80,80,80,80,80,80,80,80,80,80,80,80,80,80,80,80,80,80,85,85,85,85],"card_choices":[{"not_picked":["Anger","Sever Soul"],"picked":"Rampage","floor":1},{"not_picked":["Perfected Strike","Pommel Strike"],"picked":"Flame Barrier","floor":4},{"not_picked":["Headbutt","Cleave"],"picked":"Twin Strike","floor":11},{"not_picked":["Hemokinesis","Headbutt"],"picked":"True Grit","floor":12},{"not_picked":["Wild Strike","Heavy Blade"],"picked":"Body Slam","floor":14},{"not_picked":["Impervious","Feed"],"picked":"Barricade","floor":16},{"not_picked":["Hemokinesis","Clash"],"picked":"Power Through","floor":18},{"not_picked":["Heavy Blade+1","Pommel Strike+1"],"picked":"Metallicize+1","floor":20},{"not_picked":["Body Slam","Reckless Charge"],"picked":"Ghostly Armor+1","floor":21}],"player_experience":141378,"relics_obtained":[{"floor":9,"key":"Mummified Hand"}],"event_choices":[{"cards_removed":["Defend_R"],"damage_healed":0,"gold_gain":0,"player_choice":"Card Removal","damage_taken":7,"max_hp_gain":0,"max_hp_loss":0,"event_name":"Golden Wing","floor":3,"gold_loss":0},{"damage_healed":0,"gold_gain":175,"player_choice":"AGREE","damage_taken":0,"max_hp_gain":0,"max_hp_loss":0,"event_name":"Liars Game","floor":5,"gold_loss":0,"cards_obtained":["Doubt"]},{"damage_healed":0,"gold_gain":30,"player_choice":"Searched \u00272\u0027 times","damage_taken":0,"relics_obtained":["Blood Vial"],"max_hp_gain":0,"max_hp_loss":0,"event_name":"Dead Adventurer","floor":7,"gold_loss":0},{"damage_healed":0,"gold_gain":75,"player_choice":"Gather Gold","damage_taken":11,"max_hp_gain":0,"max_hp_loss":0,"event_name":"World of Goop","floor":8,"gold_loss":0},{"damage_healed":0,"gold_gain":0,"player_choice":"Shed Blood","damage_taken":20,"max_hp_gain":5,"max_hp_loss":0,"event_name":"Forgotten Altar","floor":22,"gold_loss":0},{"damage_healed":0,"gold_gain":0,"player_choice":"Simplicity","damage_taken":0,"max_hp_gain":0,"max_hp_loss":0,"event_name":"Back to Basics","floor":24,"gold_loss":0,"cards_upgraded":["Strike_R","Strike_R","Strike_R","Strike_R","Defend_R","Defend_R","Defend_R"]}],"is_beta":false,"boss_relics":[{"not_picked":["Black Blood","Black Star"],"picked":"Runic Pyramid"}],"items_purged_floors":[2,19],"is_endless":false,"potions_floor_spawned":[1,4,18],"killed_by":"Gremlin Leader","ascension_level":1}