{"gold_per_floor":[109,34,44,60,70,70,96,108,108,122,132,149,164,180,180,180],"floor_reached":16,"playtime":677,"items_purged":["Parasite"],"score":165,"play_id":"914b38fe-da37-4f2a-902c-343cf596c2f7","local_time":"20181214153158","is_ascension_mode":true,"campfire_choices":[{"data":"Defend_R","floor":6,"key":"PURGE"},{"floor":15,"key":"REST"}],"neow_cost":"CURSE","seed_source_timestamp":91517468208600,"circlet_count":0,"master_deck":["AscendersBane","Strike_R","Strike_R","Strike_R","Strike_R","Strike_R","Defend_R","Defend_R","Defend_R","Bash","Clash","Shrug It Off","Flame Barrier","Rampage","Uppercut"],"relics":["Burning Blood","Peace Pipe","Shovel","Mummified Hand"],"potions_floor_usage":[16,16],"damage_taken":[{"damage":6,"enemies":"Cultist","floor":1,"turns":3},{"damage":4,"enemies":"2 Louse","floor":3,"turns":3},{"damage":0,"enemies":"Small Slimes","floor":4,"turns":3},{"damage":12,"enemies":"Looter","floor":5,"turns":3},{"damage":49,"enemies":"Gremlin Nob","floor":7,"turns":6},{"damage":11,"enemies":"Large Slime","floor":8,"turns":7},{"damage":6,"enemies":"Exordium Wildlife","floor":10,"turns":4},{"damage":4,"enemies":"Blue Slaver","floor":11,"turns":5},{"damage":10,"enemies":"2 Fungi Beasts","floor":12,"turns":5},{"damage":2,"enemies":"3 Louse","floor":13,"turns":4},{"damage":3,"enemies":"Looter","floor":14,"turns":4},{"damage":52,"enemies":"Hexaghost","floor":16,"turns":13}],"seed_played":"-4832126654613079883","potions_obtained":[{"floor":4,"key":"SpeedPotion"},{"floor":8,"key":"Fire Potion"},{"floor":12,"key":"Block Potion"},{"floor":13,"key":"Block Potion"}],"is_trial":false,"path_per_floor":["M","$","M","M","M","R","E","M","T","M","M","M","M","M","R","B"],"character_chosen":"IRONCLAD","items_purchased":[],"campfire_rested":1,"item_purchase_floors":[],"current_hp_per_floor":[72,72,74,77,71,71,28,23,23,23,25,21,25,28,51,0],"gold":180,"neow_bonus":"ONE_RARE_RELIC","is_prod":false,"is_daily":false,"chose_seed":false,"campfire_upgraded":0,"win_rate":0,"timestamp":1544830318,"path_taken":["M","$","M","M","M","R","E","?","T","M","M","M","M","M","R","BOSS"],"build_version":"2018-12-13","purchased_purges":1,"victory":false,"max_hp_per_floor":[80,77,77,77,77,77,77,77,77,77,77,77,77,77,77,77],"card_choices":[{"not_picked":["Carnage","Anger"],"picked":"Clash","floor":1},{"not_picked":["Dual Wield","Clash","Sword Boomerang"],"picked":"SKIP","floor":3},{"not_picked":["Dual Wield","Rupture"],"picked":"Shrug It Off","floor":4},{"not_picked":["Pummel","Wild Strike"],"picked":"Flame Barrier","floor":5},{"not_picked":["Warcry","True Grit"],"picked":"Rampage","floor":7},{"not_picked":["Combust","Havoc","Rupture"],"picked":"SKIP","floor":8},{"not_picked":["Sword Boomerang","Metallicize","Fiend Fire"],"picked":"SKIP","floor":10},{"not_picked":["Pommel Strike","Wild Strike"],"picked":"Uppercut","floor":11},{"not_picked":["Warcry","Anger","Perfected Strike"],"picked":"SKIP","floor":12},{"not_picked":["Rupture","Infernal Blade","Body Slam"],"picked":"SKIP","floor":13},{"not_picked":["Twin Strike","Anger","Combust"],"picked":"SKIP","floor":14}],"player_experience":102509,"relics_obtained":[{"floor":7,"key":"Shovel"},{"floor":9,"key":"Mummified Hand"}],"event_choices":[],"is_beta":false,"boss_relics":[],"items_purged_floors":[2],"is_endless":false,"potions_floor_spawned":[4,8,12,13],"killed_by":"Hexaghost","ascension_level":10}