{"gold_per_floor":[111,61,75,93,2,2,63,63,87,87,97,130,130,156,156,254,254,239,67,67,82,82,82,94,94,164,164,164,164,199,213,213,317,317,330,101,150,150,25,25,0,0,0,14,26,26,38,56,56,56],"floor_reached":51,"playtime":3249,"items_purged":["Strike_B","Strike_B","Defend_B"],"score":756,"play_id":"b6776e62-9fbb-4631-8f82-9c123bfb0216","local_time":"20190101012910","is_ascension_mode":true,"campfire_choices":[{"data":"Self Repair","floor":6,"key":"SMITH"},{"data":"Zap","floor":8,"key":"SMITH"},{"data":"Blizzard","floor":10,"key":"SMITH"},{"data":"Hologram","floor":13,"key":"SMITH"},{"data":"Capacitor","floor":15,"key":"SMITH"},{"data":"Consume","floor":23,"key":"SMITH"},{"data":"Glacier","floor":25,"key":"SMITH"},{"data":"Madness","floor":27,"key":"SMITH"},{"data":"Cold Snap","floor":29,"key":"SMITH"},{"data":"Dualcast","floor":32,"key":"SMITH"},{"data":"Buffer","floor":40,"key":"SMITH"},{"data":"Leap","floor":42,"key":"SMITH"},{"data":"Glacier","floor":46,"key":"SMITH"},{"data":"Undo","floor":49,"key":"SMITH"}],"neow_cost":"NONE","seed_source_timestamp":376151537877957,"circlet_count":0,"master_deck":["Defend_B","Defend_B","Defend_B","Zap+1","Dualcast+1","Glacier+1","Capacitor+1","Blizzard+1","Cold Snap+1","Self Repair+1","Undo+1","Leap+1","Hologram+1","Consume+1","Core Surge","Steam+1","Madness+1","Redo+1","Glacier+1","Barrage+1","Buffer+1","Glacier+1","Defragment+1","Skim+1"],"relics":["Cracked Core","Calipers","Centennial Puzzle","Dream Catcher","Symbiotic Virus","Nuclear Battery","Enchiridion","MutagenicStrength","Matryoshka","Anchor","Busted Crown","Turnip","Red Mask","Bronze Scales","Omamori"],"potions_floor_usage":[7,12,14,16,37,37,37,47,47],"damage_taken":[{"damage":7,"enemies":"Small Slimes","floor":1,"turns":3},{"damage":0,"enemies":"Jaw Worm","floor":3,"turns":4},{"damage":0,"enemies":"2 Louse","floor":4,"turns":3},{"damage":14,"enemies":"Lagavulin Event","floor":7,"turns":9},{"damage":2,"enemies":"Blue Slaver","floor":11,"turns":4},{"damage":10,"enemies":"3 Sentries","floor":12,"turns":13},{"damage":24,"enemies":"Gremlin Nob","floor":14,"turns":4},{"damage":17,"enemies":"The Guardian","floor":16,"turns":12},{"damage":7,"enemies":"2 Thieves","floor":18,"turns":4},{"damage":0,"enemies":"Chosen","floor":21,"turns":7},{"damage":0,"enemies":"Snake Plant","floor":24,"turns":6},{"damage":0,"enemies":"Book of Stabbing","floor":30,"turns":5},{"damage":2,"enemies":"Sentry and Sphere","floor":31,"turns":4},{"damage":31,"enemies":"Collector","floor":33,"turns":18},{"damage":0,"enemies":"Orb Walker","floor":35,"turns":8},{"damage":68,"enemies":"2 Orb Walkers","floor":37,"turns":8},{"damage":0,"enemies":"3 Shapes","floor":44,"turns":4},{"damage":0,"enemies":"Sphere and 2 Shapes","floor":45,"turns":6},{"damage":0,"enemies":"Transient","floor":47,"turns":5},{"damage":0,"enemies":"Maw","floor":48,"turns":10},{"damage":0,"enemies":"Donu and Deca","floor":50,"turns":14}],"seed_played":"1843107916403380767","potions_obtained":[{"floor":4,"key":"Fire Potion"},{"floor":7,"key":"Poison Potion"},{"floor":11,"key":"SkillPotion"},{"floor":12,"key":"EssenceOfSteel"},{"floor":18,"key":"Block Potion"},{"floor":24,"key":"Poison Potion"},{"floor":31,"key":"Explosive Potion"},{"floor":33,"key":"Regen Potion"},{"floor":35,"key":"SkillPotion"},{"floor":44,"key":"EssenceOfSteel"},{"floor":45,"key":"FearPotion"}],"is_trial":false,"path_per_floor":["M","?","M","M","$","R","?","R","T","R","M","E","R","E","R","B",null,"M","$","?","M","?","R","M","R","T","R","?","R","E","M","R","B",null,"M","$","?","?","$","R","?","R","T","M","M","R","M","M","R","B",null],"character_chosen":"DEFECT","items_purchased":["Cold Snap","Self Repair","Madness","Cold Snap","Glacier"],"campfire_rested":0,"item_purchase_floors":[5,5,19,36,36],"current_hp_per_floor":[68,68,68,68,68,68,64,64,64,64,72,72,72,58,58,41,75,68,68,52,62,62,62,72,72,72,72,72,72,75,75,75,54,75,75,75,22,22,22,22,22,22,22,32,42,42,52,62,62,62],"gold":56,"neow_bonus":"REMOVE_CARD","is_prod":false,"is_daily":false,"chose_seed":false,"campfire_upgraded":14,"win_rate":0,"timestamp":1546327750,"path_taken":["M","?","M","M","$","R","?","R","T","R","M","E","R","E","R","BOSS","M","$","?","M","?","R","M","R","T","R","?","R","E","M","R","BOSS","M","$","?","?","?","R","?","R","T","M","M","R","M","M","R","BOSS"],"build_version":"2018-12-20","purchased_purges":3,"victory":true,"max_hp_per_floor":[75,75,75,75,75,75,75,75,75,75,75,75,75,75,75,75,75,75,75,75,75,75,75,75,75,75,75,75,75,75,75,75,75,75,75,75,75,75,75,75,75,75,75,75,75,75,75,75,75,75],"card_choices":[{"not_picked":["Gash","Sunder"],"picked":"Glacier","floor":1},{"not_picked":["Compile Driver","Storm"],"picked":"Capacitor","floor":3},{"not_picked":["Stack","Steam"],"picked":"Blizzard","floor":4},{"not_picked":["Beam Cell","Turbo"],"picked":"Undo","floor":7},{"not_picked":["Recycle","Steam Power"],"picked":"Leap","floor":11},{"not_picked":["Amplify","Go for the Eyes"],"picked":"Hologram","floor":12},{"not_picked":["Reprogram","Machine Learning"],"picked":"Consume","floor":14},{"not_picked":["Reboot","Creative AI"],"picked":"Core Surge","floor":16},{"not_picked":["Beam Cell+1","Lockon"],"picked":"Steam+1","floor":18},{"not_picked":["Darkness","Skim","Turbo"],"picked":"SKIP","floor":21},{"not_picked":["Leap","Barrage"],"picked":"Redo+1","floor":24},{"not_picked":["Rip and Tear","White Noise","Electrodynamics"],"picked":"SKIP","floor":30},{"not_picked":["Barrage+1","Go for the Eyes","Gash"],"picked":"SKIP","floor":31},{"not_picked":["Go for the Eyes","Gash"],"picked":"Barrage+1","floor":31},{"not_picked":["Hyperbeam","Reboot"],"picked":"Buffer","floor":33},{"not_picked":["Stack+1"],"picked":"SKIP","floor":35},{"not_picked":[],"picked":"Defragment+1","floor":37},{"not_picked":["Tempest+1"],"picked":"SKIP","floor":44},{"not_picked":["Heatsinks+1"],"picked":"SKIP","floor":45},{"not_picked":[],"picked":"Skim+1","floor":47},{"not_picked":["Skim"],"picked":"SKIP","floor":48}],"player_experience":78941,"relics_obtained":[{"floor":7,"key":"Calipers"},{"floor":9,"key":"Centennial Puzzle"},{"floor":12,"key":"Dream Catcher"},{"floor":14,"key":"Symbiotic Virus"},{"floor":20,"key":"Enchiridion"},{"floor":26,"key":"Matryoshka"},{"floor":30,"key":"Anchor"},{"floor":37,"key":"Turnip"},{"floor":43,"key":"Bronze Scales"},{"floor":43,"key":"Omamori"}],"event_choices":[{"cards_removed":["Strike_B"],"damage_healed":0,"gold_gain":0,"player_choice":"Card Removal","damage_taken":0,"max_hp_gain":0,"max_hp_loss":0,"event_name":"The Cleric","floor":2,"gold_loss":50},{"damage_healed":0,"gold_gain":30,"player_choice":"Searched \u00272\u0027 times","damage_taken":0,"max_hp_gain":0,"max_hp_loss":0,"event_name":"Dead Adventurer","floor":7,"gold_loss":0},{"damage_healed":0,"gold_gain":0,"player_choice":"Obtained Book","damage_taken":16,"max_hp_gain":0,"max_hp_loss":0,"event_name":"Cursed Tome","floor":20,"gold_loss":0},{"damage_healed":0,"gold_gain":0,"player_choice":"Inject Mutagens","damage_taken":0,"relics_obtained":["MutagenicStrength"],"max_hp_gain":0,"max_hp_loss":0,"event_name":"Drug Dealer","floor":22,"gold_loss":0},{"damage_healed":0,"gold_gain":0,"player_choice":"Copied","damage_taken":0,"max_hp_gain":0,"max_hp_loss":0,"event_name":"Duplicator","floor":28,"gold_loss":0,"cards_obtained":["Glacier"]},{"damage_healed":0,"gold_gain":0,"player_choice":"Fight","damage_taken":0,"max_hp_gain":0,"max_hp_loss":0,"event_name":"Mysterious Sphere","floor":37,"gold_loss":0},{"cards_removed":["Cold Snap"],"damage_healed":0,"gold_gain":0,"player_choice":"Removed Attack","damage_taken":0,"max_hp_gain":0,"max_hp_loss":0,"event_name":"Falling","floor":38,"gold_loss":0},{"damage_healed":0,"gold_gain":0,"player_choice":"Paid","damage_taken":0,"relics_obtained":["Red Mask"],"max_hp_gain":0,"max_hp_loss":0,"event_name":"Tomb of Lord Red Mask","floor":41,"gold_loss":25}],"is_beta":false,"boss_relics":[{"not_picked":["Pandora\u0027s Box","Fusion Hammer"],"picked":"Nuclear Battery"},{"not_picked":["Lizard Tail","Tiny House"],"picked":"Busted Crown"}],"items_purged_floors":[19,36,39],"is_endless":false,"potions_floor_spawned":[4,7,11,12,18,24,31,33,35,44,45],"ascension_level":1}