{"gold_per_floor":[115,135,85,85,33,33,33,33,33,67,87,87,113,143,155,167],"floor_reached":16,"playtime":425,"items_purged":[],"score":178,"play_id":"748f34a5-fc31-4794-beb2-2e65e5576871","local_time":"20181217204639","is_ascension_mode":true,"campfire_choices":[{"floor":6,"key":"REST"},{"data":"Dropkick","floor":8,"key":"SMITH"},{"data":"Bash","floor":12,"key":"SMITH"},{"floor":15,"key":"REST"}],"neow_cost":"PERCENT_DAMAGE","seed_source_timestamp":220670200382500,"circlet_count":0,"master_deck":["AscendersBane","Strike_R","Strike_R","Defend_R","Defend_R","Defend_R","Defend_R","Bash+1","Dropkick+1","Clash","Thunderclap","Headbutt","Corruption"],"relics":["Burning Blood","FossilizedHelix","Dodecahedron","Boot","MawBank"],"potions_floor_usage":[16],"damage_taken":[{"damage":2,"enemies":"Small Slimes","floor":1,"turns":5},{"damage":1,"enemies":"2 Louse","floor":2,"turns":3},{"damage":22,"enemies":"Lagavulin","floor":10,"turns":6},{"damage":0,"enemies":"Jaw Worm","floor":11,"turns":2},{"damage":12,"enemies":"Gremlin Nob","floor":13,"turns":4},{"damage":18,"enemies":"Gremlin Gang","floor":14,"turns":6},{"damage":76,"enemies":"Hexaghost","floor":16,"turns":9}],"seed_played":"7404634718864240205","potions_obtained":[{"floor":1,"key":"SteroidPotion"},{"floor":13,"key":"Poison Potion"}],"is_trial":false,"path_per_floor":["M","M","?","?","$","R","?","R","T","E","M","R","E","M","R","B"],"character_chosen":"IRONCLAD","items_purchased":["Thunderclap"],"campfire_rested":2,"item_purchase_floors":[5],"current_hp_per_floor":[55,60,60,53,53,77,77,77,77,61,67,67,61,49,73,0],"gold":167,"neow_bonus":"ONE_RARE_RELIC","is_prod":false,"is_daily":false,"chose_seed":false,"campfire_upgraded":2,"win_rate":0,"timestamp":1545108399,"path_taken":["M","M","?","?","$","R","?","R","T","E","M","R","E","?","R","BOSS"],"build_version":"2018-12-13","purchased_purges":0,"victory":false,"max_hp_per_floor":[80,80,80,80,80,80,80,80,80,80,80,80,80,80,80,80],"card_choices":[{"not_picked":["Power Through","Thunderclap"],"picked":"Dropkick","floor":1},{"not_picked":["Thunderclap","Hemokinesis"],"picked":"Clash","floor":2},{"not_picked":["True Grit","Cleave"],"picked":"Headbutt","floor":10},{"not_picked":["Cleave","Pommel Strike"],"picked":"Corruption","floor":11},{"not_picked":["Clothesline","Flame Barrier","Burning Pact"],"picked":"SKIP","floor":13},{"not_picked":["Second Wind","Shockwave","Combust"],"picked":"SKIP","floor":14}],"player_experience":127240,"relics_obtained":[{"floor":9,"key":"Dodecahedron"},{"floor":10,"key":"Boot"},{"floor":13,"key":"MawBank"}],"event_choices":[{"cards_removed":["Strike_R"],"damage_healed":0,"gold_gain":0,"player_choice":"Card Removal","damage_taken":0,"max_hp_gain":0,"max_hp_loss":0,"event_name":"The Cleric","floor":3,"gold_loss":50},{"cards_removed":["Strike_R"],"damage_healed":0,"gold_gain":0,"player_choice":"Card Removal","damage_taken":7,"max_hp_gain":0,"max_hp_loss":0,"event_name":"Golden Wing","floor":4,"gold_loss":0},{"cards_removed":["Strike_R"],"damage_healed":0,"gold_gain":0,"player_choice":"Forget","damage_taken":0,"max_hp_gain":0,"max_hp_loss":0,"event_name":"Living Wall","floor":7,"gold_loss":0}],"is_beta":false,"boss_relics":[],"items_purged_floors":[],"is_endless":false,"potions_floor_spawned":[1,13,14],"killed_by":"Hexaghost","ascension_level":13}