{"gold_per_floor":[113,38,38,38,38,38,63,63,63,78,94,94,104,120,120,192,192,209,209,209,40,51,51,80,5,50,50,80,80,96,116,116,116],"floor_reached":33,"playtime":811,"items_purged":["Strike_R"],"score":554,"play_id":"401a23d7-7029-485b-af03-aec174a36e6c","local_time":"20181221232549","is_ascension_mode":true,"campfire_choices":[{"data":"Bash","floor":6.0,"key":"SMITH"},{"data":"Immolate","floor":8.0,"key":"SMITH"},{"data":"Clash","floor":15.0,"key":"SMITH"},{"data":"Bloodletting","floor":23.0,"key":"SMITH"},{"data":"Armaments","floor":27,"key":"SMITH"},{"data":"Shrug It Off","floor":29,"key":"SMITH"},{"floor":32,"key":"REST"}],"neow_cost":"NONE","seed_source_timestamp":28932426161800,"circlet_count":0,"master_deck":["AscendersBane","Strike_R","Strike_R","Strike_R","Defend_R","Defend_R","Bash+1","Immolate+1","Body Slam+1","Ghostly Armor","Shrug It Off","Clash+1","Shrug It Off+1","Offering","Bloodletting+1","Armaments+1"],"special_seed":0,"relics":["Burning Blood","Mercury Hourglass","Blue Candle","Empty Cage","Art of War","Bronze Scales","Lantern","Potion Belt","Smiling Mask"],"potions_floor_usage":[24,24,31,31,33],"damage_taken":[{"damage":0.0,"enemies":"2 Louse","floor":1.0,"turns":2.0},{"damage":35.0,"enemies":"Lagavulin","floor":7.0,"turns":6.0},{"damage":1.0,"enemies":"Cultist","floor":10.0,"turns":3.0},{"damage":0.0,"enemies":"Small Slimes","floor":11.0,"turns":1.0},{"damage":9.0,"enemies":"Exordium Thugs","floor":13.0,"turns":2.0},{"damage":1.0,"enemies":"Red Slaver","floor":14.0,"turns":3.0},{"damage":28.0,"enemies":"Hexaghost","floor":16.0,"turns":9.0},{"damage":12.0,"enemies":"Shell Parasite","floor":18.0,"turns":4.0},{"damage":9.0,"enemies":"Spheric Guardian","floor":22.0,"turns":3.0},{"damage":10,"enemies":"Gremlin Leader","floor":24,"turns":3},{"damage":21,"enemies":"Book of Stabbing","floor":28,"turns":4},{"damage":25,"enemies":"Cultist and Chosen","floor":30,"turns":5},{"damage":14,"enemies":"Snecko","floor":31,"turns":5},{"damage":49,"enemies":"Automaton","floor":33,"turns":6}],"seed_played":"-5917704052453697104","potions_obtained":[{"floor":1.0,"key":"Strength Potion"},{"floor":10.0,"key":"AttackPotion"},{"floor":28,"key":"GamblersBrew"},{"floor":30,"key":"Swift Potion"},{"floor":31,"key":"LiquidBronze"}],"is_trial":false,"path_per_floor":["M","?","$","?","?","R","E","R","T","M","M","?","M","M","R","B",null,"M","?","?","$","M","R","E","$","T","R","E","R","M","M","R","B"],"character_chosen":"IRONCLAD","items_purchased":["Bronze Scales"],"campfire_rested":1,"item_purchase_floors":[21],"current_hp_per_floor":[74,74,74,74,75,75,46,46,46,51,57,62,59,64,64,42,71,65,65,65,65,62,62,58,58,58,58,43,43,24,16,40,0],"gold":116,"neow_bonus":"ONE_RANDOM_RARE_CARD","is_prod":false,"is_daily":false,"chose_seed":false,"campfire_upgraded":6,"win_rate":0,"timestamp":1545463549,"path_taken":["M","?","$","?","?","R","E","R","T","?","?","?","M","M","R","BOSS","M","?","?","$","?","R","E","?","T","R","E","R","M","M","R","BOSS"],"build_version":"2018-12-20","purchased_purges":1,"victory":false,"max_hp_per_floor":[75,75,75,75,75,75,75,75,75,75,75,80,80,80,80,80,80,80,80,80,80,80,80,80,80,80,80,80,80,80,80,80,80],"card_choices":[{"not_picked":["Shockwave","Rupture"],"picked":"Body Slam","floor":1.0},{"not_picked":["Twin Strike","Perfected Strike"],"picked":"Ghostly Armor","floor":7.0},{"not_picked":["Thunderclap","Fire Breathing"],"picked":"Shrug It Off","floor":10.0},{"not_picked":["Dropkick","Cleave"],"picked":"Clash","floor":11.0},{"not_picked":["Clash","Reckless Charge"],"picked":"Shrug It Off","floor":13.0},{"not_picked":["Carnage","Second Wind","Pummel"],"picked":"SKIP","floor":14.0},{"not_picked":["Reaper","Berserk"],"picked":"Offering","floor":16.0},{"not_picked":["Warcry","Headbutt+1"],"picked":"Bloodletting","floor":18.0},{"not_picked":["Twin Strike","Pommel Strike","Infernal Blade"],"picked":"SKIP","floor":22.0},{"not_picked":["Berserk","Warcry+1"],"picked":"Armaments","floor":24},{"not_picked":["Feed","Heavy Blade","Thunderclap"],"picked":"SKIP","floor":28},{"not_picked":["Sword Boomerang+1","Bloodletting","Thunderclap"],"picked":"SKIP","floor":30},{"not_picked":["Pommel Strike","Shockwave","Metallicize"],"picked":"SKIP","floor":31}],"player_experience":165702,"relics_obtained":[{"floor":7.0,"key":"Mercury Hourglass"},{"floor":9.0,"key":"Blue Candle"},{"floor":20.0,"key":"Art of War"},{"floor":24,"key":"Lantern"},{"floor":26,"key":"Potion Belt"},{"floor":28,"key":"Smiling Mask"}],"event_choices":[{"cards_removed":["Strike_R"],"damage_healed":0.0,"max_hp_gain":0.0,"max_hp_loss":0.0,"gold_gain":0.0,"event_name":"The Cleric","player_choice":"Card Removal","floor":2.0,"gold_loss":75.0,"damage_taken":0.0},{"damage_healed":0.0,"max_hp_gain":0.0,"max_hp_loss":0.0,"gold_gain":0.0,"event_name":"Living Wall","player_choice":"Grow","floor":4.0,"gold_loss":0.0,"damage_taken":0.0,"cards_upgraded":["Body Slam"]},{"damage_healed":1.0,"max_hp_gain":0.0,"max_hp_loss":0.0,"gold_gain":0.0,"event_name":"Wheel of Change","player_choice":"Full Heal","floor":5.0,"gold_loss":0.0,"damage_taken":0.0},{"damage_healed":0.0,"max_hp_gain":5.0,"max_hp_loss":0.0,"gold_gain":0.0,"event_name":"Big Fish","player_choice":"Donut","floor":12.0,"gold_loss":0.0,"damage_taken":0.0},{"damage_healed":0.0,"max_hp_gain":0.0,"max_hp_loss":0.0,"gold_gain":0.0,"event_name":"Vampires","player_choice":"Ignored","floor":19.0,"gold_loss":0.0,"damage_taken":0.0},{"damage_healed":0.0,"max_hp_gain":0.0,"max_hp_loss":0.0,"gold_gain":0.0,"event_name":"Wheel of Change","player_choice":"Relic","floor":20.0,"gold_loss":0.0,"damage_taken":0.0}],"is_beta":false,"boss_relics":[{"not_picked":["Ectoplasm","Runic Pyramid"],"picked":"Empty Cage"}],"items_purged_floors":[25],"is_endless":false,"potions_floor_spawned":[1,10,13,28,30,31],"killed_by":"Automaton","ascension_level":16}