{"gold_per_floor":[115,115,115,44,119,159,179,212,259,259],"floor_reached":10,"playtime":153,"items_purged":[],"score":198,"play_id":"51a95633-df88-4a66-85c8-8e829424daad","local_time":"20190808191933","is_ascension_mode":true,"campfire_choices":[],"neow_cost":"NONE","seed_source_timestamp":444615574599400,"circlet_count":0,"master_deck":["AscendersBane","Strike_R","Strike_R","Strike_R","Strike_R","Strike_R","Defend_R","Defend_R","Defend_R","Defend_R","Bash+1","Clothesline","Disarm","Anger+1"],"special_seed":0,"relics":["Burning Blood","NeowsBlessing","Golden Idol","The Courier","Oddly Smooth Stone","Bottled Lightning","Whetstone"],"potions_floor_usage":[10],"damage_taken":[{"damage":0.0,"enemies":"2 Louse","floor":1.0,"turns":1.0},{"damage":0.0,"enemies":"Lagavulin","floor":6.0,"turns":1.0},{"damage":0.0,"enemies":"Jaw Worm","floor":7.0,"turns":1.0},{"damage":52.0,"enemies":"Gremlin Nob","floor":8.0,"turns":6.0},{"damage":21,"enemies":"3 Sentries","floor":10,"turns":5}],"seed_played":"-4309716014308684891","potions_obtained":[{"floor":1.0,"key":"EssenceOfSteel"},{"floor":6.0,"key":"BloodPotion"}],"is_trial":false,"path_per_floor":["M","?","T","$","?","E","M","E","T","E"],"character_chosen":"IRONCLAD","items_purchased":["Disarm"],"campfire_rested":0,"item_purchase_floors":[4],"current_hp_per_floor":[74,48,48,48,37,43,49,21,21,0],"gold":259,"neow_bonus":"THREE_ENEMY_KILL","is_prod":false,"is_daily":false,"chose_seed":false,"campfire_upgraded":0,"win_rate":0,"timestamp":1565317173,"path_taken":["M","?","?","$","?","E","M","E","T","E"],"build_version":"2019-07-17","purchased_purges":0,"victory":false,"max_hp_per_floor":[75,75,75,75,75,75,75,75,75,75],"card_choices":[{"not_picked":["Second Wind","Power Through"],"picked":"Clothesline","floor":1.0},{"not_picked":["Clothesline","Burning Pact","Clash"],"picked":"SKIP","floor":6.0},{"not_picked":["Second Wind","Dropkick"],"picked":"Anger","floor":7.0},{"not_picked":["Perfected Strike","Pummel","Hemokinesis"],"picked":"SKIP","floor":8}],"player_experience":755386,"relics_obtained":[{"floor":3.0,"key":"The Courier"},{"floor":6.0,"key":"Oddly Smooth Stone"},{"floor":8,"key":"Bottled Lightning"},{"floor":9,"key":"Whetstone"}],"event_choices":[{"damage_healed":0.0,"max_hp_gain":0.0,"max_hp_loss":0.0,"gold_gain":0.0,"event_name":"Golden Idol","player_choice":"Take Damage","floor":2.0,"gold_loss":0.0,"damage_taken":26.0,"relics_obtained":["Golden Idol"]},{"damage_healed":0.0,"max_hp_gain":0.0,"max_hp_loss":0.0,"gold_gain":75.0,"event_name":"World of Goop","player_choice":"Gather Gold","floor":5.0,"gold_loss":0.0,"damage_taken":11.0}],"is_beta":false,"boss_relics":[],"items_purged_floors":[],"is_endless":false,"potions_floor_spawned":[1,6],"killed_by":"3 Sentries","ascension_level":20}