{"gold_per_floor":[213,224,239,239,255,255,273,300,300,27,27,46,46,16,16,16],"floor_reached":16,"playtime":1561,"items_purged":["Decay"],"score":92,"play_id":"b1d0e371-021e-4165-89b1-995d3b2c5e13","local_time":"20190815181216","is_ascension_mode":false,"campfire_choices":[{"floor":6,"key":"REST"},{"floor":15,"key":"REST"}],"neow_cost":"NONE","seed_source_timestamp":1381348672189090,"circlet_count":0,"master_deck":["Strike_G","Strike_G","Strike_G","Strike_G","Strike_G","Defend_G","Defend_G","Defend_G","Defend_G","Defend_G","Survivor","Neutralize","Backflip","Backflip","Acrobatics","Blur","Dodge and Roll","Backflip","Pummel+1","Pummel+1"],"relics":["Ring of the Snake","Odd Mushroom","Molten Egg 2","PrismaticShard","Regal Pillow"],"potions_floor_usage":[8,16,16],"damage_taken":[{"damage":0,"enemies":"Jaw Worm","floor":1,"turns":7},{"damage":0,"enemies":"Cultist","floor":2,"turns":4},{"damage":4,"enemies":"2 Louse","floor":3,"turns":3},{"damage":23,"enemies":"Exordium Wildlife","floor":5,"turns":12},{"damage":4,"enemies":"Blue Slaver","floor":7,"turns":6},{"damage":19,"enemies":"The Mushroom Lair","floor":8,"turns":12},{"damage":8,"enemies":"3 Louse","floor":12,"turns":6},{"damage":0,"enemies":"Looter","floor":14,"turns":4},{"damage":62,"enemies":"Hexaghost","floor":16,"turns":16}],"seed_played":"-2837818590366481727","potions_obtained":[{"floor":2,"key":"LiquidBronze"},{"floor":7,"key":"EssenceOfSteel"},{"floor":12,"key":"Dexterity Potion"}],"is_trial":false,"path_per_floor":["M","M","M","?","M","R","M","?","T","$","?","M","$","M","R","B"],"character_chosen":"THE_SILENT","items_purchased":["PrismaticShard"],"campfire_rested":2,"item_purchase_floors":[10],"current_hp_per_floor":[70,70,66,66,43,64,60,41,41,41,34,26,26,26,62,0],"gold":16,"neow_bonus":"HUNDRED_GOLD","is_prod":false,"is_daily":false,"chose_seed":false,"campfire_upgraded":0,"win_rate":0.0,"timestamp":1565910736,"path_taken":["M","M","M","?","?","R","M","?","T","$","?","M","?","M","R","BOSS"],"build_version":"2019-07-17","purchased_purges":1,"victory":false,"max_hp_per_floor":[70,70,70,70,70,70,70,70,70,70,70,70,70,70,70,70],"card_choices":[{"not_picked":["Dagger Throw","Sucker Punch"],"picked":"Backflip","floor":1},{"not_picked":["PiercingWail","Deflect"],"picked":"Backflip","floor":2},{"not_picked":["Distraction","Outmaneuver"],"picked":"Acrobatics","floor":3},{"not_picked":["Flying Knee","Quick Slash"],"picked":"Blur","floor":5},{"not_picked":["Tactician","Outmaneuver"],"picked":"Dodge and Roll","floor":7},{"not_picked":["Dash","Tactician"],"picked":"Backflip","floor":8},{"not_picked":["PiercingWail","Spot Weakness"],"picked":"Pummel+1","floor":12},{"not_picked":["Barricade","Inflame"],"picked":"Pummel+1","floor":14}],"player_experience":172065,"relics_obtained":[{"floor":8,"key":"Odd Mushroom"},{"floor":9,"key":"Molten Egg 2"}],"event_choices":[{"damage_healed":0,"gold_gain":0,"player_choice":"Cursed","damage_taken":0,"max_hp_gain":0,"max_hp_loss":0,"event_name":"Wheel of Change","floor":4,"gold_loss":0,"cards_obtained":["Decay"]},{"damage_healed":0,"gold_gain":0,"player_choice":"Fought Mushrooms","damage_taken":0,"max_hp_gain":0,"max_hp_loss":0,"event_name":"Mushrooms","floor":8,"gold_loss":0},{"damage_healed":0,"gold_gain":0,"player_choice":"Success","damage_taken":7,"relics_obtained":["Regal Pillow"],"max_hp_gain":0,"max_hp_loss":0,"event_name":"Scrap Ooze","floor":11,"gold_loss":0}],"is_beta":false,"boss_relics":[],"items_purged_floors":[10],"is_endless":false,"potions_floor_spawned":[2,7,12],"killed_by":"Hexaghost","ascension_level":0}