{"gold_per_floor":[16,16,36,46,46,46,77,77,77,77,112,128,78,88,88,190,190,210,309,42,52,52,52,83,83,83,83,83,100,125,27,27,27],"floor_reached":33,"playtime":1412,"items_purged":["Strike_B"],"score":451,"play_id":"7e43d1af-1814-4b44-b642-84f08ef90641","local_time":"20181111145749","is_ascension_mode":true,"campfire_choices":[{"data":"Doom and Gloom","floor":6.0,"key":"SMITH"},{"data":"Pain","floor":8.0,"key":"PURGE"},{"data":"Strike_B","floor":10.0,"key":"PURGE"},{"data":"Reinforced Body","floor":15.0,"key":"SMITH"},{"data":"Pain","floor":23.0,"key":"PURGE"},{"floor":25.0,"key":"REST"},{"floor":27.0,"key":"REST"},{"floor":32.0,"key":"REST"}],"neow_cost":"NO_GOLD","seed_source_timestamp":1247112635538837,"circlet_count":0,"master_deck":["AscendersBane","Strike_B","Defend_B","Defend_B","Defend_B","Defend_B","Zap","Dualcast","Mind Blast","Metamorphosis+1","Reinforced Body+1","Doom and Gloom+1","BootSequence","Ball Lightning","Stack","Conserve Battery","Multi-Cast","Injury","Injury","Self Repair+1","Leap+1","Cold Snap+1","Hologram+1"],"special_seed":0,"relics":["Cracked Core","WarpedTongs","Peace Pipe","Emotion Chip","Boot","Calling Bell","PreservedInsect","Molten Egg 2","Girya","Chemical X","Bag of Marbles","Happy Flower","Pantograph","Bottled Lightning"],"potions_floor_usage":[33,33],"damage_taken":[{"damage":2.0,"enemies":"Jaw Worm","floor":1.0,"turns":3.0},{"damage":1.0,"enemies":"Cultist","floor":3.0,"turns":3.0},{"damage":0.0,"enemies":"2 Louse","floor":4.0,"turns":1.0},{"damage":20.0,"enemies":"Gremlin Nob","floor":7.0,"turns":3.0},{"damage":12.0,"enemies":"3 Sentries","floor":11.0,"turns":3.0},{"damage":3.0,"enemies":"Blue Slaver","floor":12.0,"turns":3.0},{"damage":7.0,"enemies":"Gremlin Gang","floor":14.0,"turns":2.0},{"damage":2.0,"enemies":"Hexaghost","floor":16.0,"turns":6.0},{"damage":13.0,"enemies":"Spheric Guardian","floor":18.0,"turns":3.0},{"damage":22.0,"enemies":"2 Thieves","floor":21.0,"turns":4.0},{"damage":34.0,"enemies":"Gremlin Leader","floor":24.0,"turns":5.0},{"damage":11.0,"enemies":"Sentry and Sphere","floor":29.0,"turns":5.0},{"damage":9.0,"enemies":"Book of Stabbing","floor":30.0,"turns":4.0},{"damage":88,"enemies":"Collector","floor":33,"turns":11}],"seed_played":"-6913724164000425026","potions_obtained":[{"floor":1.0,"key":"SpeedPotion"},{"floor":3.0,"key":"Regen Potion"},{"floor":12.0,"key":"PowerPotion"},{"floor":16.0,"key":"Explosive Potion"},{"floor":24.0,"key":"LiquidBronze"}],"is_trial":false,"path_per_floor":["M","?","M","M","?","R","E","E","R","T","R","E","M","?","M","R","B",null,"M","?","$","M","?","R","E","R","T","R","?","M","E","$","R","B"],"character_chosen":"DEFECT","items_purchased":["Chemical X","Swift Potion","Fire Potion"],"campfire_rested":3,"item_purchase_floors":[20,31,31],"current_hp_per_floor":[66,66,65,65,65,65,45,45,45,45,33,30,30,23,23,21,62,49,49,49,37,37,37,13,35,35,57,57,56,57,57,75,0],"gold":27,"neow_bonus":"RANDOM_COLORLESS_2","is_prod":false,"is_daily":false,"chose_seed":false,"campfire_upgraded":2,"win_rate":0,"timestamp":1541966269,"path_taken":["M","?","M","M","?","R","E","R","T","R","E","?","?","M","R","BOSS","M","?","$","M","?","R","E","R","T","R","?","M","E","?","R","BOSS"],"build_version":"2018-11-08","purchased_purges":1,"victory":false,"max_hp_per_floor":[75,75,75,75,75,75,75,75,75,75,75,75,75,75,75,75,75,75,75,75,75,75,75,75,75,75,75,75,75,75,75,75,75],"card_choices":[{"not_picked":["Sweeping Beam","Turbo"],"picked":"Reinforced Body","floor":1.0},{"not_picked":["Go for the Eyes","Compile Driver"],"picked":"Doom and Gloom","floor":3.0},{"not_picked":["Redo","Cold Snap","Barrage"],"picked":"SKIP","floor":4.0},{"not_picked":["Conserve Battery","Force Field"],"picked":"BootSequence","floor":7.0},{"not_picked":["Sweeping Beam","Reprogram"],"picked":"Ball Lightning","floor":11.0},{"not_picked":["Lockon","Go for the Eyes"],"picked":"Stack","floor":12.0},{"not_picked":["Steam","Lockon"],"picked":"Conserve Battery","floor":14.0},{"not_picked":["Biased Cognition","Fission"],"picked":"Multi-Cast","floor":16.0},{"not_picked":["Fusion","Turbo"],"picked":"Self Repair+1","floor":18.0},{"not_picked":["Rebound+1","Turbo"],"picked":"Leap+1","floor":21.0},{"not_picked":["Consume+1","Sweeping Beam+1"],"picked":"Cold Snap+1","floor":24.0},{"not_picked":["Turbo+1","Beam Cell+1"],"picked":"Hologram+1","floor":29.0},{"not_picked":["Heatsinks","Creative AI","Aggregate"],"picked":"SKIP","floor":30.0}],"player_experience":411506,"relics_obtained":[{"floor":7.0,"key":"Peace Pipe"},{"floor":9.0,"key":"Emotion Chip"},{"floor":11.0,"key":"Boot"},{"floor":17.0,"key":"PreservedInsect"},{"floor":17.0,"key":"Molten Egg 2"},{"floor":17.0,"key":"Girya"},{"floor":24.0,"key":"Happy Flower"},{"floor":26.0,"key":"Pantograph"},{"floor":30.0,"key":"Bottled Lightning"}],"event_choices":[{"damage_healed":0.0,"max_hp_gain":0.0,"max_hp_loss":0.0,"gold_gain":0.0,"event_name":"Living Wall","player_choice":"Grow","floor":2.0,"gold_loss":0.0,"damage_taken":0.0,"cards_upgraded":["Metamorphosis"]},{"damage_healed":0.0,"max_hp_gain":0.0,"max_hp_loss":0.0,"gold_gain":0.0,"event_name":"Accursed Blacksmith","player_choice":"Rummage","floor":5.0,"gold_loss":0.0,"damage_taken":0.0,"relics_obtained":["WarpedTongs"],"cards_obtained":["Pain"]},{"cards_removed":["Strike_B"],"damage_healed":0.0,"max_hp_gain":0.0,"max_hp_loss":0.0,"gold_gain":0.0,"event_name":"The Cleric","player_choice":"Card Removal","floor":13.0,"gold_loss":50.0,"damage_taken":0.0},{"damage_healed":0.0,"max_hp_gain":0.0,"max_hp_loss":0.0,"gold_gain":99.0,"event_name":"Nest","player_choice":"Stole From Cult","floor":19.0,"gold_loss":0.0,"damage_taken":0.0},{"damage_healed":0.0,"max_hp_gain":0.0,"max_hp_loss":0.0,"gold_gain":0.0,"event_name":"The Mausoleum","player_choice":"Opened","floor":22.0,"gold_loss":0.0,"damage_taken":0.0,"relics_obtained":["Bag of Marbles"]}],"is_beta":false,"boss_relics":[{"not_picked":["Lizard Tail","Eternal Feather"],"picked":"Calling Bell"}],"items_purged_floors":[20],"is_endless":false,"potions_floor_spawned":[1,3,12,16,24],"killed_by":"Collector","ascension_level":11}