{"gold_per_floor":[113,113,132,57,57,91,8,8,8,34,53,53,68,84,84,158,158,176,101,151,44,62,62,79,79,102,102,0,0,0,12,12,88,88,106,381,401,415,415,415,441,441,441,188,200,218,231,241,241,241],"floor_reached":50,"playtime":1514,"items_purged":["Decay","Strike_R"],"score":893,"play_id":"2889dddb-0be5-4317-b0c9-0b452f91082c","local_time":"20181223032004","is_ascension_mode":true,"campfire_choices":[{"floor":8.0,"key":"REST"},{"floor":15.0,"key":"REST"},{"floor":23.0,"key":"REST"},{"data":"Whirlwind","floor":27.0,"key":"SMITH"},{"data":"Bloodletting","floor":30.0,"key":"SMITH"},{"floor":32.0,"key":"REST"},{"floor":40,"key":"REST"},{"floor":42,"key":"REST"},{"floor":49,"key":"REST"}],"neow_cost":"CURSE","seed_source_timestamp":128711991498700,"circlet_count":0,"master_deck":["AscendersBane","Strike_R","Strike_R","Strike_R","Defend_R","Defend_R","Defend_R","Defend_R","Bash+1","Limit Break+1","Twin Strike","Flame Barrier","Whirlwind+1","Inflame","Bloodletting+1","Inflame","Offering","Headbutt","Shrug It Off","Flex","Armaments+1","Double Tap","Uppercut+1"],"special_seed":0,"relics":["Burning Blood","Omamori","Self Forming Clay","Pocketwatch","Lizard Tail","Pen Nib","Sozu","Pear","Bottled Tornado"],"potions_floor_usage":[50],"damage_taken":[{"damage":13.0,"enemies":"Jaw Worm","floor":1.0,"turns":4.0},{"damage":13.0,"enemies":"Cultist","floor":3.0,"turns":4.0},{"damage":39.0,"enemies":"Lagavulin","floor":6.0,"turns":9.0},{"damage":22.0,"enemies":"Gremlin Nob","floor":10.0,"turns":4.0},{"damage":3.0,"enemies":"2 Louse","floor":11.0,"turns":2.0},{"damage":10.0,"enemies":"Gremlin Gang","floor":13.0,"turns":4.0},{"damage":12.0,"enemies":"Red Slaver","floor":14.0,"turns":4.0},{"damage":26.0,"enemies":"Slime Boss","floor":16.0,"turns":7.0},{"damage":15.0,"enemies":"Shell Parasite","floor":18.0,"turns":6.0},{"damage":30.0,"enemies":"2 Thieves","floor":22.0,"turns":3.0},{"damage":13.0,"enemies":"Snecko","floor":24.0,"turns":3.0},{"damage":20.0,"enemies":"Sentry and Sphere","floor":31.0,"turns":3.0},{"damage":45.0,"enemies":"Champ","floor":33.0,"turns":7.0},{"damage":13.0,"enemies":"Orb Walker","floor":35.0,"turns":2.0},{"damage":10.0,"enemies":"3 Shapes","floor":37.0,"turns":3.0},{"damage":40.0,"enemies":"Writhing Mass","floor":38.0,"turns":4.0},{"damage":24,"enemies":"Giant Head","floor":41,"turns":5},{"damage":22,"enemies":"Maw","floor":45,"turns":5},{"damage":15,"enemies":"Transient","floor":46,"turns":5},{"damage":26,"enemies":"Jaw Worm Horde","floor":47,"turns":3},{"damage":32,"enemies":"Spire Growth","floor":48,"turns":4},{"damage":59,"enemies":"Awakened One","floor":50,"turns":3}],"seed_played":"-7085487184199484023","potions_obtained":[{"floor":3.0,"key":"Weak Potion"},{"floor":5.0,"key":"EntropicBrew"},{"floor":6.0,"key":"EssenceOfSteel"},{"floor":10.0,"key":"Poison Potion"},{"floor":14.0,"key":"Explosive Potion"},{"floor":16.0,"key":"LiquidBronze"},{"floor":31.0,"key":"SkillPotion"},{"floor":33.0,"key":"SteroidPotion"}],"is_trial":false,"path_per_floor":["M","?","M","$","?","E","$","R","T","E","M","?","M","M","R","B",null,"M","?","?","$","M","R","M","$","T","R","?","?","R","M","R","B",null,"M","?","M","M","?","R","E","R","T","$","M","M","M","M","R","B"],"character_chosen":"IRONCLAD","items_purchased":["Inflame","Headbutt","Shrug It Off","Double Tap"],"campfire_rested":7,"item_purchase_floors":[7,21,21,44],"current_hp_per_floor":[61,61,54,54,54,21,21,43,43,27,30,30,26,20,42,22,62,53,53,53,53,29,51,44,44,44,44,44,44,44,30,52,13,60,53,53,49,15,15,37,29,54,54,54,38,29,9,30,55,0],"gold":241,"neow_bonus":"THREE_RARE_CARDS","is_prod":false,"is_daily":false,"chose_seed":false,"campfire_upgraded":2,"win_rate":0,"timestamp":1545564004,"path_taken":["M","?","?","$","?","E","$","R","T","E","?","?","M","?","R","BOSS","M","?","?","?","M","R","M","$","T","R","?","?","R","M","R","BOSS","M","?","?","M","?","R","E","R","T","$","M","M","M","?","R","BOSS"],"build_version":"2018-12-20","purchased_purges":2,"victory":false,"max_hp_per_floor":[75,75,75,75,75,75,75,75,75,75,75,75,75,75,75,75,75,75,75,75,75,75,75,75,75,75,75,75,75,75,75,75,75,75,75,75,75,75,75,75,85,85,85,85,85,85,85,85,85,85],"card_choices":[{"not_picked":["Offering","Reaper"],"picked":"Limit Break","floor":0.0},{"not_picked":["True Grit","Reckless Charge"],"picked":"Twin Strike","floor":1.0},{"not_picked":["Cleave","Body Slam"],"picked":"Flame Barrier","floor":3.0},{"not_picked":["Dual Wield","Rage"],"picked":"Whirlwind","floor":6.0},{"not_picked":["Wild Strike","Iron Wave"],"picked":"Bloodletting","floor":10.0},{"not_picked":["Rage","Rampage"],"picked":"Inflame","floor":11.0},{"not_picked":["Clash","Rage","Power Through"],"picked":"SKIP","floor":13.0},{"not_picked":["Clothesline","Wild Strike","Pommel Strike"],"picked":"SKIP","floor":14.0},{"not_picked":["Brutality","Feed"],"picked":"Offering","floor":16.0},{"not_picked":["Pommel Strike","Warcry","Combust"],"picked":"SKIP","floor":18.0},{"not_picked":["Thunderclap+1","Headbutt","Fire Breathing+1"],"picked":"SKIP","floor":22.0},{"not_picked":["Wild Strike","Havoc+1","Sever Soul"],"picked":"SKIP","floor":24.0},{"not_picked":["Inflame","Entrench","Infernal Blade"],"picked":"SKIP","floor":31.0},{"not_picked":["Sword Boomerang+1","Warcry+1","Seeing Red"],"picked":"SKIP","floor":35.0},{"not_picked":["Body Slam","Warcry+1"],"picked":"Flex","floor":37.0},{"not_picked":["Rage+1","Spot Weakness+1","Ghostly Armor"],"picked":"SKIP","floor":38.0},{"not_picked":["Corruption","Cleave"],"picked":"Armaments+1","floor":41},{"not_picked":["Sword Boomerang","Clothesline","Pommel Strike"],"picked":"SKIP","floor":45},{"not_picked":["Havoc","Body Slam"],"picked":"Uppercut+1","floor":46},{"not_picked":["Heavy Blade","Sword Boomerang","Headbutt"],"picked":"SKIP","floor":47},{"not_picked":["Corruption","Immolate","Evolve"],"picked":"SKIP","floor":48}],"player_experience":175086,"relics_obtained":[{"floor":6.0,"key":"Omamori"},{"floor":9.0,"key":"Self Forming Clay"},{"floor":10.0,"key":"Pocketwatch"},{"floor":26.0,"key":"Pen Nib"},{"floor":41,"key":"Pear"},{"floor":43,"key":"Bottled Tornado"}],"event_choices":[{"damage_healed":0.0,"max_hp_gain":0.0,"max_hp_loss":0.0,"gold_gain":0.0,"event_name":"Upgrade Shrine","player_choice":"Upgraded","floor":2.0,"gold_loss":0.0,"damage_taken":0.0,"cards_upgraded":["Bash"]},{"damage_healed":0.0,"max_hp_gain":0.0,"max_hp_loss":0.0,"gold_gain":0.0,"event_name":"Lab","player_choice":"Got Potions","floor":5.0,"gold_loss":0.0,"damage_taken":0.0},{"damage_healed":0.0,"max_hp_gain":0.0,"max_hp_loss":0.0,"gold_gain":0.0,"event_name":"Accursed Blacksmith","player_choice":"Forge","floor":12.0,"gold_loss":0.0,"damage_taken":0.0,"cards_upgraded":["Limit Break"]},{"cards_removed":["Strike_R"],"damage_healed":0.0,"max_hp_gain":0.0,"max_hp_loss":0.0,"gold_gain":0.0,"event_name":"Beggar","player_choice":"Gave Gold","floor":19.0,"gold_loss":75.0,"damage_taken":0.0},{"damage_healed":0.0,"max_hp_gain":0.0,"max_hp_loss":0.0,"gold_gain":50.0,"event_name":"Nest","player_choice":"Stole From Cult","floor":20.0,"gold_loss":0.0,"damage_taken":0.0},{"damage_healed":0.0,"max_hp_gain":0.0,"max_hp_loss":0.0,"gold_gain":0.0,"event_name":"Masked Bandits","player_choice":"Paid Fearfully","floor":28.0,"gold_loss":102.0,"damage_taken":0.0},{"damage_healed":0.0,"max_hp_gain":0.0,"max_hp_loss":0.0,"gold_gain":0.0,"event_name":"Ghosts","player_choice":"Ignored","floor":29.0,"gold_loss":0.0,"damage_taken":0.0},{"damage_healed":0.0,"max_hp_gain":0.0,"max_hp_loss":0.0,"gold_gain":275.0,"event_name":"Golden Shrine","player_choice":"Desecrate","floor":36.0,"gold_loss":0.0,"damage_taken":0.0,"cards_obtained":["Regret"]},{"damage_healed":0,"gold_gain":0,"player_choice":"Leave","damage_taken":0,"max_hp_gain":0,"max_hp_loss":0,"event_name":"FaceTrader","floor":39,"gold_loss":0}],"is_beta":false,"boss_relics":[{"not_picked":["Busted Crown","Astrolabe"],"picked":"Lizard Tail"},{"not_picked":["Empty Cage","Coffee Dripper"],"picked":"Sozu"}],"items_purged_floors":[4,44],"is_endless":false,"potions_floor_spawned":[3,6,10,14,16,31,33,37,46,48],"killed_by":"Awakened One","ascension_level":16}