{"gold_per_floor":[117,117,64,139,12,43,59,59,83,95,75,100,100,111,111,215,215,229,242,262,274,274,274,301,147,147,147,164,164,175,206,218,327,339,361,373,430,112,112,126,126,126,153,165,175,189,205,225,225,225],"floor_reached":51,"playtime":3899,"items_purged":["Defend_R","Defend_R+1","Strike_R+1"],"score":629,"play_id":"a8b582cd-44dd-4c79-ab44-7d2b6f4d7be0","local_time":"20181210154319","is_ascension_mode":false,"campfire_choices":[{"floor":8.0,"key":"REST"},{"data":"Bash","floor":13.0,"key":"SMITH"},{"data":"Armaments","floor":15.0,"key":"SMITH"},{"data":"Clothesline","floor":23.0,"key":"SMITH"},{"data":"Disarm","floor":29.0,"key":"SMITH"},{"data":"Inflame","floor":32.0,"key":"SMITH"},{"floor":41.0,"key":"REST"},{"floor":49.0,"key":"REST"}],"neow_cost":"","seed_source_timestamp":0,"circlet_count":0,"master_deck":["Strike_R+1","Strike_R+1","Strike_R+1","Defend_R+1","Defend_R+1","Bash+1","Flex","Clothesline+1","Shrug It Off+1","Inflame+1","Shrug It Off","Twin Strike+1","Armaments+1","Offering+1","Twin Strike","Battle Trance","Cleave","Cleave","Disarm+1","Pommel Strike+1","Fiend Fire+1","Madness","Madness","Clothesline+1","Warcry+1"],"special_seed":0,"relics":["Black Blood","Thread and Needle","Blood Vial","Vajra","War Paint","Bottled Flame","MawBank","Busted Crown","Ice Cream","Happy Flower","Whetstone"],"potions_floor_usage":[50,50,50],"damage_taken":[{"damage":9.0,"enemies":"Small Slimes","floor":1.0,"turns":4.0},{"damage":49.0,"enemies":"3 Sentries","floor":6.0,"turns":14.0},{"damage":0.0,"enemies":"2 Louse","floor":7.0,"turns":3.0},{"damage":0.0,"enemies":"Cultist","floor":10.0,"turns":4.0},{"damage":11.0,"enemies":"Gremlin Nob","floor":12.0,"turns":5.0},{"damage":9.0,"enemies":"Exordium Thugs","floor":14.0,"turns":4.0},{"damage":28.0,"enemies":"The Guardian","floor":16.0,"turns":9.0},{"damage":13.0,"enemies":"2 Thieves","floor":18.0,"turns":4.0},{"damage":6.0,"enemies":"Chosen","floor":19.0,"turns":3.0},{"damage":18.0,"enemies":"Centurion and Healer","floor":20.0,"turns":7.0},{"damage":14.0,"enemies":"Snake Plant","floor":21.0,"turns":3.0},{"damage":9.0,"enemies":"Chosen and Byrds","floor":28.0,"turns":5.0},{"damage":9.0,"enemies":"Centurion and Healer","floor":30.0,"turns":6.0},{"damage":7.0,"enemies":"Gremlin Leader","floor":31.0,"turns":5.0},{"damage":73.0,"enemies":"Champ","floor":33.0,"turns":12.0},{"damage":34.0,"enemies":"3 Darklings","floor":35.0,"turns":5.0},{"damage":32.0,"enemies":"2 Orb Walkers","floor":37.0,"turns":4.0},{"damage":7.0,"enemies":"3 Shapes","floor":40.0,"turns":4.0},{"damage":6.0,"enemies":"Maw","floor":44.0,"turns":6.0},{"damage":30.0,"enemies":"Sphere and 2 Shapes","floor":45.0,"turns":4.0},{"damage":8.0,"enemies":"3 Darklings","floor":46.0,"turns":4.0},{"damage":0.0,"enemies":"Transient","floor":47.0,"turns":5.0},{"damage":15.0,"enemies":"Maw","floor":48.0,"turns":6.0},{"damage":71,"enemies":"Awakened One","floor":50,"turns":12}],"seed_played":"-5742111282107417462","potions_obtained":[{"floor":6.0,"key":"SkillPotion"},{"floor":7.0,"key":"EntropicBrew"},{"floor":11.0,"key":"BloodPotion"},{"floor":12.0,"key":"Explosive Potion"},{"floor":21.0,"key":"Dexterity Potion"},{"floor":30.0,"key":"Weak Potion"},{"floor":31.0,"key":"Explosive Potion"},{"floor":33.0,"key":"Ancient Potion"},{"floor":40.0,"key":"Strength Potion"}],"is_trial":false,"path_per_floor":["M","?","$","?","$","E","M","R","T","M","M","?","E","R","M","R","B",null,"M","M","M","M","?","R","T","$","T","?","M","R","M","E","R","B",null,"M","?","?","$","?","M","R","$","T","M","M","M","M","M","R","B",null],"character_chosen":"IRONCLAD","items_purchased":["Clothesline","Shrug It Off","Cleave","Happy Flower","PowerPotion"],"campfire_rested":3,"item_purchase_floors":[3,5,25,38,38],"current_hp_per_floor":[77,70,70,59,59,16,22,46,46,54,54,51,51,50,50,30,80,77,80,72,70,70,70,70,70,70,70,73,73,76,80,80,17,80,56,56,36,36,26,31,55,55,55,61,43,47,59,56,80,19],"gold":225,"neow_bonus":"","is_prod":false,"is_daily":false,"chose_seed":false,"campfire_upgraded":5,"win_rate":0.0,"timestamp":1544485399,"path_taken":["M","?","$","?","$","E","M","R","T","M","?","E","R","M","R","BOSS","M","M","?","M","?","R","?","$","T","?","?","R","M","E","R","BOSS","M","?","?","$","?","M","R","?","T","?","M","M","M","M","R","BOSS"],"build_version":"2018-12-06","purchased_purges":3,"victory":true,"max_hp_per_floor":[80,80,80,80,80,80,80,80,80,80,80,80,80,80,80,80,80,80,80,80,80,80,80,80,80,80,80,80,80,80,80,80,80,80,80,80,80,80,80,80,80,80,80,80,80,80,80,80,80,80],"card_choices":[{"not_picked":["Anger","Sword Boomerang"],"picked":"Flex","floor":1.0},{"not_picked":["Flex","Perfected Strike"],"picked":"Inflame","floor":6.0},{"not_picked":["Rupture","Warcry"],"picked":"Shrug It Off","floor":7.0},{"not_picked":["Armaments","Anger"],"picked":"Twin Strike","floor":10.0},{"not_picked":["Dropkick","Bludgeon","Perfected Strike"],"picked":"SKIP","floor":12.0},{"not_picked":["Flex","Rampage"],"picked":"Armaments","floor":14.0},{"not_picked":["Double Tap","Brutality"],"picked":"Offering","floor":16.0},{"not_picked":["Thunderclap+1","Corruption"],"picked":"Twin Strike","floor":18.0},{"not_picked":["Entrench","Second Wind"],"picked":"Battle Trance","floor":19.0},{"not_picked":["Thunderclap+1","Twin Strike"],"picked":"Cleave","floor":20.0},{"not_picked":["Pommel Strike","Warcry","Flame Barrier"],"picked":"SKIP","floor":21.0},{"not_picked":["Infernal Blade+1","Armaments","Intimidate"],"picked":"SKIP","floor":28.0},{"not_picked":["Dark Embrace","Iron Wave"],"picked":"Pommel Strike+1","floor":30.0},{"not_picked":["Rupture","Armaments","Clash"],"picked":"SKIP","floor":31.0},{"not_picked":["Offering","Double Tap"],"picked":"Fiend Fire","floor":33.0},{"not_picked":["Headbutt"],"picked":"SKIP","floor":35.0},{"not_picked":["Anger+1"],"picked":"SKIP","floor":40.0},{"not_picked":[],"picked":"Clothesline+1","floor":44.0},{"not_picked":["Combust"],"picked":"SKIP","floor":45.0},{"not_picked":[],"picked":"Warcry+1","floor":46.0},{"not_picked":["Headbutt+1"],"picked":"SKIP","floor":47.0},{"not_picked":["Clothesline"],"picked":"SKIP","floor":48.0}],"player_experience":0,"relics_obtained":[{"floor":6.0,"key":"Thread and Needle"},{"floor":9.0,"key":"Blood Vial"},{"floor":12.0,"key":"Vajra"},{"floor":24.0,"key":"War Paint"},{"floor":26.0,"key":"Bottled Flame"},{"floor":31.0,"key":"MawBank"},{"floor":37.0,"key":"Ice Cream"},{"floor":43.0,"key":"Whetstone"}],"event_choices":[{"cards_removed":["Strike_R"],"damage_healed":0.0,"max_hp_gain":0.0,"max_hp_loss":0.0,"gold_gain":0.0,"event_name":"Golden Wing","player_choice":"Card Removal","floor":2.0,"gold_loss":0.0,"damage_taken":7.0},{"damage_healed":0.0,"max_hp_gain":0.0,"max_hp_loss":0.0,"gold_gain":75.0,"event_name":"World of Goop","player_choice":"Gather Gold","floor":4.0,"gold_loss":0.0,"damage_taken":11.0},{"damage_healed":0.0,"max_hp_gain":0.0,"max_hp_loss":0.0,"gold_gain":0.0,"event_name":"The Woman in Blue","player_choice":"Bought 1 Potion","floor":11.0,"gold_loss":0.0,"damage_taken":0.0},{"damage_healed":0.0,"max_hp_gain":0.0,"max_hp_loss":0.0,"gold_gain":0.0,"event_name":"Back to Basics","player_choice":"Simplicity","floor":22.0,"gold_loss":0.0,"damage_taken":0.0,"cards_upgraded":["Strike_R","Strike_R","Strike_R","Strike_R","Defend_R","Defend_R","Defend_R"]},{"damage_healed":0.0,"max_hp_gain":0.0,"max_hp_loss":0.0,"gold_gain":0.0,"event_name":"The Library","player_choice":"Read","floor":27.0,"gold_loss":0.0,"damage_taken":0.0,"cards_obtained":["Disarm"]},{"damage_healed":0.0,"max_hp_gain":0.0,"max_hp_loss":0.0,"gold_gain":0.0,"event_name":"Tomb of Lord Red Mask","player_choice":"Ignored","floor":36.0,"gold_loss":0.0,"damage_taken":0.0},{"damage_healed":0.0,"max_hp_gain":0.0,"max_hp_loss":0.0,"gold_gain":0.0,"event_name":"Mysterious Sphere","player_choice":"Fight","floor":37.0,"gold_loss":0.0,"damage_taken":0.0},{"damage_healed":0.0,"max_hp_gain":0.0,"max_hp_loss":0.0,"gold_gain":0.0,"event_name":"Winding Halls","player_choice":"Embrace Madness","floor":39.0,"gold_loss":0.0,"damage_taken":10.0,"cards_obtained":["Madness","Madness"]}],"is_beta":false,"boss_relics":[{"not_picked":["Velvet Choker","Calling Bell"],"picked":"Black Blood"},{"not_picked":["Snecko Eye","Mark of Pain"],"picked":"Busted Crown"}],"items_purged_floors":[5,25,38],"is_endless":false,"potions_floor_spawned":[6,7,12,21,30,31,33,40,45],"ascension_level":0}