{"gold_per_floor":[111,111,139,171,193,205,246,258,270,293,334,346,18,31,31,108,108,125,144,163,173,46,46,66,98,98,98,98,133,133,146,146,146],"floor_reached":33,"playtime":1047,"items_purged":["Strike_R"],"score":648,"play_id":"d12c4e4a-18e1-41fd-b36c-025cd3b4ce8a","local_time":"20190726043538","is_ascension_mode":true,"campfire_choices":[{"data":"Bash","floor":6.0,"key":"SMITH"},{"data":"Carnage","floor":8.0,"key":"SMITH"},{"data":"Sword Boomerang","floor":12.0,"key":"SMITH"},{"data":"Dropkick","floor":15.0,"key":"SMITH"},{"floor":23,"key":"REST"},{"data":"Immolate","floor":27,"key":"SMITH"},{"data":"Bludgeon","floor":30,"key":"SMITH"},{"floor":32,"key":"REST"}],"neow_cost":"NONE","seed_source_timestamp":767419298497200,"circlet_count":0,"master_deck":["AscendersBane","Strike_R","Strike_R","Strike_R","Strike_R","Defend_R","Defend_R","Defend_R","Defend_R","Bash+1","Sword Boomerang+1","Twin Strike","Twin Strike","Carnage+1","Offering","Dropkick+1","Immolate+1","Carnage+1","Flame Barrier","Metallicize+1","Shrug It Off","Bloodletting+1","Corruption+1","Bludgeon+1"],"special_seed":0,"relics":["Burning Blood","MawBank","Incense Burner","Frozen Egg 2","Happy Flower","Shuriken","Snecko Eye","Bottled Tornado","Orichalcum"],"potions_floor_usage":[33,33],"damage_taken":[{"damage":9.0,"enemies":"Jaw Worm","floor":1.0,"turns":5.0},{"damage":1.0,"enemies":"Cultist","floor":3.0,"turns":3.0},{"damage":15.0,"enemies":"Small Slimes","floor":4.0,"turns":3.0},{"damage":14.0,"enemies":"Red Slaver","floor":5.0,"turns":2.0},{"damage":25.0,"enemies":"Lagavulin","floor":7.0,"turns":6.0},{"damage":1.0,"enemies":"2 Fungi Beasts","floor":10.0,"turns":3.0},{"damage":8.0,"enemies":"Gremlin Nob","floor":11.0,"turns":3.0},{"damage":17.0,"enemies":"Exordium Thugs","floor":14.0,"turns":4.0},{"damage":31.0,"enemies":"Hexaghost","floor":16.0,"turns":7.0},{"damage":11.0,"enemies":"Spheric Guardian","floor":18.0,"turns":3.0},{"damage":36.0,"enemies":"Shell Parasite","floor":19.0,"turns":5.0},{"damage":26,"enemies":"Snake Plant","floor":20,"turns":3},{"damage":1,"enemies":"Centurion and Healer","floor":21,"turns":7},{"damage":0,"enemies":"3 Cultists","floor":24,"turns":3},{"damage":23,"enemies":"Book of Stabbing","floor":25,"turns":3},{"damage":9,"enemies":"Gremlin Leader","floor":29,"turns":6},{"damage":18,"enemies":"Snake Plant","floor":31,"turns":3},{"damage":70,"enemies":"Champ","floor":33,"turns":6}],"seed_played":"-2893969485966764761","potions_obtained":[{"floor":4.0,"key":"Strength Potion"},{"floor":5.0,"key":"Dexterity Potion"},{"floor":7.0,"key":"Regen Potion"},{"floor":16.0,"key":"LiquidBronze"},{"floor":29,"key":"BloodPotion"}],"is_trial":false,"path_per_floor":["M","?","M","M","M","R","E","R","T","M","E","R","$","M","R","B",null,"M","M","M","M","$","R","M","E","T","R","?","E","R","M","R","B"],"character_chosen":"IRONCLAD","items_purchased":["Shuriken","Dropkick","Shrug It Off"],"campfire_rested":2,"item_purchase_floors":[13,13,22],"current_hp_per_floor":[72,72,77,68,60,60,41,41,41,46,44,44,44,33,33,20,67,62,32,12,17,17,41,47,30,30,30,30,27,27,15,39,0],"gold":146,"neow_bonus":"TEN_PERCENT_HP_BONUS","is_prod":false,"is_daily":false,"chose_seed":false,"campfire_upgraded":6,"win_rate":0,"timestamp":1564140938,"path_taken":["M","?","M","M","M","R","E","R","T","M","E","R","$","M","R","BOSS","M","M","?","M","$","R","?","E","T","R","?","E","R","?","R","BOSS"],"build_version":"2019-07-17","purchased_purges":1,"victory":false,"max_hp_per_floor":[82,82,82,82,82,82,82,82,82,82,82,82,82,82,82,82,82,82,82,82,82,82,82,82,82,82,82,82,82,82,82,82,82],"card_choices":[{"not_picked":["Cleave","Wild Strike"],"picked":"Twin Strike","floor":1.0},{"not_picked":["Dropkick","Dual Wield"],"picked":"Sword Boomerang","floor":3.0},{"not_picked":["Pommel Strike","Shrug It Off"],"picked":"Twin Strike","floor":4.0},{"not_picked":["Iron Wave","Clash"],"picked":"Twin Strike","floor":5.0},{"not_picked":["Carnage","Second Wind","Searing Blow"],"picked":"SKIP","floor":7.0},{"not_picked":["Second Wind","Searing Blow"],"picked":"Carnage","floor":7.0},{"not_picked":["Warcry","Headbutt","Rage"],"picked":"SKIP","floor":10.0},{"not_picked":["Thunderclap","True Grit"],"picked":"Offering","floor":11.0},{"not_picked":["Twin Strike","Blood for Blood","Cleave"],"picked":"SKIP","floor":14.0},{"not_picked":["Fiend Fire","Double Tap"],"picked":"Immolate","floor":16.0},{"not_picked":["Seeing Red","Armaments"],"picked":"Carnage+1","floor":18.0},{"not_picked":["Warcry","Spot Weakness"],"picked":"Flame Barrier","floor":19.0},{"not_picked":["Bloodletting","Warcry+1","Sword Boomerang"],"picked":"SKIP","floor":20},{"not_picked":["Twin Strike+1","Searing Blow"],"picked":"Metallicize+1","floor":21},{"not_picked":["Ghostly Armor","Bloodletting","Wild Strike"],"picked":"SKIP","floor":24},{"not_picked":["Ghostly Armor","Wild Strike"],"picked":"Bloodletting","floor":24},{"not_picked":["Pommel Strike","True Grit"],"picked":"Corruption+1","floor":25},{"not_picked":["Sever Soul","Havoc"],"picked":"Bludgeon","floor":29},{"not_picked":["Cleave","Sword Boomerang","Rage"],"picked":"SKIP","floor":31}],"player_experience":700308,"relics_obtained":[{"floor":7.0,"key":"Incense Burner"},{"floor":9.0,"key":"Frozen Egg 2"},{"floor":11.0,"key":"Happy Flower"},{"floor":25,"key":"Bottled Tornado"},{"floor":29,"key":"Orichalcum"}],"event_choices":[{"cards_removed":["Twin Strike"],"damage_healed":0.0,"max_hp_gain":0.0,"max_hp_loss":0.0,"gold_gain":0.0,"event_name":"WeMeetAgain","player_choice":"Gave Card","floor":2.0,"gold_loss":0.0,"damage_taken":0.0,"relics_obtained":["MawBank"]},{"damage_healed":0,"gold_gain":0,"player_choice":"Forge","damage_taken":0,"max_hp_gain":0,"max_hp_loss":0,"event_name":"Accursed Blacksmith","floor":28,"gold_loss":0,"cards_upgraded":["Bloodletting"]}],"is_beta":false,"boss_relics":[{"not_picked":["Pandora\u0027s Box","Mark of Pain"],"picked":"Snecko Eye"}],"items_purged_floors":[22],"is_endless":false,"potions_floor_spawned":[4,5,7,16,25,29,31],"killed_by":"Champ","ascension_level":20}