{"gold_per_floor":[118,137,137,137,149,149,182,195,195,212,212,226,237,263,263,336,336,347,297,308,308,75,109,109,109,134,147,147,175,175,201,201,201],"floor_reached":33,"playtime":2120,"items_purged":["Strike_R"],"score":630,"play_id":"931df4d8-a599-44d2-a75b-b9010e9faede","local_time":"20190527110712","is_ascension_mode":true,"campfire_choices":[{"data":"Carnage","floor":6,"key":"SMITH"},{"data":"Juggernaut","floor":11,"key":"SMITH"},{"data":"Metallicize","floor":15,"key":"SMITH"},{"data":"Immolate","floor":24,"key":"SMITH"},{"data":"Burning Pact","floor":28,"key":"SMITH"},{"data":"Disarm","floor":30,"key":"SMITH"},{"data":"Shockwave","floor":32,"key":"SMITH"}],"neow_cost":"NONE","seed_source_timestamp":27839353799168,"circlet_count":0,"master_deck":["AscendersBane","Strike_R+1","Strike_R","Defend_R","Defend_R","Defend_R","Defend_R","Bash+1","Iron Wave+1","Carnage+1","Juggernaut+1","Shockwave+1","Headbutt","Anger","Burning Pact+1","Metallicize+1","Immolate+1","Disarm+1","Inflame","Regret","Armaments"],"relics":["Burning Blood","Bronze Scales","Meat on the Bone","Happy Flower","Gremlin Horn","Cursed Key","Bag of Preparation","Potion Belt","Whetstone","Strawberry"],"potions_floor_usage":[7,14,16,23,33],"damage_taken":[{"damage":14,"enemies":"Jaw Worm","floor":1,"turns":4},{"damage":0,"enemies":"Small Slimes","floor":2,"turns":4},{"damage":3,"enemies":"2 Louse","floor":5,"turns":3},{"damage":26,"enemies":"Lagavulin","floor":7,"turns":6},{"damage":16,"enemies":"Lots of Slimes","floor":8,"turns":6},{"damage":3,"enemies":"2 Fungi Beasts","floor":10,"turns":3},{"damage":11,"enemies":"Large Slime","floor":12,"turns":6},{"damage":15,"enemies":"Gremlin Gang","floor":13,"turns":5},{"damage":10,"enemies":"3 Sentries","floor":14,"turns":6},{"damage":20,"enemies":"Slime Boss","floor":16,"turns":6},{"damage":15,"enemies":"Shell Parasite","floor":18,"turns":2},{"damage":3,"enemies":"3 Byrds","floor":20,"turns":2},{"damage":34,"enemies":"Book of Stabbing","floor":23,"turns":4},{"damage":15,"enemies":"Shelled Parasite and Fungi","floor":27,"turns":3},{"damage":25,"enemies":"Slavers","floor":29,"turns":2},{"damage":6,"enemies":"Gremlin Leader","floor":31,"turns":3},{"damage":83,"enemies":"Champ","floor":33,"turns":20}],"seed_played":"1750927144590925881","potions_obtained":[{"floor":1,"key":"AttackPotion"},{"floor":7,"key":"Energy Potion"},{"floor":8,"key":"Poison Potion"},{"floor":14,"key":"Strength Potion"},{"floor":20,"key":"Weak Potion"},{"floor":29,"key":"Regen Potion"}],"is_trial":false,"path_per_floor":["M","M","?","?","M","R","E","M","T","M","R","M","M","E","R","B",null,"M","?","M","?","$","E","R","?","T","M","R","E","R","E","R","B"],"character_chosen":"IRONCLAD","items_purchased":["Bag of Preparation"],"campfire_rested":0,"item_purchase_floors":[22],"current_hp_per_floor":[60,66,59,54,57,57,37,39,39,54,54,49,52,48,48,46,68,59,59,62,62,62,46,46,46,46,49,49,42,42,61,61,0],"gold":201,"neow_bonus":"UPGRADE_CARD","is_prod":false,"is_daily":false,"chose_seed":false,"campfire_upgraded":7,"win_rate":0,"timestamp":1558969632,"path_taken":["M","M","?","?","M","R","E","M","T","M","R","M","M","E","R","BOSS","M","?","?","?","$","E","R","?","T","M","R","E","R","E","R","BOSS"],"build_version":"2019-01-23","purchased_purges":1,"victory":false,"max_hp_per_floor":[75,75,75,75,75,75,75,75,75,75,75,75,75,75,75,75,75,75,75,75,75,75,75,75,75,75,75,75,75,75,82,82,82],"card_choices":[{"not_picked":["Havoc","Rage"],"picked":"Iron Wave","floor":1},{"not_picked":["Pommel Strike","Havoc"],"picked":"Carnage","floor":2},{"not_picked":["Body Slam","True Grit"],"picked":"Juggernaut","floor":5},{"not_picked":["Clothesline","Power Through"],"picked":"Shockwave","floor":7},{"not_picked":["Wild Strike","Twin Strike","Body Slam"],"picked":"SKIP","floor":8},{"not_picked":["Hemokinesis","Iron Wave"],"picked":"Headbutt","floor":10},{"not_picked":["Flex","Rampage"],"picked":"Anger","floor":12},{"not_picked":["Hemokinesis","Anger"],"picked":"Burning Pact","floor":13},{"not_picked":["Ghostly Armor","Bloodletting"],"picked":"Metallicize","floor":14},{"not_picked":["Bludgeon","Brutality"],"picked":"Immolate","floor":16},{"not_picked":["Headbutt","Searing Blow","Sword Boomerang"],"picked":"SKIP","floor":18},{"not_picked":["True Grit+1","Flex"],"picked":"Disarm","floor":20},{"not_picked":["Sword Boomerang","Havoc","Hemokinesis"],"picked":"SKIP","floor":23},{"not_picked":["Iron Wave","Heavy Blade+1"],"picked":"Armaments","floor":27},{"not_picked":["Evolve","Sword Boomerang","Heavy Blade"],"picked":"SKIP","floor":29},{"not_picked":["Dropkick","Metallicize","Clothesline"],"picked":"SKIP","floor":31}],"player_experience":1346417,"relics_obtained":[{"floor":7,"key":"Meat on the Bone"},{"floor":9,"key":"Happy Flower"},{"floor":14,"key":"Gremlin Horn"},{"floor":23,"key":"Potion Belt"},{"floor":29,"key":"Whetstone"},{"floor":31,"key":"Strawberry"}],"event_choices":[{"cards_removed":["Strike_R"],"damage_healed":0,"gold_gain":0,"player_choice":"Card Removal","damage_taken":7,"max_hp_gain":0,"max_hp_loss":0,"event_name":"Golden Wing","floor":3,"gold_loss":0},{"damage_healed":0,"gold_gain":0,"player_choice":"Success","damage_taken":5,"relics_obtained":["Bronze Scales"],"max_hp_gain":0,"max_hp_loss":0,"event_name":"Scrap Ooze","floor":4,"gold_loss":0},{"damage_healed":0,"gold_gain":0,"player_choice":"Bet on Owner","damage_taken":0,"max_hp_gain":0,"max_hp_loss":0,"event_name":"The Joust","floor":19,"gold_loss":50},{"damage_healed":0,"gold_gain":0,"player_choice":"Ignored","damage_taken":0,"max_hp_gain":0,"max_hp_loss":0,"event_name":"Vampires","floor":21,"gold_loss":0},{"damage_healed":0,"gold_gain":0,"cards_transformed":["Strike_R"],"player_choice":"Transformed","damage_taken":0,"max_hp_gain":0,"max_hp_loss":0,"event_name":"Transmorgrifier","floor":25,"gold_loss":0,"cards_obtained":["Inflame"]}],"is_beta":false,"boss_relics":[{"not_picked":["Runic Cube","Astrolabe"],"picked":"Cursed Key"}],"items_purged_floors":[22],"is_endless":false,"potions_floor_spawned":[1,7,8,14,20,29],"killed_by":"Champ","ascension_level":20}