{"gold_per_floor":[112,212,228,239,251,278,278,56,131,150,169,169,182,193,193,289,289,306,324,122,137,137],"floor_reached":22,"playtime":984,"items_purged":[],"score":192,"play_id":"3b3f7127-d451-4633-8c5d-da42a4f05d09","local_time":"20180727001245","is_ascension_mode":false,"campfire_choices":[{"floor":7,"key":"REST"},{"floor":12,"key":"REST"},{"floor":15,"key":"REST"}],"neow_cost":"NONE","seed_source_timestamp":214097127227328,"circlet_count":0,"master_deck":["Strike_B","Strike_B","Strike_B","Strike_B","Defend_B","Defend_B","Defend_B","Defend_B","Zap","Dualcast","Defragment","BootSequence","Hologram","White Noise","Glacier","Defragment","Loop","Melter","Redo","Defragment","Rainbow","Stack","Ball Lightning","BootSequence","Gash","Reinforced Body","Static Discharge+1","Static Discharge+1","Stack+1"],"relics":["Cracked Core","Ancient Tea Set","Calipers","DataDisk","Gremlin Horn","Orrery","Runic Capacitor"],"potions_floor_usage":[11,16,22],"damage_taken":[{"damage":3,"enemies":"Jaw Worm","floor":1,"turns":3},{"damage":1,"enemies":"Cultist","floor":3,"turns":4},{"damage":5,"enemies":"Small Slimes","floor":4,"turns":3},{"damage":7,"enemies":"Red Slaver","floor":5,"turns":4},{"damage":30,"enemies":"3 Sentries","floor":6,"turns":8},{"damage":10,"enemies":"Large Slime","floor":10,"turns":8},{"damage":0,"enemies":"Looter","floor":11,"turns":2},{"damage":19,"enemies":"Exordium Wildlife","floor":13,"turns":5},{"damage":9,"enemies":"Blue Slaver","floor":14,"turns":3},{"damage":29,"enemies":"Slime Boss","floor":16,"turns":14},{"damage":15,"enemies":"Shell Parasite","floor":18,"turns":6},{"damage":24,"enemies":"Spheric Guardian","floor":19,"turns":5},{"damage":35,"enemies":"Snake Plant","floor":21,"turns":4},{"damage":9,"enemies":"3 Cultists","floor":22,"turns":3}],"seed_played":"-7408575101695869460","potions_obtained":[{"floor":4,"key":"SteroidPotion"},{"floor":6,"key":"GamblersBrew"},{"floor":10,"key":"Fire Potion"},{"floor":13,"key":"Dexterity Potion"},{"floor":14,"key":"SpeedPotion"}],"is_trial":false,"path_per_floor":["M","?","M","M","M","E","R","$","T","M","M","R","M","M","R","B",null,"M","M","$","M"],"character_chosen":"DEFECT","items_purchased":["Defragment","DataDisk","Runic Capacitor"],"campfire_rested":3,"item_purchase_floors":[8,8,20],"current_hp_per_floor":[72,72,71,66,59,29,51,51,51,41,41,63,44,35,57,28,75,60,36,36,1,0],"gold":137,"neow_bonus":"RANDOM_COMMON_RELIC","is_prod":false,"is_daily":false,"chose_seed":false,"campfire_upgraded":0,"win_rate":0,"timestamp":1532621565,"path_taken":["M","?","M","M","M","E","R","?","T","M","M","R","M","M","R","BOSS","M","M","$","M","M"],"build_version":"2018-07-19v2","purchased_purges":0,"victory":false,"max_hp_per_floor":[75,75,75,75,75,75,75,75,75,75,75,75,75,75,75,75,75,75,75,75,75,75],"card_choices":[{"not_picked":["Stack","Cold Snap"],"picked":"Defragment","floor":1},{"not_picked":["Redo","Scrape"],"picked":"BootSequence","floor":3},{"not_picked":["Doom and Gloom","Coolheaded"],"picked":"Hologram","floor":4},{"not_picked":["Streamline","Recycle"],"picked":"White Noise","floor":5},{"not_picked":["Echo Form","Stack"],"picked":"Glacier","floor":6},{"not_picked":["Steam","Chill"],"picked":"Loop","floor":10},{"not_picked":["Cold Snap","Compile Driver"],"picked":"Melter","floor":11},{"not_picked":["Compile Driver","Leap"],"picked":"Redo","floor":13},{"not_picked":["BootSequence","Hologram"],"picked":"Defragment","floor":14},{"not_picked":["Reboot","Buffer"],"picked":"Rainbow","floor":16},{"not_picked":["Sunder","Streamline"],"picked":"Stack","floor":17},{"not_picked":["Cold Snap","Consume"],"picked":"Ball Lightning","floor":17},{"not_picked":["Steam","Go for the Eyes"],"picked":"BootSequence","floor":17},{"not_picked":["Cold Snap","Consume"],"picked":"Gash","floor":17},{"not_picked":["Static Discharge","Meteor Strike"],"picked":"Reinforced Body","floor":17},{"not_picked":["Tempest","Beam Cell"],"picked":"Static Discharge+1","floor":18},{"not_picked":["Rebound","Go for the Eyes"],"picked":"Static Discharge+1","floor":19},{"not_picked":["Recycle","Storm"],"picked":"Stack+1","floor":21}],"player_experience":174935,"relics_obtained":[{"floor":6,"key":"Calipers"},{"floor":9,"key":"Gremlin Horn"}],"event_choices":[{"event_name":"Golden Shrine","player_choice":"Pray","floor":2,"damage_taken":0}],"is_beta":false,"boss_relics":[{"not_picked":["Astrolabe","Tiny House"],"picked":"Orrery"}],"items_purged_floors":[],"is_endless":false,"potions_floor_spawned":[4,6,10,13,14],"killed_by":"3 Cultists","ascension_level":0}