{"gold_per_floor":[116,136,136,150,162,162,175,186,231,231,241,6,25,25,25,120,170,190,204,204,204,219,219,233,248,272,272,286,286,300,24,24,24],"floor_reached":33,"playtime":1703,"items_purged":["Strike_B"],"score":331,"play_id":"468aba3f-921b-46f4-9238-4ede3944a32c","local_time":"20190502145038","is_ascension_mode":true,"campfire_choices":[{"data":"Zap","floor":6,"key":"SMITH"},{"data":"Reinforced Body","floor":10,"key":"SMITH"},{"floor":15,"key":"REST"},{"floor":23,"key":"REST"},{"floor":27,"key":"REST"},{"floor":32,"key":"REST"}],"neow_cost":"NONE","seed_source_timestamp":485861075100111,"circlet_count":0,"master_deck":["Strike_B","Strike_B","Strike_B","Defend_B","Defend_B+1","Defend_B","Defend_B","Zap+1","Dualcast","Recycle+1","Coolheaded","Hologram","Gash","FTL","Reinforced Body+1","Rebound","Loop","Good Instincts","Steam","Core Surge","Chill","FTL+1","Stack+1","Defragment+1","Echo Form","Chaos+1","Sweeping Beam"],"relics":["Bag of Preparation","Oddly Smooth Stone","Tiny House","Bronze Scales","Nloth\u0027s Gift","Pen Nib"],"potions_floor_usage":[8,16,16,22,22,28,33,33,33],"damage_taken":[{"damage":9,"enemies":"Cultist","floor":1,"turns":5},{"damage":0,"enemies":"Small Slimes","floor":2,"turns":3},{"damage":6,"enemies":"Jaw Worm","floor":4,"turns":5},{"damage":1,"enemies":"2 Fungi Beasts","floor":5,"turns":4},{"damage":10,"enemies":"Large Slime","floor":7,"turns":6},{"damage":11,"enemies":"Lots of Slimes","floor":8,"turns":6},{"damage":14,"enemies":"Gremlin Gang","floor":11,"turns":4},{"damage":7,"enemies":"Blue Slaver","floor":13,"turns":3},{"damage":19,"enemies":"The Guardian","floor":16,"turns":17},{"damage":0,"enemies":"3 Byrds","floor":18,"turns":5},{"damage":25,"enemies":"Chosen","floor":19,"turns":5},{"damage":16,"enemies":"Colosseum Slavers","floor":21,"turns":6},{"damage":47,"enemies":"3 Cultists","floor":22,"turns":9},{"damage":7,"enemies":"Sentry and Sphere","floor":24,"turns":10},{"damage":0,"enemies":"Snake Plant","floor":25,"turns":7},{"damage":0,"enemies":"3 Cultists","floor":28,"turns":7},{"damage":10,"enemies":"Shelled Parasite and Fungi","floor":30,"turns":6},{"damage":79,"enemies":"Collector","floor":33,"turns":6}],"seed_played":"-4614496147116685669","potions_obtained":[{"floor":2,"key":"EssenceOfSteel"},{"floor":4,"key":"Block Potion"},{"floor":7,"key":"Weak Potion"},{"floor":8,"key":"SteroidPotion"},{"floor":11,"key":"Dexterity Potion"},{"floor":17,"key":"Energy Potion"},{"floor":19,"key":"Block Potion"},{"floor":24,"key":"Ancient Potion"},{"floor":25,"key":"Explosive Potion"},{"floor":28,"key":"SkillPotion"}],"is_trial":false,"path_per_floor":["M","M","?","M","M","R","M","M","T","R","M","$","M","?","R","B",null,"M","M","?","?","M","R","M","M","T","R","M","?","M","$","R","B"],"character_chosen":"DEFECT","items_purchased":["Oddly Smooth Stone","Good Instincts","Pen Nib","PowerPotion"],"campfire_rested":4,"item_purchase_floors":[12,12,31,31],"current_hp_per_floor":[59,59,59,53,52,52,42,31,31,31,17,17,10,10,32,13,65,65,40,66,50,3,27,20,20,20,44,44,44,34,34,58,0],"gold":24,"neow_bonus":"THREE_CARDS","is_prod":false,"is_daily":false,"chose_seed":false,"campfire_upgraded":2,"win_rate":0,"timestamp":1556779838,"path_taken":["M","M","?","M","?","R","M","M","T","R","M","$","M","?","R","BOSS","M","M","?","?","M","R","M","M","T","R","M","?","M","$","R","BOSS"],"build_version":"2019-01-23","purchased_purges":1,"victory":false,"max_hp_per_floor":[75,75,75,75,75,75,75,75,75,75,75,75,75,75,75,75,80,80,80,80,80,80,80,80,80,80,80,80,80,80,80,80,80],"card_choices":[{"not_picked":["Leap","Hologram"],"picked":"Recycle","floor":0},{"not_picked":["Gash","Cold Snap"],"picked":"Coolheaded","floor":1},{"not_picked":["Consume","Leap"],"picked":"Hologram","floor":2},{"not_picked":["Leap","Storm"],"picked":"Gash","floor":4},{"not_picked":["Storm","Rip and Tear"],"picked":"FTL","floor":5},{"not_picked":["Turbo","Steam"],"picked":"Reinforced Body","floor":7},{"not_picked":["Darkness","Blizzard"],"picked":"Rebound","floor":8},{"not_picked":["Barrage","Coolheaded"],"picked":"Loop","floor":11},{"not_picked":["Capacitor","Chaos"],"picked":"Steam","floor":13},{"not_picked":["Amplify","Thunder Strike"],"picked":"Core Surge","floor":16},{"not_picked":["Capacitor","Steam+1"],"picked":"Chill","floor":18},{"not_picked":["Auto Shields","Doom and Gloom"],"picked":"FTL+1","floor":19},{"not_picked":["Loop+1","Leap"],"picked":"Stack+1","floor":22},{"not_picked":["Sweeping Beam","Heatsinks+1"],"picked":"Defragment+1","floor":24},{"not_picked":["Loop+1","Barrage+1"],"picked":"Echo Form","floor":25},{"not_picked":["Compile Driver","Ball Lightning"],"picked":"Chaos+1","floor":28},{"not_picked":["Leap+1","Conserve Battery"],"picked":"Sweeping Beam","floor":30}],"player_experience":843708,"relics_obtained":[{"floor":9,"key":"Bag of Preparation"},{"floor":26,"key":"Bronze Scales"}],"event_choices":[{"damage_healed":0,"gold_gain":0,"player_choice":"Forge","damage_taken":0,"max_hp_gain":0,"max_hp_loss":0,"event_name":"Accursed Blacksmith","floor":3,"gold_loss":0,"cards_upgraded":["Recycle"]},{"damage_healed":0,"gold_gain":0,"player_choice":"Ignored","damage_taken":0,"max_hp_gain":0,"max_hp_loss":0,"event_name":"Golden Idol","floor":14,"gold_loss":0},{"damage_healed":26,"gold_gain":0,"player_choice":"Heal","damage_taken":0,"max_hp_gain":0,"max_hp_loss":0,"event_name":"The Library","floor":20,"gold_loss":0},{"damage_healed":0,"gold_gain":0,"player_choice":"Fight","damage_taken":0,"max_hp_gain":0,"max_hp_loss":0,"event_name":"Colosseum","floor":21,"gold_loss":0},{"damage_healed":0,"gold_gain":0,"player_choice":"Fled From Nobs","damage_taken":0,"max_hp_gain":0,"max_hp_loss":0,"event_name":"Colosseum","floor":21,"gold_loss":0},{"damage_healed":0,"gold_gain":0,"player_choice":"Traded Relic","damage_taken":0,"relics_obtained":["Nloth\u0027s Gift"],"max_hp_gain":0,"max_hp_loss":0,"event_name":"N\u0027loth","floor":29,"relics_lost":["Cracked Core"],"gold_loss":0}],"is_beta":false,"boss_relics":[{"not_picked":["Runic Dome","Lizard Tail"],"picked":"Tiny House"}],"items_purged_floors":[31],"is_endless":false,"potions_floor_spawned":[2,4,7,8,11,19,21,24,25,28],"killed_by":"Collector","ascension_level":7}