{"gold_per_floor":[113,128,128,303,323,323,340,375,402,431,396,296,296,313,313,417,417,432,150,250,58,58,58,68,85,131,206,225,239,272,272,272,272],"floor_reached":33,"playtime":9329,"items_purged":["Doubt"],"score":410,"play_id":"e0a306e5-f13b-4aea-b59c-13072f1cf165","local_time":"20190310203805","is_ascension_mode":true,"campfire_choices":[{"data":"Body Slam","floor":6,"key":"SMITH"},{"floor":13,"key":"REST"},{"floor":15,"key":"REST"},{"data":"Pommel Strike","floor":23,"key":"SMITH"},{"data":"Ghostly","floor":32,"key":"SMITH"}],"neow_cost":"TEN_PERCENT_HP_LOSS","seed_source_timestamp":748696799595930,"circlet_count":0,"master_deck":["Strike_R","Strike_R","Strike_R","Defend_R+1","Defend_R","Defend_R","Defend_R","Bash","Body Slam+1","Ghostly Armor+1","Pommel Strike+1","Whirlwind+1","Headbutt","Flex","Pummel","Spot Weakness","Twin Strike","Battle Trance","Demon Form","Dual Wield+1","Sword Boomerang+1","True Grit","Seeing Red+1","Power Through+1","Infernal Blade","Body Slam+1","Ghostly+1","Ghostly","Ghostly","Ghostly","Ghostly"],"relics":["Burning Blood","Bag of Preparation","Strawberry","Dream Catcher","Centennial Puzzle","Coffee Dripper","Sling","Turnip","Matryoshka","MealTicket","Omamori","Oddly Smooth Stone"],"potions_floor_usage":[7,8,20,28,29,30],"damage_taken":[{"damage":9,"enemies":"Jaw Worm","floor":1,"turns":5},{"damage":10,"enemies":"2 Louse","floor":2,"turns":3},{"damage":0,"enemies":"Small Slimes","floor":5,"turns":3},{"damage":25,"enemies":"Exordium Thugs","floor":7,"turns":5},{"damage":33,"enemies":"Lagavulin","floor":8,"turns":7},{"damage":26,"enemies":"3 Sentries","floor":10,"turns":9},{"damage":9,"enemies":"2 Fungi Beasts","floor":14,"turns":3},{"damage":28,"enemies":"The Guardian","floor":16,"turns":13},{"damage":9,"enemies":"Shell Parasite","floor":18,"turns":3},{"damage":27,"enemies":"Colosseum Slavers","floor":20,"turns":4},{"damage":24,"enemies":"Colosseum Nobs","floor":20,"turns":4},{"damage":0,"enemies":"3 Byrds","floor":24,"turns":3},{"damage":4,"enemies":"3 Cultists","floor":25,"turns":3},{"damage":9,"enemies":"Centurion and Healer","floor":28,"turns":3},{"damage":8,"enemies":"Sentry and Sphere","floor":29,"turns":4},{"damage":16,"enemies":"Slavers","floor":30,"turns":3},{"damage":22,"enemies":"Automaton","floor":33,"turns":8}],"seed_played":"1195379888194951417","potions_obtained":[{"floor":5,"key":"Regen Potion"},{"floor":7,"key":"SkillPotion"},{"floor":10,"key":"Dexterity Potion"},{"floor":24,"key":"Weak Potion"},{"floor":25,"key":"AttackPotion"},{"floor":28,"key":"LiquidBronze"}],"is_trial":false,"path_per_floor":["M","M","?","?","M","R","M","E","T","E","?","?","R","M","R","B",null,"M","$","?","$","?","R","M","M","T","?","M","M","E","?","R","B"],"character_chosen":"IRONCLAD","items_purchased":["Sling","MealTicket"],"campfire_rested":2,"item_purchase_floors":[19,21],"current_hp_per_floor":[69,65,51,51,57,57,52,25,32,12,31,31,54,51,74,52,72,69,69,30,30,30,30,36,38,38,31,28,26,16,16,16,0],"gold":272,"neow_bonus":"TRANSFORM_TWO_CARDS","is_prod":false,"is_daily":false,"chose_seed":false,"campfire_upgraded":3,"win_rate":0,"timestamp":1552264685,"path_taken":["M","M","?","?","M","R","M","E","T","E","?","?","R","M","R","BOSS","M","$","?","$","?","R","M","?","T","?","?","M","E","?","R","BOSS"],"build_version":"2019-01-23","purchased_purges":1,"victory":false,"max_hp_per_floor":[72,72,72,72,72,72,72,72,79,79,79,79,79,79,79,79,79,79,79,79,79,79,79,79,79,79,79,79,79,79,39,39,39],"card_choices":[{"not_picked":["Bloodletting","Reckless Charge"],"picked":"Pommel Strike","floor":1},{"not_picked":["Dropkick","Shrug It Off"],"picked":"Whirlwind","floor":2},{"not_picked":["Searing Blow","Cleave"],"picked":"Headbutt","floor":5},{"not_picked":["Heavy Blade","Wild Strike"],"picked":"Flex","floor":7},{"not_picked":["Headbutt","Sword Boomerang"],"picked":"Pummel","floor":8},{"not_picked":["Juggernaut","Sever Soul"],"picked":"Spot Weakness","floor":10},{"not_picked":["Headbutt","Body Slam"],"picked":"Twin Strike","floor":14},{"not_picked":["Thunderclap","Sword Boomerang"],"picked":"Battle Trance","floor":15},{"not_picked":["Impervious","Limit Break"],"picked":"Demon Form","floor":16},{"not_picked":["Pommel Strike+1","Perfected Strike+1"],"picked":"Dual Wield+1","floor":18},{"not_picked":["Dropkick","Twin Strike"],"picked":"Sword Boomerang+1","floor":20},{"not_picked":["Shrug It Off","Pummel"],"picked":"True Grit","floor":24},{"not_picked":["True Grit","Dropkick+1"],"picked":"Seeing Red+1","floor":25},{"not_picked":["Wild Strike","Havoc+1"],"picked":"Power Through+1","floor":28},{"not_picked":["Clothesline","Clash"],"picked":"Infernal Blade","floor":29},{"not_picked":["Sword Boomerang","Clash"],"picked":"Body Slam+1","floor":30}],"player_experience":1071561,"relics_obtained":[{"floor":8,"key":"Bag of Preparation"},{"floor":9,"key":"Strawberry"},{"floor":10,"key":"Dream Catcher"},{"floor":20,"key":"Turnip"},{"floor":20,"key":"Matryoshka"},{"floor":26,"key":"Omamori"},{"floor":30,"key":"Oddly Smooth Stone"}],"event_choices":[{"damage_healed":0,"gold_gain":0,"player_choice":"Entered Light","damage_taken":14,"max_hp_gain":0,"max_hp_loss":0,"event_name":"Shining Light","floor":3,"gold_loss":0,"cards_upgraded":["Defend_R","Ghostly Armor"]},{"damage_healed":0,"gold_gain":175,"player_choice":"AGREE","damage_taken":0,"max_hp_gain":0,"max_hp_loss":0,"event_name":"Liars Game","floor":4,"gold_loss":0,"cards_obtained":["Doubt"]},{"damage_healed":19,"gold_gain":0,"player_choice":"Healed","damage_taken":0,"max_hp_gain":0,"max_hp_loss":0,"event_name":"The Cleric","floor":11,"gold_loss":35},{"damage_healed":0,"gold_gain":0,"player_choice":"Paid Gold","damage_taken":0,"relics_obtained":["Centennial Puzzle"],"max_hp_gain":0,"max_hp_loss":0,"event_name":"WeMeetAgain","floor":12,"gold_loss":100},{"damage_healed":0,"gold_gain":0,"player_choice":"Fight","damage_taken":0,"max_hp_gain":0,"max_hp_loss":0,"event_name":"Colosseum","floor":20,"gold_loss":0},{"damage_healed":0,"gold_gain":0,"player_choice":"Fought Nobs","damage_taken":0,"max_hp_gain":0,"max_hp_loss":0,"event_name":"Colosseum","floor":20,"gold_loss":0},{"damage_healed":0,"gold_gain":0,"player_choice":"Forge","damage_taken":0,"max_hp_gain":0,"max_hp_loss":0,"event_name":"Accursed Blacksmith","floor":22,"gold_loss":0,"cards_upgraded":["Whirlwind"]},{"damage_healed":0,"gold_gain":75,"player_choice":"Touch","damage_taken":7,"max_hp_gain":0,"max_hp_loss":0,"event_name":"FaceTrader","floor":27,"gold_loss":0},{"damage_healed":0,"gold_gain":0,"player_choice":"Became a Ghost","damage_taken":0,"max_hp_gain":0,"max_hp_loss":40,"event_name":"Ghosts","floor":31,"gold_loss":0,"cards_obtained":["Ghostly","Ghostly","Ghostly","Ghostly","Ghostly"]}],"is_beta":false,"boss_relics":[{"not_picked":["Black Blood","Calling Bell"],"picked":"Coffee Dripper"}],"items_purged_floors":[19],"is_endless":false,"potions_floor_spawned":[5,7,10,20,24,25,28],"killed_by":"Automaton","ascension_level":8}