{"gold_per_floor":[119,119,394,413,231,257,257,274,274,274,286,286,315,136,136,232,232,244,262,187,187,203,203,203,203,203,233,9,9,24,24],"floor_reached":31,"playtime":1893,"items_purged":["Regret","Strike_G","Strike_G+1"],"score":339,"play_id":"00ab0e89-6355-455f-824f-8df01d79f21c","local_time":"20190524185446","is_ascension_mode":true,"campfire_choices":[{"data":"Leg Sweep","floor":7,"key":"SMITH"},{"floor":12,"key":"REST"},{"floor":15,"key":"REST"},{"floor":23,"key":"REST"},{"data":"Footwork","floor":25,"key":"SMITH"},{"floor":29,"key":"REST"}],"neow_cost":"NONE","seed_source_timestamp":1253987245980809,"circlet_count":0,"master_deck":["Defend_G+1","Defend_G+1","Defend_G+1","Defend_G+1","Defend_G+1","Survivor","Neutralize","Die Die Die","Backflip+1","Dagger Throw","Catalyst","Leg Sweep+1","Unload","Cloak And Dagger","Footwork+1","Bullet Time","Dagger Spray","Blade Dance+1","PiercingWail","Bouncing Flask","Footwork+1","Backflip","PiercingWail"],"relics":["Ring of the Snake","Pantograph","Sundial","The Specimen","White Beast Statue","Bottled Lightning","Frozen Egg 2"],"potions_floor_usage":[6,16,22,22,27,31,31,31],"damage_taken":[{"damage":0,"enemies":"2 Louse","floor":1,"turns":1},{"damage":8,"enemies":"Jaw Worm","floor":4,"turns":6},{"damage":30,"enemies":"Lagavulin","floor":6,"turns":12},{"damage":0,"enemies":"Cultist","floor":8,"turns":2},{"damage":0,"enemies":"Large Slime","floor":11,"turns":4},{"damage":29,"enemies":"Gremlin Nob","floor":13,"turns":5},{"damage":23,"enemies":"Hexaghost","floor":16,"turns":13},{"damage":16,"enemies":"Shell Parasite","floor":18,"turns":10},{"damage":17,"enemies":"Spheric Guardian","floor":19,"turns":8},{"damage":9,"enemies":"Snake Plant","floor":22,"turns":3},{"damage":39,"enemies":"Gremlin Leader","floor":27,"turns":10},{"damage":6,"enemies":"Sentry and Sphere","floor":30,"turns":7},{"damage":9,"enemies":"Slavers","floor":31,"turns":5}],"seed_played":"-5696382819530978741","potions_obtained":[{"floor":4,"key":"Fire Potion"},{"floor":13,"key":"PowerPotion"},{"floor":16,"key":"Poison Potion"},{"floor":18,"key":"Poison Potion"},{"floor":19,"key":"Ancient Potion"},{"floor":22,"key":"Strength Potion"},{"floor":27,"key":"FearPotion"},{"floor":30,"key":"SpeedPotion"}],"is_trial":false,"path_per_floor":["M","?","?","M","$","E","R","M","T","?","M","R","E","$","R","B",null,"M","M","?","?","M","R","?","R","T","E","$","R","M","E"],"character_chosen":"THE_SILENT","items_purchased":["Catalyst","Leg Sweep","Footwork","Footwork+1","Backflip"],"campfire_rested":4,"item_purchase_floors":[5,5,14,28,28],"current_hp_per_floor":[63,56,56,48,48,18,18,18,18,18,18,39,10,10,31,33,61,45,28,28,28,19,40,40,40,40,1,1,22,16,7],"gold":24,"neow_bonus":"ONE_RANDOM_RARE_CARD","is_prod":false,"is_daily":false,"chose_seed":false,"campfire_upgraded":2,"win_rate":0,"timestamp":1558749286,"path_taken":["M","?","?","?","$","E","R","M","T","?","M","R","E","$","R","BOSS","M","M","?","?","?","R","?","R","T","E","$","R","M","E"],"build_version":"2019-01-23","purchased_purges":3,"victory":false,"max_hp_per_floor":[70,70,70,70,70,70,70,70,70,70,70,70,70,70,70,70,70,70,70,70,70,70,70,70,70,70,70,70,70,70,70],"card_choices":[{"not_picked":["Blur","Prepared"],"picked":"Backflip","floor":1},{"not_picked":["Backflip","Dodge and Roll"],"picked":"Dagger Throw","floor":4},{"not_picked":["Backflip","Distraction"],"picked":"Unload","floor":6},{"not_picked":["Deadly Poison","Acrobatics","Deflect"],"picked":"SKIP","floor":8},{"not_picked":["Infinite Blades","Concentrate","Caltrops"],"picked":"SKIP","floor":11},{"not_picked":["Blade Dance","Noxious Fumes"],"picked":"Cloak And Dagger","floor":13},{"not_picked":["Grand Finale","Phantasmal Killer"],"picked":"Bullet Time","floor":16},{"not_picked":["Outmaneuver","Underhanded Strike+1"],"picked":"Dagger Spray","floor":18},{"not_picked":["Distraction+1","Acrobatics"],"picked":"Blade Dance+1","floor":19},{"not_picked":["Backflip","All Out Attack"],"picked":"PiercingWail","floor":22},{"not_picked":["Flechettes","Dodge and Roll"],"picked":"Bouncing Flask","floor":27},{"not_picked":["Concentrate","Endless Agony"],"picked":"PiercingWail","floor":30}],"player_experience":310019,"relics_obtained":[{"floor":6,"key":"Pantograph"},{"floor":9,"key":"Sundial"},{"floor":13,"key":"The Specimen"},{"floor":26,"key":"Bottled Lightning"},{"floor":27,"key":"Frozen Egg 2"}],"event_choices":[{"cards_removed":["Strike_G"],"damage_healed":0,"gold_gain":0,"player_choice":"Card Removal","damage_taken":7,"max_hp_gain":0,"max_hp_loss":0,"event_name":"Golden Wing","floor":2,"gold_loss":0},{"damage_healed":0,"gold_gain":275,"player_choice":"Desecrate","damage_taken":0,"max_hp_gain":0,"max_hp_loss":0,"event_name":"Golden Shrine","floor":3,"gold_loss":0,"cards_obtained":["Regret"]},{"damage_healed":0,"gold_gain":0,"player_choice":"Upgraded","damage_taken":0,"max_hp_gain":0,"max_hp_loss":0,"event_name":"Upgrade Shrine","floor":10,"gold_loss":0,"cards_upgraded":["Backflip"]},{"cards_removed":["Strike_G"],"damage_healed":0,"gold_gain":0,"player_choice":"Gave Gold","damage_taken":0,"max_hp_gain":0,"max_hp_loss":0,"event_name":"Beggar","floor":20,"gold_loss":75},{"cards_removed":["Strike_G"],"damage_healed":0,"gold_gain":0,"player_choice":"Purged","damage_taken":0,"max_hp_gain":0,"max_hp_loss":0,"event_name":"Purifier","floor":21,"gold_loss":0},{"damage_healed":0,"gold_gain":0,"player_choice":"Simplicity","damage_taken":0,"max_hp_gain":0,"max_hp_loss":0,"event_name":"Back to Basics","floor":24,"gold_loss":0,"cards_upgraded":["Defend_G","Defend_G","Defend_G","Defend_G","Defend_G","Strike_G"]}],"is_beta":false,"boss_relics":[{"not_picked":["Sozu","Cursed Key"],"picked":"White Beast Statue"}],"items_purged_floors":[5,14,28],"is_endless":false,"potions_floor_spawned":[4,13,16,18,19,22,27,30],"killed_by":"Slavers","ascension_level":6}