{"gold_per_floor":[112,112,122,138,213,546,557,557,557,591,591,618,106,117,117,214,214,224,241,254,254,265,297,297,329,352,352,380,380,395,412,412,507,507,520,539,175,191,204,204,214,214,214,247,266,266,281,281,281,281],"floor_reached":51,"playtime":2392,"items_purged":[],"score":960,"play_id":"852769ca-4322-47d6-b70a-289f9b91fbbf","local_time":"20180926030540","is_ascension_mode":true,"campfire_choices":[{"floor":8,"key":"REST"},{"floor":15,"key":"REST"},{"data":"Flex","floor":24,"key":"SMITH"},{"floor":27,"key":"REST"},{"data":"Flex","floor":32,"key":"SMITH"},{"data":"Heavy Blade","floor":40,"key":"SMITH"},{"floor":42,"key":"REST"},{"data":"Demon Form","floor":49,"key":"SMITH"}],"neow_cost":"NONE","seed_source_timestamp":1522704950942650,"circlet_count":0,"master_deck":["Strike_R","Strike_R","Strike_R","Strike_R","Strike_R","Defend_R","Defend_R","Defend_R","Defend_R","Thunderclap","Flex+1","Iron Wave","Headbutt","Feed","Shrug It Off","Clash","Feed","Demon Form+1","Cleave+1","Flex+1","Sword Boomerang","Heavy Blade+1","Cleave","Heavy Blade+1","Iron Wave+1","Reaper","Pommel Strike+1","Iron Wave+1","Blood for Blood+1","Searing Blow+1","Spot Weakness","Clash+1","Clash+1","Flex","Headbutt","Heavy Blade+1"],"relics":["Black Blood","Old Coin","Mercury Hourglass","Shuriken","Unceasing Top","Incense Burner","Sling","Magic Flower","Blue Candle","Ice Cream","Dream Catcher","Ornamental Fan","Meat on the Bone","Sozu","Ginger","Strawberry","Darkstone Periapt","Mango","Champion Belt"],"potions_floor_usage":[6,10,19,22,50,50],"damage_taken":[{"damage":6,"enemies":"Cultist","floor":1,"turns":3},{"damage":10,"enemies":"2 Louse","floor":3,"turns":2},{"damage":12,"enemies":"Jaw Worm","floor":4,"turns":3},{"damage":19,"enemies":"Gremlin Nob","floor":6,"turns":5},{"damage":22,"enemies":"Exordium Wildlife","floor":7,"turns":6},{"damage":15,"enemies":"Lagavulin","floor":10,"turns":6},{"damage":4,"enemies":"3 Sentries","floor":12,"turns":6},{"damage":12,"enemies":"Gremlin Gang","floor":14,"turns":3},{"damage":39,"enemies":"The Guardian","floor":16,"turns":10},{"damage":19,"enemies":"Spheric Guardian","floor":18,"turns":4},{"damage":13,"enemies":"2 Thieves","floor":19,"turns":3},{"damage":23,"enemies":"Centurion and Healer","floor":20,"turns":5},{"damage":21,"enemies":"Snake Plant","floor":22,"turns":4},{"damage":19,"enemies":"Gremlin Leader","floor":23,"turns":4},{"damage":42,"enemies":"Book of Stabbing","floor":25,"turns":5},{"damage":0,"enemies":"Gremlin Leader","floor":28,"turns":5},{"damage":17,"enemies":"Sentry and Sphere","floor":30,"turns":5},{"damage":34,"enemies":"Shelled Parasite and Fungi","floor":31,"turns":4},{"damage":30,"enemies":"Collector","floor":33,"turns":7},{"damage":10,"enemies":"3 Darklings","floor":35,"turns":3},{"damage":5,"enemies":"Orb Walker","floor":36,"turns":3},{"damage":25,"enemies":"3 Darklings","floor":38,"turns":4},{"damage":13,"enemies":"Spire Growth","floor":39,"turns":3},{"damage":49,"enemies":"Maw","floor":41,"turns":7},{"damage":30,"enemies":"2 Orb Walkers","floor":44,"turns":4},{"damage":4,"enemies":"Transient","floor":45,"turns":5},{"damage":14,"enemies":"Mind Bloom Boss Battle","floor":46,"turns":4},{"damage":34,"enemies":"3 Darklings","floor":47,"turns":4},{"damage":72,"enemies":"Donu and Deca","floor":50,"turns":7}],"seed_played":"-6068089899564485995","potions_obtained":[{"floor":1,"key":"Block Potion"},{"floor":6,"key":"Explosive Potion"},{"floor":10,"key":"SteroidPotion"},{"floor":16,"key":"Poison Potion"},{"floor":20,"key":"LiquidBronze"},{"floor":28,"key":"Fire Potion"},{"floor":31,"key":"Explosive Potion"}],"is_trial":false,"path_per_floor":["M","$","M","M","?","E","M","R","T","E","T","E","$","M","R","B",null,"M","M","M","?","M","E","R","E","T","R","E","?","M","M","R","B",null,"M","M","$","M","M","R","M","R","T","E","M","?","M","T","R","B"],"character_chosen":"IRONCLAD","items_purchased":["Sling","Magic Flower","Ginger","Spot Weakness"],"campfire_rested":4,"item_purchase_floors":[13,13,37,37],"current_hp_per_floor":[80,80,76,70,59,46,33,57,57,48,48,53,53,50,75,50,89,85,92,89,89,83,79,79,52,52,80,95,95,101,87,87,72,104,104,104,104,99,106,106,76,109,116,101,117,131,112,112,112,73],"gold":281,"neow_bonus":"TRANSFORM_CARD","is_prod":false,"is_daily":false,"chose_seed":false,"campfire_upgraded":4,"win_rate":0,"timestamp":1537956340,"path_taken":["M","?","?","M","?","E","M","R","T","E","?","E","$","M","R","BOSS","M","?","M","?","M","E","R","E","T","R","E","?","?","M","R","BOSS","M","?","$","M","?","R","M","R","T","E","M","?","?","?","R","BOSS"],"build_version":"2018-09-20","purchased_purges":0,"victory":true,"max_hp_per_floor":[80,80,80,80,80,80,83,83,83,83,83,86,86,86,86,89,89,89,92,95,95,95,95,95,95,95,95,95,95,101,104,104,104,104,104,104,104,107,110,110,110,110,117,117,117,131,131,131,131,131],"card_choices":[{"not_picked":["Whirlwind","True Grit"],"picked":"Flex","floor":1},{"not_picked":["Wild Strike","Armaments"],"picked":"Iron Wave","floor":3},{"not_picked":["Clothesline","Sword Boomerang"],"picked":"Headbutt","floor":4},{"not_picked":["Warcry","Pummel"],"picked":"Feed","floor":6},{"not_picked":["Thunderclap","Havoc"],"picked":"Shrug It Off","floor":7},{"not_picked":["Entrench","Fire Breathing"],"picked":"Clash","floor":10},{"not_picked":["Shrug It Off","Cleave"],"picked":"Feed","floor":12},{"not_picked":["Shrug It Off","Intimidate","Wild Strike"],"picked":"SKIP","floor":14},{"not_picked":["Bludgeon","Reaper"],"picked":"Demon Form","floor":16},{"not_picked":["Evolve","Shrug It Off"],"picked":"Cleave+1","floor":18},{"not_picked":["Body Slam","Power Through","Clothesline"],"picked":"SKIP","floor":19},{"not_picked":["Wild Strike","Thunderclap+1"],"picked":"Flex","floor":20},{"not_picked":["Warcry","Dropkick"],"picked":"Heavy Blade+1","floor":22},{"not_picked":["Body Slam","Headbutt"],"picked":"Cleave","floor":23},{"not_picked":["Feel No Pain","True Grit+1"],"picked":"Heavy Blade","floor":25},{"not_picked":["Disarm","Heavy Blade"],"picked":"Iron Wave+1","floor":27},{"not_picked":["Fire Breathing","Sever Soul"],"picked":"Reaper","floor":28},{"not_picked":["Havoc","Perfected Strike+1"],"picked":"Pommel Strike+1","floor":30},{"not_picked":["Clothesline","Perfected Strike"],"picked":"Iron Wave+1","floor":31},{"not_picked":["True Grit","Sword Boomerang"],"picked":"Blood for Blood+1","floor":35},{"not_picked":["Shrug It Off","Havoc"],"picked":"Searing Blow+1","floor":36},{"not_picked":["Metallicize","Whirlwind"],"picked":"Clash+1","floor":38},{"not_picked":["Searing Blow+1","Shockwave","True Grit+1"],"picked":"SKIP","floor":39},{"not_picked":["Rampage","Seeing Red"],"picked":"Clash+1","floor":41},{"not_picked":["Body Slam","Disarm"],"picked":"Flex","floor":42},{"not_picked":["Armaments","Combust","Sever Soul+1"],"picked":"SKIP","floor":44},{"not_picked":["Heavy Blade","Reckless Charge"],"picked":"Headbutt","floor":45},{"not_picked":["Perfected Strike","Pommel Strike+1"],"picked":"Heavy Blade+1","floor":46},{"not_picked":["Shrug It Off","Evolve","Power Through+1"],"picked":"SKIP","floor":47}],"player_experience":265742,"relics_obtained":[{"floor":6,"key":"Old Coin"},{"floor":9,"key":"Mercury Hourglass"},{"floor":10,"key":"Shuriken"},{"floor":11,"key":"Unceasing Top"},{"floor":12,"key":"Incense Burner"},{"floor":23,"key":"Blue Candle"},{"floor":25,"key":"Ice Cream"},{"floor":26,"key":"Dream Catcher"},{"floor":28,"key":"Ornamental Fan"},{"floor":43,"key":"Strawberry"},{"floor":44,"key":"Darkstone Periapt"},{"floor":46,"key":"Mango"},{"floor":48,"key":"Champion Belt"}],"event_choices":[{"event_name":"World of Goop","player_choice":"Gather Gold","floor":5,"damage_taken":0},{"event_name":"The Library","player_choice":"Read","floor":21,"damage_taken":0},{"event_name":"The Mausoleum","player_choice":"Yes","floor":29,"damage_taken":0},{"event_name":"MindBloom","player_choice":"Fight","floor":46,"damage_taken":0}],"is_beta":false,"boss_relics":[{"not_picked":["Velvet Choker","Astrolabe"],"picked":"Black Blood"},{"not_picked":["Runic Pyramid","Snecko Eye"],"picked":"Sozu"}],"items_purged_floors":[],"is_endless":false,"potions_floor_spawned":[1,6,10,16,20,28,31,38,39,44,45],"ascension_level":2}