{"gold_per_floor":[111,127,145,145,125,160,177,207,232,249,275,288,363,378,378,482,482,502,513,513,81,93,93,119,119,119,190,190,68,83,96,96,199,199,209,209,228,228,241,274,13,13,13,13,27,27,2,37,37,37],"floor_reached":50,"playtime":3696,"items_purged":["Decay"],"score":621,"play_id":"41ba8717-22e3-44f6-a017-2ff203536931","local_time":"20180726043257","is_ascension_mode":true,"campfire_choices":[{"floor":15,"key":"REST"},{"floor":23,"key":"DIG"},{"floor":25,"key":"DIG"},{"floor":28,"key":"REST"},{"floor":32,"key":"REST"},{"floor":42,"key":"REST"},{"floor":44,"key":"DIG"},{"floor":46,"key":"DIG"},{"floor":49,"key":"REST"}],"neow_cost":"NONE","seed_source_timestamp":85810558248386,"circlet_count":0,"master_deck":["Defend_G","Defend_G","Defend_G","Defend_G","Defend_G","Strike_G","Strike_G","Strike_G","Strike_G","Strike_G","Survivor","Neutralize","Predator","Dagger Throw","Adrenaline","Calculated Gamble","Deflect","Dodge and Roll","Accuracy","Acrobatics","Escape Plan","Dagger Throw","Accuracy+1","Quick Slash","Good Instincts","Underhanded Strike","Deflect+1","Quick Slash","Injury","Cloak And Dagger","Eviscerate","Poisoned Stab","Unload","Backstab+1","Slice+1","Trip","Finesse","Deep Breath","Underhanded Strike+1","After Image","Writhe","Footwork","Prepared+1","Bullet Time+1"],"relics":["Ring of the Snake","Lantern","Kunai","Pen Nib","Anchor","Ancient Tea Set","Cursed Key","Shovel","Bronze Scales","Potion Belt","Question Card","Nunchaku","Matryoshka","Black Star","Girya","Turnip","Ornamental Fan","Vajra","Toxic Egg 2","Bag of Preparation","Omamori","Calipers","Prayer Wheel"],"potions_floor_usage":[8,11,16,16,19,24,40,40,40,48,50],"damage_taken":[{"damage":0,"enemies":"Cultist","floor":1,"turns":4},{"damage":1,"enemies":"2 Louse","floor":2,"turns":2},{"damage":1,"enemies":"Small Slimes","floor":3,"turns":2},{"damage":14,"enemies":"Gremlin Nob","floor":6,"turns":3},{"damage":6,"enemies":"Exordium Thugs","floor":7,"turns":4},{"damage":1,"enemies":"3 Sentries","floor":8,"turns":7},{"damage":2,"enemies":"Looter","floor":10,"turns":3},{"damage":19,"enemies":"Gremlin Nob","floor":11,"turns":5},{"damage":0,"enemies":"3 Louse","floor":12,"turns":2},{"damage":0,"enemies":"Blue Slaver","floor":14,"turns":1},{"damage":21,"enemies":"Hexaghost","floor":16,"turns":15},{"damage":0,"enemies":"Shell Parasite","floor":18,"turns":4},{"damage":1,"enemies":"2 Thieves","floor":19,"turns":4},{"damage":31,"enemies":"Snecko","floor":22,"turns":7},{"damage":7,"enemies":"Slavers","floor":24,"turns":8},{"damage":0,"enemies":"Centurion and Healer","floor":30,"turns":5},{"damage":16,"enemies":"Cultist and Chosen","floor":31,"turns":6},{"damage":45,"enemies":"Collector","floor":33,"turns":17},{"damage":0,"enemies":"Orb Walker","floor":35,"turns":3},{"damage":0,"enemies":"3 Shapes","floor":37,"turns":3},{"damage":26,"enemies":"Spire Growth","floor":39,"turns":5},{"damage":16,"enemies":"Nemesis","floor":40,"turns":5},{"damage":9,"enemies":"3 Darklings","floor":45,"turns":7},{"damage":24,"enemies":"Giant Head","floor":48,"turns":11},{"damage":36,"enemies":"Time Eater","floor":50,"turns":5}],"seed_played":"-7826504891073790997","potions_obtained":[{"floor":1,"key":"Block Potion"},{"floor":2,"key":"LiquidBronze"},{"floor":5,"key":"PowerPotion"},{"floor":10,"key":"Ancient Potion"},{"floor":11,"key":"Regen Potion"},{"floor":12,"key":"Explosive Potion"},{"floor":18,"key":"GhostInAJar"},{"floor":22,"key":"EssenceOfSteel"},{"floor":31,"key":"SpeedPotion"},{"floor":33,"key":"Strength Potion"},{"floor":37,"key":"SkillPotion"},{"floor":39,"key":"SpeedPotion"}],"is_trial":false,"path_per_floor":["M","M","M","$","?","E","M","E","T","M","E","M","?","M","R","B",null,"M","M","?","$","M","R","E","R","T","T","R","$","M","M","R","B",null,"M","?","M","?","M","E","$","R","T","R","M","R","$","E","R"],"character_chosen":"THE_SILENT","items_purchased":["Shovel","Good Instincts","Underhanded Strike","Cloak And Dagger","Ornamental Fan","Prepared+1"],"campfire_rested":5,"item_purchase_floors":[21,21,21,29,41,47],"current_hp_per_floor":[70,69,68,68,68,54,48,47,47,45,26,26,15,15,36,30,70,70,69,69,69,38,38,31,31,31,31,52,52,52,36,57,12,70,70,70,70,60,34,18,18,39,39,39,30,30,30,6,27,0],"gold":37,"neow_bonus":"RANDOM_COMMON_RELIC","is_prod":false,"is_daily":false,"chose_seed":false,"campfire_upgraded":0,"win_rate":0,"timestamp":1532604777,"path_taken":["M","?","M","$","?","E","M","E","T","?","E","M","?","M","R","BOSS","M","M","?","?","M","R","E","R","T","?","R","$","?","M","R","BOSS","M","?","M","?","M","E","$","R","T","R","?","R","$","E","R","BOSS"],"build_version":"2018-07-19v2","purchased_purges":1,"victory":false,"max_hp_per_floor":[70,70,70,70,70,70,70,70,70,70,70,70,70,70,70,70,70,70,70,70,70,70,70,70,70,70,70,70,70,70,70,70,70,70,70,70,70,70,70,70,70,70,70,70,70,70,70,70,70,70],"card_choices":[{"not_picked":["Underhanded Strike","Backflip"],"picked":"Predator","floor":1},{"not_picked":["Expertise","Catalyst"],"picked":"Dagger Throw","floor":2},{"not_picked":["Acrobatics","Outmaneuver"],"picked":"Adrenaline","floor":3},{"not_picked":["Dash","Terror"],"picked":"Calculated Gamble","floor":6},{"not_picked":["PiercingWail","Concentrate"],"picked":"Deflect","floor":7},{"not_picked":["Sucker Punch","PiercingWail"],"picked":"Dodge and Roll","floor":8},{"not_picked":["Acrobatics","Flying Knee"],"picked":"Accuracy","floor":10},{"not_picked":["Poisoned Stab","Distraction"],"picked":"Acrobatics","floor":11},{"not_picked":["Well Laid Plans","Outmaneuver"],"picked":"Escape Plan","floor":12},{"not_picked":["Acrobatics","Backstab"],"picked":"Dagger Throw","floor":14},{"not_picked":["Riddle With Holes+1","Heel Hook+1"],"picked":"Accuracy+1","floor":18},{"not_picked":["Calculated Gamble+1","Backstab+1"],"picked":"Quick Slash","floor":19},{"not_picked":["Acrobatics","Bane+1"],"picked":"Deflect+1","floor":22},{"not_picked":["Tactician+1","Well Laid Plans+1"],"picked":"Quick Slash","floor":24},{"not_picked":["Calculated Gamble+1","Catalyst","Deadly Poison"],"picked":"Eviscerate","floor":30},{"not_picked":["Catalyst","Outmaneuver+1","Setup"],"picked":"Poisoned Stab","floor":31},{"not_picked":["Adrenaline","Malaise","Storm of Steel"],"picked":"Unload","floor":33},{"not_picked":["Expertise+1","Reflex","Predator"],"picked":"Backstab+1","floor":35},{"not_picked":["Backflip","Deflect+1","Prepared+1"],"picked":"Slice+1","floor":37},{"not_picked":["Purity","Dark Shackles","Blind"],"picked":"Trip","floor":38},{"not_picked":["Secret Technique","Bandage Up","Dark Shackles"],"picked":"Finesse","floor":38},{"not_picked":["Thinking Ahead","Dramatic Entrance","Master of Strategy"],"picked":"Deep Breath","floor":38},{"not_picked":["Dagger Throw","Prepared","Riddle With Holes+1"],"picked":"Underhanded Strike+1","floor":39},{"not_picked":["Leg Sweep","Finisher","Sucker Punch"],"picked":"After Image","floor":40},{"not_picked":["Backflip+1","Accuracy+1","Deadly Poison+1"],"picked":"Footwork","floor":45},{"not_picked":["Poisoned Stab","Sucker Punch+1","Storm of Steel+1"],"picked":"Bullet Time+1","floor":48}],"player_experience":157293,"relics_obtained":[{"floor":6,"key":"Kunai"},{"floor":8,"key":"Pen Nib"},{"floor":9,"key":"Anchor"},{"floor":11,"key":"Ancient Tea Set"},{"floor":23,"key":"Bronze Scales"},{"floor":24,"key":"Potion Belt"},{"floor":25,"key":"Question Card"},{"floor":26,"key":"Nunchaku"},{"floor":27,"key":"Matryoshka"},{"floor":40,"key":"Girya"},{"floor":40,"key":"Turnip"},{"floor":43,"key":"Vajra"},{"floor":43,"key":"Toxic Egg 2"},{"floor":44,"key":"Bag of Preparation"},{"floor":46,"key":"Omamori"},{"floor":48,"key":"Calipers"},{"floor":48,"key":"Prayer Wheel"}],"event_choices":[{"event_name":"The Woman in Blue","player_choice":"Bought 1 Potion","floor":5,"damage_taken":0},{"event_name":"World of Goop","player_choice":"Gather Gold","floor":13,"damage_taken":0},{"event_name":"Vampires","player_choice":"Ignored","floor":20,"damage_taken":0},{"event_name":"Tomb of Lord Red Mask","player_choice":"Ignored","floor":36,"damage_taken":0},{"event_name":"SensoryStone","player_choice":"Memory 3","floor":38,"damage_taken":0}],"is_beta":false,"boss_relics":[{"not_picked":["Eternal Feather","Orrery"],"picked":"Cursed Key"},{"not_picked":["Ring of the Serpent","Astrolabe"],"picked":"Black Star"}],"items_purged_floors":[29],"is_endless":false,"potions_floor_spawned":[1,2,10,11,12,18,22,31,33,37,39],"killed_by":"Time Eater","ascension_level":2}