{"gold_per_floor":[118,129,142,142,160,160,174,174,174,238,273,323,341,391,391,487,487,499,510,660,710,721,721,428,438,438,44,108,108,121,138,138,138],"floor_reached":33,"playtime":1660,"items_purged":[],"score":278,"play_id":"38c1dc4d-87c9-41fe-8628-03d970195363","local_time":"20180719021713","is_ascension_mode":false,"campfire_choices":[{"floor":6,"key":"REST"},{"floor":8,"key":"REST"},{"floor":15,"key":"REST"},{"data":"Creative AI","floor":23,"key":"SMITH"},{"floor":29,"key":"REST"},{"floor":32,"key":"REST"}],"neow_cost":"NONE","seed_source_timestamp":110443861271566,"circlet_count":0,"master_deck":["Strike_B","Strike_B","Defend_B","Defend_B","Defend_B","Defend_B","Zap","Dualcast","Stack","Static Discharge","Tempest","Genetic Algorithm","Beam Cell","Rip and Tear","Barrage+1","Melter+1","Creative AI+1","Darkness+1","Go for the Eyes+1","Rip and Tear+1","Auto Shields","Dramatic Entrance+1","Cold Snap+1","Seek","Genetic Algorithm+1","Barrage+1","Compile Driver+1"],"relics":["Cracked Core","SsserpentHead","Bottled Flame","Molten Egg 2","Question Card","Nuclear Battery","Toolbox","Pear","Pantograph"],"potions_floor_usage":[11,16,16,33,33],"damage_taken":[{"damage":1,"enemies":"Cultist","floor":1,"turns":4},{"damage":6,"enemies":"Jaw Worm","floor":2,"turns":4},{"damage":1,"enemies":"2 Louse","floor":3,"turns":2},{"damage":27,"enemies":"Lots of Slimes","floor":5,"turns":4},{"damage":13,"enemies":"Blue Slaver","floor":7,"turns":4},{"damage":26,"enemies":"Large Slime","floor":10,"turns":5},{"damage":10,"enemies":"Lagavulin","floor":11,"turns":5},{"damage":8,"enemies":"Looter","floor":13,"turns":4},{"damage":1,"enemies":"Slime Boss","floor":16,"turns":6},{"damage":4,"enemies":"3 Byrds","floor":18,"turns":2},{"damage":0,"enemies":"Spheric Guardian","floor":19,"turns":3},{"damage":10,"enemies":"Snecko","floor":22,"turns":4},{"damage":26,"enemies":"Slaver and Parasite","floor":25,"turns":5},{"damage":27,"enemies":"Chosen and Byrds","floor":28,"turns":5},{"damage":22,"enemies":"Cultist and Chosen","floor":30,"turns":5},{"damage":3,"enemies":"Sentry and Sphere","floor":31,"turns":4},{"damage":88,"enemies":"Collector","floor":33,"turns":11}],"seed_played":"7651909844948558290","potions_obtained":[{"floor":1,"key":"LiquidBronze"},{"floor":7,"key":"SteroidPotion"},{"floor":11,"key":"Strength Potion"},{"floor":19,"key":"Block Potion"},{"floor":22,"key":"Swift Potion"}],"is_trial":false,"path_per_floor":["M","M","M","?","M","R","M","R","T","M","E","?","M","T","R","B",null,"M","M","?","?","M","R","$","M","T","$","M","R","M","M","R"],"character_chosen":"DEFECT","items_purchased":["Dramatic Entrance+1","Toolbox","Seek","Pantograph"],"campfire_rested":5,"item_purchase_floors":[24,24,27,27],"current_hp_per_floor":[81,75,74,74,47,71,58,82,82,56,46,39,31,31,55,54,82,78,78,78,78,68,68,68,46,56,56,29,56,34,31,58,0],"gold":138,"neow_bonus":"TEN_PERCENT_HP_BONUS","is_prod":false,"is_daily":false,"chose_seed":false,"campfire_upgraded":1,"win_rate":0.0,"timestamp":1531937833,"path_taken":["M","?","M","?","M","R","M","R","T","?","E","?","M","?","R","BOSS","M","M","?","?","M","R","$","M","T","$","?","R","M","M","R","BOSS"],"build_version":"2018-07-12","purchased_purges":0,"victory":false,"max_hp_per_floor":[82,82,82,82,82,82,82,82,82,82,82,82,82,82,82,82,82,82,82,82,82,82,82,82,82,92,92,92,92,92,92,92,92],"card_choices":[{"not_picked":["Heatsinks","Rebound"],"picked":"Stack","floor":1},{"not_picked":["Chaos","Go for the Eyes"],"picked":"Static Discharge","floor":2},{"not_picked":["Self Repair","Heatsinks"],"picked":"Tempest","floor":3},{"not_picked":["Heatsinks","Redo"],"picked":"Genetic Algorithm","floor":5},{"not_picked":["Melter","Cold Snap"],"picked":"Beam Cell","floor":7},{"not_picked":["Storm","Consume"],"picked":"Rip and Tear","floor":10},{"not_picked":["Genetic Algorithm","Leap"],"picked":"Barrage","floor":11},{"not_picked":["Ball Lightning+1","Conserve Battery"],"picked":"Melter+1","floor":13},{"not_picked":["Biased Cognition","Reboot","All For One+1"],"picked":"Creative AI","floor":16},{"not_picked":["Cold Snap+1","Coolheaded","Redo"],"picked":"Darkness+1","floor":18},{"not_picked":["Ball Lightning+1","Hologram","Sweeping Beam+1"],"picked":"Go for the Eyes+1","floor":19},{"not_picked":["Leap","Turbo","Rebound+1"],"picked":"Auto Shields","floor":22},{"not_picked":["Streamline+1","Sweeping Beam+1","Barrage+1"],"picked":"Cold Snap+1","floor":25},{"not_picked":["Cold Snap+1","Compile Driver+1","White Noise"],"picked":"Genetic Algorithm+1","floor":28},{"not_picked":["Seek","Turbo","Melter+1"],"picked":"Barrage+1","floor":30},{"not_picked":["Hello World","Heatsinks","Steam"],"picked":"Compile Driver+1","floor":31}],"player_experience":90012,"relics_obtained":[{"floor":9,"key":"Bottled Flame"},{"floor":11,"key":"Molten Egg 2"},{"floor":14,"key":"Question Card"},{"floor":26,"key":"Pear"}],"event_choices":[{"event_name":"FaceTrader","player_choice":"Trade","floor":4,"damage_taken":0},{"event_name":"Golden Wing","player_choice":"Card Removal","floor":12,"damage_taken":0},{"event_name":"Golden Shrine","player_choice":"Pray","floor":20,"damage_taken":0},{"event_name":"Transmorgrifier","player_choice":"Transform","floor":21,"damage_taken":0}],"boss_relics":[{"not_picked":["Black Star","Cursed Key"],"picked":"Nuclear Battery"}],"items_purged_floors":[],"is_endless":false,"potions_floor_spawned":[1,7,11,19,22],"killed_by":"Collector","ascension_level":0}