{"gold_per_floor":[112,123,138,151,168,202,202,241,264,334,353,396,396,396,396,516,516,539,558,232,255,269,308,308,308,308,326,326,326,326],"floor_reached":30,"playtime":1493,"items_purged":["Writhe"],"score":333,"play_id":"236317c2-6ac8-4be7-ac3a-542de80c7763","local_time":"20180926022513","is_ascension_mode":true,"campfire_choices":[{"floor":13,"key":"REST"},{"data":"Juggernaut","floor":15,"key":"SMITH"},{"floor":28,"key":"REST"}],"neow_cost":"NONE","seed_source_timestamp":1521191321701629,"circlet_count":0,"master_deck":["Strike_R","Strike_R","Strike_R","Strike_R","Strike_R","Defend_R+1","Defend_R","Defend_R","Defend_R","Bash","Clash","Body Slam","Iron Wave","Flame Barrier+1","Clash","Juggernaut+1","Cleave","Armaments","Spot Weakness","Juggernaut","Writhe","Clumsy","Twin Strike","Body Slam","Headbutt+1","Battle Trance","Rage","Necronomicurse"],"relics":["Burning Blood","Magic Flower","Golden Idol","Pear","Lantern","Tiny Chest","War Paint","Calling Bell","Centennial Puzzle","Blue Candle","Mango","Question Card","Happy Flower","Art of War","Letter Opener","Frozen Egg 2","Necronomicon"],"potions_floor_usage":[10,16,22,22,23,27,30],"damage_taken":[{"damage":0,"enemies":"Cultist","floor":1,"turns":3},{"damage":10,"enemies":"2 Louse","floor":2,"turns":2},{"damage":4,"enemies":"Small Slimes","floor":3,"turns":3},{"damage":11,"enemies":"Looter","floor":4,"turns":4},{"damage":13,"enemies":"Gremlin Gang","floor":5,"turns":4},{"damage":19,"enemies":"Lagavulin","floor":6,"turns":6},{"damage":18,"enemies":"3 Sentries","floor":8,"turns":7},{"damage":6,"enemies":"Gremlin Nob","floor":10,"turns":4},{"damage":6,"enemies":"Large Slime","floor":11,"turns":5},{"damage":31,"enemies":"Lagavulin","floor":12,"turns":5},{"damage":25,"enemies":"Hexaghost","floor":16,"turns":9},{"damage":27,"enemies":"Chosen","floor":18,"turns":5},{"damage":45,"enemies":"2 Thieves","floor":19,"turns":4},{"damage":22,"enemies":"Snake Plant","floor":22,"turns":4},{"damage":32,"enemies":"Slavers","floor":23,"turns":5},{"damage":11,"enemies":"Chosen and Byrds","floor":27,"turns":5},{"damage":43,"enemies":"Sentry and Sphere","floor":30,"turns":5}],"seed_played":"4398714246361850431","potions_obtained":[{"floor":2,"key":"Poison Potion"},{"floor":5,"key":"SpeedPotion"},{"floor":8,"key":"Strength Potion"},{"floor":10,"key":"BloodPotion"},{"floor":16,"key":"Block Potion"},{"floor":22,"key":"Ancient Potion"},{"floor":23,"key":"Weak Potion"},{"floor":27,"key":"Swift Potion"}],"is_trial":false,"path_per_floor":["M","M","M","M","M","E","?","E","T","E","M","E","R","?","R","B",null,"M","M","$","T","M","E","?","?","T","M","R","?"],"character_chosen":"IRONCLAD","items_purchased":["Question Card"],"campfire_rested":2,"item_purchase_floors":[20],"current_hp_per_floor":[80,76,78,73,66,53,53,54,54,57,60,38,65,58,58,42,104,86,50,50,50,52,29,29,29,29,27,58,42,0],"gold":326,"neow_bonus":"THREE_CARDS","is_prod":false,"is_daily":false,"chose_seed":false,"campfire_upgraded":1,"win_rate":0,"timestamp":1537953913,"path_taken":["M","M","?","M","M","E","?","E","T","E","?","E","R","?","R","BOSS","M","M","$","?","M","E","?","?","T","?","R","?","?"],"build_version":"2018-09-20","purchased_purges":1,"victory":false,"max_hp_per_floor":[80,80,80,80,80,80,80,90,90,90,90,90,90,90,90,90,104,104,104,104,104,104,104,104,104,104,104,104,104,104],"card_choices":[{"not_picked":["Cleave","Evolve"],"picked":"Clash","floor":0},{"not_picked":["Ghostly Armor","Spot Weakness"],"picked":"Body Slam","floor":1},{"not_picked":["Headbutt","Clash"],"picked":"Iron Wave","floor":2},{"not_picked":["Ghostly Armor","Clothesline"],"picked":"Flame Barrier","floor":3},{"not_picked":["True Grit","Pommel Strike"],"picked":"Clash","floor":4},{"not_picked":["Cleave","Heavy Blade"],"picked":"Juggernaut","floor":5},{"not_picked":["Havoc","Twin Strike"],"picked":"Cleave","floor":6},{"not_picked":["Perfected Strike","Thunderclap","Carnage"],"picked":"SKIP","floor":8},{"not_picked":["Perfected Strike","Flame Barrier"],"picked":"Armaments","floor":10},{"not_picked":["Burning Pact","True Grit"],"picked":"Spot Weakness","floor":11},{"not_picked":["Dual Wield","Heavy Blade","Perfected Strike"],"picked":"SKIP","floor":12},{"not_picked":["Exhume","Berserk"],"picked":"Juggernaut","floor":16},{"not_picked":["Havoc","Clothesline"],"picked":"Twin Strike","floor":18},{"not_picked":["Anger","Blood for Blood"],"picked":"Body Slam","floor":19},{"not_picked":["Sword Boomerang","Spot Weakness","Wild Strike"],"picked":"Headbutt+1","floor":22},{"not_picked":["Sword Boomerang","Warcry","Demon Form","Thunderclap"],"picked":"SKIP","floor":23},{"not_picked":["Sword Boomerang","Pummel+1","True Grit+1"],"picked":"Rage","floor":27}],"player_experience":264249,"relics_obtained":[{"floor":6,"key":"Magic Flower"},{"floor":8,"key":"Pear"},{"floor":9,"key":"Lantern"},{"floor":10,"key":"Tiny Chest"},{"floor":12,"key":"War Paint"},{"floor":17,"key":"Centennial Puzzle"},{"floor":17,"key":"Blue Candle"},{"floor":17,"key":"Mango"},{"floor":21,"key":"Happy Flower"},{"floor":23,"key":"Art of War"},{"floor":26,"key":"Frozen Egg 2"},{"floor":29,"key":"Necronomicon"}],"event_choices":[{"event_name":"Golden Idol","player_choice":"Take Wound","floor":7,"damage_taken":0},{"event_name":"Golden Wing","player_choice":"Card Removal","floor":14,"damage_taken":0},{"event_name":"The Mausoleum","player_choice":"Yes","floor":24,"damage_taken":0},{"event_name":"The Library","player_choice":"Read","floor":25,"damage_taken":0},{"event_name":"Cursed Tome","player_choice":"Obtained Book","floor":29,"damage_taken":0}],"is_beta":false,"boss_relics":[{"not_picked":["Runic Pyramid","Busted Crown"],"picked":"Calling Bell"}],"items_purged_floors":[20],"is_endless":false,"potions_floor_spawned":[2,5,8,10,12,16,22,23,27],"killed_by":"Sentry and Sphere","ascension_level":2}