{"gold_per_floor":[119,137,156,156,30,69,90,111,191,206,226,242,242,266,266,389,389,410,425,425,448,448],"floor_reached":22,"playtime":1642,"items_purged":[],"score":194,"play_id":"3e5ddd33-3811-4f8d-bb84-222db120bdcd","local_time":"20180718032521","is_ascension_mode":false,"campfire_choices":[{"floor":13,"key":"REST"},{"floor":15,"key":"REST"}],"neow_cost":"NONE","seed_source_timestamp":28140601786454,"circlet_count":0,"master_deck":["Strike_B","Strike_B","Strike_B","Strike_B","Defend_B","Defend_B","Defend_B","Defend_B","Zap","Dualcast","Scrape","Ball Lightning","Redo","Cold Snap","Deep Breath","Loop","Go for the Eyes","Reboot","Melter","Cold Snap","Redo","Rebound","Multi-Cast","Redo","Conserve Battery+1","Stack"],"relics":["Golden Idol","Gremlin Horn","Ornamental Fan","Inserter","Nloth\u0027s Gift"],"potions_floor_usage":[12,12,16,19,21,21],"damage_taken":[{"damage":15,"enemies":"Jaw Worm","floor":1,"turns":4},{"damage":0,"enemies":"Small Slimes","floor":2,"turns":2},{"damage":0,"enemies":"Cultist","floor":3,"turns":3},{"damage":29,"enemies":"Gremlin Nob","floor":6,"turns":4},{"damage":0,"enemies":"Large Slime","floor":7,"turns":4},{"damage":18,"enemies":"3 Louse","floor":8,"turns":4},{"damage":3,"enemies":"Exordium Thugs","floor":10,"turns":4},{"damage":2,"enemies":"Looter","floor":11,"turns":3},{"damage":12,"enemies":"Large Slime","floor":12,"turns":5},{"damage":4,"enemies":"2 Fungi Beasts","floor":14,"turns":2},{"damage":33,"enemies":"The Guardian","floor":16,"turns":12},{"damage":9,"enemies":"Chosen","floor":18,"turns":6},{"damage":37,"enemies":"3 Byrds","floor":19,"turns":6},{"damage":27,"enemies":"Snake Plant","floor":21,"turns":8},{"damage":5,"enemies":"Slaver and Parasite","floor":22,"turns":1}],"seed_played":"-6781906452577588324","potions_obtained":[{"floor":1,"key":"GamblersBrew"},{"floor":7,"key":"Swift Potion"},{"floor":10,"key":"Weak Potion"},{"floor":11,"key":"FocusPotion"},{"floor":12,"key":"EssenceOfSteel"},{"floor":16,"key":"AttackPotion"},{"floor":18,"key":"Energy Potion"},{"floor":19,"key":"FearPotion"}],"is_trial":false,"path_per_floor":["M","M","M","?","$","E","M","M","T","M","M","M","R","M","R","B",null,"M","M","?","M"],"character_chosen":"DEFECT","items_purchased":["Cold Snap","Deep Breath"],"campfire_rested":2,"item_purchase_floors":[5,5],"current_hp_per_floor":[67,67,67,67,67,38,38,20,20,17,15,3,25,21,43,10,76,67,30,30,3,0],"gold":448,"neow_bonus":"TEN_PERCENT_HP_BONUS","is_prod":false,"is_daily":false,"chose_seed":false,"campfire_upgraded":0,"win_rate":0.0,"timestamp":1531855521,"path_taken":["M","M","M","?","$","E","M","M","T","M","M","M","R","M","R","BOSS","M","M","?","M","M"],"build_version":"2018-07-12","purchased_purges":0,"victory":false,"max_hp_per_floor":[82,82,82,76,76,76,76,76,76,76,76,76,76,76,76,76,76,76,76,76,76,76],"card_choices":[{"not_picked":["Force Field","Coolheaded"],"picked":"Scrape","floor":1},{"not_picked":["Leap","Auto Shields"],"picked":"Ball Lightning","floor":2},{"not_picked":["Lockon","Compile Driver"],"picked":"Redo","floor":3},{"not_picked":["Cold Snap","Compile Driver"],"picked":"Loop","floor":6},{"not_picked":["Steam","Blizzard"],"picked":"Go for the Eyes","floor":7},{"not_picked":["Beam Cell","Consume"],"picked":"Reboot","floor":8},{"not_picked":["Leap","Ball Lightning"],"picked":"Melter","floor":10},{"not_picked":["Go for the Eyes","Barrage"],"picked":"Cold Snap","floor":11},{"not_picked":["Gash","Conserve Battery"],"picked":"Redo","floor":12},{"not_picked":["Tempest","Redo"],"picked":"Rebound","floor":14},{"not_picked":["All For One","Creative AI"],"picked":"Multi-Cast","floor":16},{"not_picked":["Beam Cell","Cold Snap"],"picked":"Redo","floor":18},{"not_picked":["Rebound+1","Double Energy"],"picked":"Conserve Battery+1","floor":19},{"not_picked":["Steam","Skim"],"picked":"Stack","floor":21}],"player_experience":83100,"relics_obtained":[{"floor":6,"key":"Gremlin Horn"},{"floor":9,"key":"Ornamental Fan"}],"event_choices":[{"event_name":"Golden Idol","player_choice":"Lose Max HP","floor":4,"damage_taken":0},{"event_name":"N\u0027loth","player_choice":"Traded a Cracked Core","floor":20,"damage_taken":0}],"boss_relics":[{"not_picked":["Orrery","Tiny House"],"picked":"Inserter"}],"items_purged_floors":[],"is_endless":false,"potions_floor_spawned":[1,7,10,11,12,16,18,19],"killed_by":"Slaver and Parasite","ascension_level":0}