{"gold_per_floor":[113,128,145,145,158,158,176,207,233,233,258,268,323,29,29,125,125,143,153,44,44,44,75,90,90,116,128,28,28,28,42,42,42],"floor_reached":33,"playtime":3173,"items_purged":["Pain","Normality"],"score":277,"play_id":"e69cae99-30b1-4cea-8826-a03da29d6173","local_time":"20180718014144","is_ascension_mode":false,"campfire_choices":[{"floor":6,"key":"REST"},{"data":"Self Repair","floor":10,"key":"SMITH"},{"floor":15,"key":"REST"},{"data":"Electrodynamics","floor":25,"key":"SMITH"},{"floor":29,"key":"REST"},{"floor":32,"key":"REST"}],"neow_cost":"NONE","seed_source_timestamp":20390852583261,"circlet_count":0,"master_deck":["Strike_B","Strike_B","Strike_B","Strike_B","Defend_B","Defend_B","Defend_B","Defend_B","Zap+1","Dualcast+1","Amplify","Coolheaded","Rip and Tear","Reprogram","Self Repair+1","Doom and Gloom","Ball Lightning","Go for the Eyes","Glacier","Self Repair","Storm","Seek","Electrodynamics+1","Decay","Decay","Leap","Genetic Algorithm+1","FTL","Genetic Algorithm+1","Double Energy+1","Beam Cell","Glacier+1","Redo+1"],"relics":["Cracked Core","Question Card","Lantern","Centennial Puzzle","Orichalcum","Pen Nib","Calling Bell","Bronze Scales","Ornamental Fan","Sundial","Bag of Preparation","Toxic Egg 2","Bag of Marbles"],"potions_floor_usage":[8,11,13,13,27,33],"damage_taken":[{"damage":6,"enemies":"Jaw Worm","floor":1,"turns":3},{"damage":2,"enemies":"Small Slimes","floor":2,"turns":3},{"damage":0,"enemies":"2 Louse","floor":3,"turns":2},{"damage":12,"enemies":"Blue Slaver","floor":5,"turns":4},{"damage":17,"enemies":"Gremlin Gang","floor":7,"turns":5},{"damage":22,"enemies":"Lagavulin","floor":8,"turns":5},{"damage":22,"enemies":"Gremlin Nob","floor":11,"turns":4},{"damage":2,"enemies":"Large Slime","floor":12,"turns":5},{"damage":7,"enemies":"3 Sentries","floor":13,"turns":6},{"damage":51,"enemies":"Hexaghost","floor":16,"turns":13},{"damage":2,"enemies":"Chosen","floor":18,"turns":3},{"damage":17,"enemies":"Shell Parasite","floor":19,"turns":5},{"damage":36,"enemies":"Gremlin Leader","floor":23,"turns":7},{"damage":22,"enemies":"Snake Plant","floor":24,"turns":3},{"damage":21,"enemies":"Centurion and Healer","floor":27,"turns":6},{"damage":23,"enemies":"Slaver and Parasite","floor":31,"turns":4},{"damage":76,"enemies":"Collector","floor":33,"turns":8}],"seed_played":"-1313144951959855306","potions_obtained":[{"floor":2,"key":"Energy Potion"},{"floor":7,"key":"PowerPotion"},{"floor":8,"key":"Poison Potion"},{"floor":11,"key":"PowerPotion"},{"floor":12,"key":"Regen Potion"},{"floor":13,"key":"EssenceOfSteel"},{"floor":24,"key":"SteroidPotion"},{"floor":31,"key":"GamblersBrew"}],"is_trial":false,"path_per_floor":["M","M","M","?","M","R","M","E","T","R","E","M","?","$","R","B",null,"M","M","$","?","?","E","M","R","T","M","$","R","?","M","R"],"character_chosen":"DEFECT","items_purchased":["Pen Nib","Storm","Seek","FTL"],"campfire_rested":4,"item_purchase_floors":[14,14,14,20],"current_hp_per_floor":[69,67,67,52,40,62,52,37,37,37,25,33,51,51,73,46,75,75,75,75,75,75,56,44,44,44,50,50,72,72,56,75,0],"gold":42,"neow_bonus":"ONE_RANDOM_RARE_CARD","is_prod":false,"is_daily":false,"chose_seed":false,"campfire_upgraded":2,"win_rate":0.0,"timestamp":1531849304,"path_taken":["M","M","M","?","M","R","M","E","T","R","E","M","?","?","R","BOSS","M","M","$","?","?","E","?","R","T","M","$","R","?","M","R","BOSS"],"build_version":"2018-07-12","purchased_purges":2,"victory":false,"max_hp_per_floor":[75,75,75,75,75,75,75,75,75,75,75,75,75,75,75,75,75,75,75,75,75,75,75,75,75,75,75,75,75,75,75,75,75],"card_choices":[{"not_picked":["Go for the Eyes","Barrage"],"picked":"Coolheaded","floor":1},{"not_picked":["Barrage","Hologram"],"picked":"Rip and Tear","floor":2},{"not_picked":["Hologram","Streamline"],"picked":"Reprogram","floor":3},{"not_picked":["Streamline","Go for the Eyes"],"picked":"Self Repair","floor":5},{"not_picked":["Reinforced Body","Rebound"],"picked":"Doom and Gloom","floor":7},{"not_picked":["Streamline","Thunder Strike"],"picked":"Ball Lightning","floor":8},{"not_picked":["Steam","Ball Lightning","Skim"],"picked":"Go for the Eyes","floor":11},{"not_picked":["Leap","Go for the Eyes","Lockon"],"picked":"Glacier","floor":12},{"not_picked":["Redo","Leap","Beam Cell"],"picked":"Self Repair","floor":13},{"not_picked":["Buffer","Creative AI","Seek"],"picked":"Electrodynamics","floor":16},{"not_picked":["Self Repair","Coolheaded","Cold Snap"],"picked":"Leap","floor":18},{"not_picked":["Rip and Tear","Chill","Heatsinks"],"picked":"Genetic Algorithm+1","floor":19},{"not_picked":["Streamline","Hologram+1","Fusion+1"],"picked":"Double Energy","floor":23},{"not_picked":["Coolheaded+1","Steam Power+1","Consume+1"],"picked":"Beam Cell","floor":24},{"not_picked":["Reprogram+1","FTL","Barrage"],"picked":"Glacier+1","floor":27},{"not_picked":["Leap+1","FTL+1","Doom and Gloom"],"picked":"Redo+1","floor":31}],"player_experience":75401,"relics_obtained":[{"floor":8,"key":"Question Card"},{"floor":9,"key":"Lantern"},{"floor":11,"key":"Centennial Puzzle"},{"floor":13,"key":"Orichalcum"},{"floor":17,"key":"Bronze Scales"},{"floor":17,"key":"Ornamental Fan"},{"floor":17,"key":"Sundial"},{"floor":23,"key":"Toxic Egg 2"},{"floor":26,"key":"Bag of Marbles"}],"event_choices":[{"event_name":"Shining Light","player_choice":"Entered Light","floor":4,"damage_taken":0},{"event_name":"Dead Adventurer","player_choice":"Searched \u00271\u0027 times","floor":13,"damage_taken":0},{"event_name":"Accursed Blacksmith","player_choice":"Rummage","floor":21,"damage_taken":0},{"event_name":"Duplicator","player_choice":"One dupe","floor":22,"damage_taken":0},{"event_name":"Addict","player_choice":"Ignored","floor":30,"damage_taken":0}],"boss_relics":[{"not_picked":["Cursed Key","Lizard Tail"],"picked":"Calling Bell"}],"items_purged_floors":[20,28],"is_endless":false,"potions_floor_spawned":[2,7,8,11,12,13,24,31],"killed_by":"Collector","ascension_level":0}