{"gold_per_floor":[116,127,147,222,222,222,247,217,217,217,217,150,150,164,164,265,265,284,284,300,300],"floor_reached":21,"playtime":1120,"items_purged":[],"score":197,"play_id":"9e8d9d50-6a9a-41a3-897a-dbd81474a76c","local_time":"20190601005009","is_ascension_mode":true,"campfire_choices":[{"data":"Genetic Algorithm","floor":6,"key":"SMITH"},{"floor":13,"key":"REST"},{"floor":15,"key":"REST"}],"neow_cost":"PERCENT_DAMAGE","seed_source_timestamp":43804426264974,"circlet_count":0,"master_deck":["Strike_B","Strike_B","Strike_B","Strike_B","Defend_B","Defend_B","Defend_B","Defend_B","Zap","Dualcast","Genetic Algorithm+1","Stack","Sweeping Beam","Auto Shields","Hello World","Fusion","Coolheaded","Go for the Eyes+1"],"relics":["Cracked Core","Peace Pipe","Pen Nib","Darkstone Periapt","Nloth\u0027s Gift"],"potions_floor_usage":[11,16,20,20],"damage_taken":[{"damage":0,"enemies":"Cultist","floor":1,"turns":3},{"damage":0,"enemies":"Small Slimes","floor":2,"turns":2},{"damage":7,"enemies":"2 Louse","floor":3,"turns":3},{"damage":43,"enemies":"3 Sentries","floor":7,"turns":10},{"damage":2,"enemies":"Looter","floor":8,"turns":4},{"damage":0,"enemies":"Gremlin Gang","floor":11,"turns":1},{"damage":6,"enemies":"Lots of Slimes","floor":14,"turns":3},{"damage":37,"enemies":"The Guardian","floor":16,"turns":15},{"damage":22,"enemies":"Chosen","floor":18,"turns":6},{"damage":22,"enemies":"Shell Parasite","floor":20,"turns":10},{"damage":60,"enemies":"Cultist and Chosen","floor":21,"turns":6}],"seed_played":"6827385405237892188","potions_obtained":[{"floor":3,"key":"Swift Potion"},{"floor":7,"key":"SmokeBomb"},{"floor":16,"key":"Regen Potion"},{"floor":18,"key":"LiquidBronze"}],"is_trial":false,"path_per_floor":["M","M","M","?","?","R","E","M","T","?","M","$","R","M","R","B",null,"M","?","M","M"],"character_chosen":"DEFECT","items_purchased":["Hello World"],"campfire_rested":2,"item_purchase_floors":[12],"current_hp_per_floor":[68,68,61,50,47,47,4,2,2,2,2,2,28,22,48,11,89,67,67,60,0],"gold":300,"neow_bonus":"TWENTY_PERCENT_HP_BONUS","is_prod":false,"is_daily":false,"chose_seed":false,"campfire_upgraded":1,"win_rate":0,"timestamp":1559375409,"path_taken":["M","?","M","?","?","R","E","M","T","?","?","?","R","M","R","BOSS","M","?","M","?"],"build_version":"2019-01-23","purchased_purges":0,"victory":false,"max_hp_per_floor":[89,89,89,89,89,89,89,89,89,89,89,89,89,89,89,89,89,89,89,89,89],"card_choices":[{"not_picked":["Turbo","Hologram","Barrage"],"picked":"SKIP","floor":1},{"not_picked":["Streamline","Ball Lightning"],"picked":"Genetic Algorithm","floor":2},{"not_picked":["Sweeping Beam","Reprogram"],"picked":"Stack","floor":3},{"not_picked":["Coolheaded","Streamline"],"picked":"Sweeping Beam","floor":7},{"not_picked":["Cold Snap","Go for the Eyes"],"picked":"Auto Shields","floor":8},{"not_picked":["Chaos","Barrage"],"picked":"Fusion","floor":14},{"not_picked":["Melter","Loop"],"picked":"Coolheaded","floor":18},{"not_picked":["Melter","Sweeping Beam"],"picked":"Go for the Eyes+1","floor":20}],"player_experience":323484,"relics_obtained":[{"floor":7,"key":"Pen Nib"},{"floor":9,"key":"Darkstone Periapt"}],"event_choices":[{"damage_healed":0,"gold_gain":75,"player_choice":"Gather Gold","damage_taken":11,"max_hp_gain":0,"max_hp_loss":0,"event_name":"World of Goop","floor":4,"gold_loss":0},{"damage_healed":0,"gold_gain":0,"player_choice":"Success","damage_taken":3,"relics_obtained":["Peace Pipe"],"max_hp_gain":0,"max_hp_loss":0,"event_name":"Scrap Ooze","floor":5,"gold_loss":0},{"damage_healed":0,"gold_gain":0,"player_choice":"Bought 0 Potions","damage_taken":0,"max_hp_gain":0,"max_hp_loss":0,"event_name":"The Woman in Blue","floor":10,"gold_loss":0},{"damage_healed":0,"gold_gain":0,"player_choice":"Traded Relic","damage_taken":0,"relics_obtained":["Nloth\u0027s Gift"],"max_hp_gain":0,"max_hp_loss":0,"event_name":"N\u0027loth","floor":19,"relics_lost":["White Beast Statue"],"gold_loss":0}],"is_beta":false,"boss_relics":[{"not_picked":["Eternal Feather","Philosopher\u0027s Stone"],"picked":"White Beast Statue"}],"items_purged_floors":[],"is_endless":false,"potions_floor_spawned":[3,7,11,16,18],"killed_by":"Cultist and Chosen","ascension_level":2}