{"gold_per_floor":[11,31,42,117,67,127,127,155,181,199,209,224,224,237,237,339,339,357,370,370],"floor_reached":20,"playtime":1315,"items_purged":[],"score":263,"play_id":"bf63023c-08d4-4829-a872-6de9e3299289","local_time":"20190413202617","is_ascension_mode":true,"campfire_choices":[{"data":"Corpse Explosion","floor":7,"key":"SMITH"},{"floor":13,"key":"REST"},{"floor":15,"key":"REST"}],"neow_cost":"NO_GOLD","seed_source_timestamp":327203625424888,"circlet_count":0,"master_deck":["Defend_G","Defend_G","Defend_G","Defend_G","Strike_G","Strike_G","Strike_G","Survivor","Neutralize","Dagger Spray","Corpse Explosion+1","Predator","Acrobatics","Backflip","Bullet Time","Cloak And Dagger","Crippling Poison","Envenom"],"relics":["Ring of the Serpent","Tiny Chest","Vajra","Lantern"],"potions_floor_usage":[8,8,16,16],"damage_taken":[{"damage":4,"enemies":"Cultist","floor":1,"turns":6},{"damage":0,"enemies":"Jaw Worm","floor":2,"turns":4},{"damage":0,"enemies":"2 Louse","floor":3,"turns":3},{"damage":10,"enemies":"3 Sentries","floor":6,"turns":2},{"damage":24,"enemies":"Lagavulin","floor":8,"turns":6},{"damage":0,"enemies":"Gremlin Gang","floor":10,"turns":2},{"damage":1,"enemies":"Red Slaver","floor":11,"turns":4},{"damage":0,"enemies":"3 Louse","floor":12,"turns":2},{"damage":2,"enemies":"Large Slime","floor":14,"turns":4},{"damage":19,"enemies":"The Guardian","floor":16,"turns":12},{"damage":17,"enemies":"2 Thieves","floor":18,"turns":4},{"damage":6,"enemies":"3 Byrds","floor":19,"turns":2},{"damage":40,"enemies":"Sentry and Sphere","floor":20,"turns":4}],"seed_played":"-1268512623191468698","potions_obtained":[{"floor":1,"key":"Weak Potion"},{"floor":2,"key":"Fire Potion"},{"floor":12,"key":"Swift Potion"},{"floor":14,"key":"LiquidBronze"}],"is_trial":false,"path_per_floor":["M","M","M","?","?","E","R","E","T","M","M","M","R","M","R","B",null,"M","M","M"],"character_chosen":"THE_SILENT","items_purchased":[],"campfire_rested":2,"item_purchase_floors":[],"current_hp_per_floor":[59,59,59,48,48,38,38,14,14,14,13,13,34,32,53,34,61,44,38,0],"gold":370,"neow_bonus":"TRANSFORM_TWO_CARDS","is_prod":false,"is_daily":false,"chose_seed":false,"campfire_upgraded":1,"win_rate":0,"timestamp":1555201577,"path_taken":["M","M","?","?","?","E","R","E","T","?","M","M","R","M","R","BOSS","M","M","?"],"build_version":"2019-01-23","purchased_purges":0,"victory":false,"max_hp_per_floor":[70,70,70,70,70,70,70,70,70,70,70,70,70,70,70,70,70,70,70,70],"card_choices":[{"not_picked":["Quick Slash","Distraction"],"picked":"Predator","floor":1},{"not_picked":["Prepared","Sucker Punch","Deflect"],"picked":"SKIP","floor":2},{"not_picked":["Reflex","Deflect","Expertise"],"picked":"SKIP","floor":3},{"not_picked":["Heel Hook","Dodge and Roll"],"picked":"Acrobatics","floor":6},{"not_picked":["Acrobatics","Terror"],"picked":"Backflip","floor":8},{"not_picked":["Quick Slash","Prepared","Sucker Punch"],"picked":"SKIP","floor":10},{"not_picked":["Underhanded Strike","Sucker Punch"],"picked":"Bullet Time","floor":11},{"not_picked":["Dagger Spray","Acrobatics"],"picked":"Cloak And Dagger","floor":12},{"not_picked":["Endless Agony","Acrobatics"],"picked":"Crippling Poison","floor":14},{"not_picked":["Night Terror","Phantasmal Killer"],"picked":"Envenom","floor":16},{"not_picked":["Riddle With Holes","Slice","Eviscerate"],"picked":"SKIP","floor":18},{"not_picked":["Dagger Throw","All Out Attack+1","Prepared"],"picked":"SKIP","floor":19}],"player_experience":1354839,"relics_obtained":[{"floor":6,"key":"Tiny Chest"},{"floor":8,"key":"Vajra"},{"floor":9,"key":"Lantern"}],"event_choices":[{"damage_healed":0,"gold_gain":75,"player_choice":"Gather Gold","damage_taken":11,"max_hp_gain":0,"max_hp_loss":0,"event_name":"World of Goop","floor":4,"gold_loss":0},{"cards_removed":["Defend_G"],"damage_healed":0,"gold_gain":0,"player_choice":"Card Removal","damage_taken":0,"max_hp_gain":0,"max_hp_loss":0,"event_name":"The Cleric","floor":5,"gold_loss":50}],"is_beta":false,"boss_relics":[{"not_picked":["White Beast Statue","Lizard Tail"],"picked":"Ring of the Serpent"}],"items_purged_floors":[],"is_endless":false,"potions_floor_spawned":[1,2,12,14],"killed_by":"Sentry and Sphere","ascension_level":8}