{"gold_per_floor":[112,112,122,133,81,81,99,79,148,163,163,163,163,173,173,272,272,283,283,297,312,312],"floor_reached":22,"playtime":1621,"items_purged":[],"score":196,"play_id":"697f0b50-9610-40d1-985a-ab8341e51130","local_time":"20181212222725","is_ascension_mode":true,"campfire_choices":[{"data":"Multi-Cast","floor":6,"key":"SMITH"},{"data":"Conserve Battery","floor":11,"key":"SMITH"},{"data":"Beam Cell","floor":15,"key":"SMITH"}],"neow_cost":"NONE","seed_source_timestamp":98903206009001,"circlet_count":0,"master_deck":["Strike_B","Strike_B","Defend_B","Defend_B","Defend_B","Defend_B","Zap","Dualcast","Multi-Cast+1","Beam Cell+1","Doom and Gloom","Tempest","Gash","Conserve Battery+1","Cold Snap","Conserve Battery","Rainbow","Decay","Gash","Hologram"],"relics":["Cracked Core","Darkstone Periapt","Empty Cage"],"potions_floor_usage":[10,21,21,22],"damage_taken":[{"damage":6,"enemies":"2 Louse","floor":1,"turns":2},{"damage":0,"enemies":"Small Slimes","floor":3,"turns":2},{"damage":1,"enemies":"Cultist","floor":4,"turns":3},{"damage":9,"enemies":"3 Louse","floor":7,"turns":2},{"damage":6,"enemies":"Looter","floor":10,"turns":3},{"damage":0,"enemies":"Large Slime","floor":14,"turns":4},{"damage":9,"enemies":"The Guardian","floor":16,"turns":7},{"damage":14,"enemies":"Shell Parasite","floor":18,"turns":5},{"damage":15,"enemies":"Spheric Guardian","floor":20,"turns":4},{"damage":44,"enemies":"3 Cultists","floor":21,"turns":5},{"damage":16,"enemies":"Snake Plant","floor":22,"turns":2}],"seed_played":"-4716105463733460505","potions_obtained":[{"floor":3,"key":"FocusPotion"},{"floor":7,"key":"Dexterity Potion"},{"floor":8,"key":"Regen Potion"},{"floor":20,"key":"Block Potion"},{"floor":21,"key":"SkillPotion"}],"is_trial":false,"path_per_floor":["M","?","M","M","$","R","M","?","T","M","R","?","?","M","R","B",null,"M","?","M","M","M"],"character_chosen":"DEFECT","items_purchased":["Gash"],"campfire_rested":0,"item_purchase_floors":[5],"current_hp_per_floor":[69,69,69,68,68,68,59,59,59,53,53,53,53,53,53,44,75,61,67,52,13,0],"gold":312,"neow_bonus":"ONE_RANDOM_RARE_CARD","is_prod":false,"is_daily":false,"chose_seed":false,"campfire_upgraded":3,"win_rate":0,"timestamp":1544682445,"path_taken":["M","?","M","M","$","R","M","?","T","?","R","?","?","M","R","BOSS","M","?","M","?","M"],"build_version":"2018-12-06","purchased_purges":0,"victory":false,"max_hp_per_floor":[75,75,75,75,75,75,75,75,75,75,75,75,75,75,75,75,75,75,81,81,81,81],"card_choices":[{"not_picked":["Sweeping Beam","Redo"],"picked":"Beam Cell","floor":1},{"not_picked":["Hologram","Meteor Strike"],"picked":"Doom and Gloom","floor":3},{"not_picked":["Barrage","Stack"],"picked":"Tempest","floor":4},{"not_picked":["Streamline","Redo"],"picked":"Conserve Battery","floor":7},{"not_picked":["Rebound","Compile Driver"],"picked":"Cold Snap","floor":10},{"not_picked":["Scrape","Amplify"],"picked":"Conserve Battery","floor":14},{"not_picked":["Reboot","Multi-Cast"],"picked":"Rainbow","floor":16},{"not_picked":["Skim","Storm","Streamline"],"picked":"SKIP","floor":18},{"not_picked":["Turbo+1","Steam"],"picked":"Gash","floor":20},{"not_picked":["Stack","Genetic Algorithm"],"picked":"Hologram","floor":21}],"player_experience":546296,"relics_obtained":[{"floor":9,"key":"Darkstone Periapt"}],"event_choices":[{"damage_healed":0,"gold_gain":0,"player_choice":"Fled","damage_taken":0,"max_hp_gain":0,"max_hp_loss":0,"event_name":"Scrap Ooze","floor":2,"gold_loss":0},{"damage_healed":0,"gold_gain":0,"player_choice":"Bought 1 Potion","damage_taken":0,"max_hp_gain":0,"max_hp_loss":0,"event_name":"The Woman in Blue","floor":8,"gold_loss":0},{"damage_healed":0,"gold_gain":0,"player_choice":"Ignored","damage_taken":0,"max_hp_gain":0,"max_hp_loss":0,"event_name":"Golden Idol","floor":12,"gold_loss":0},{"damage_healed":0,"gold_gain":0,"player_choice":"Searched \u00270\u0027 times","damage_taken":0,"max_hp_gain":0,"max_hp_loss":0,"event_name":"Dead Adventurer","floor":13,"gold_loss":0},{"damage_healed":0,"gold_gain":0,"player_choice":"Cursed","damage_taken":0,"max_hp_gain":0,"max_hp_loss":0,"event_name":"Wheel of Change","floor":19,"gold_loss":0,"cards_obtained":["Decay"]}],"is_beta":false,"boss_relics":[{"not_picked":["Fusion Hammer","Pandora\u0027s Box"],"picked":"Empty Cage"}],"items_purged_floors":[],"is_endless":false,"potions_floor_spawned":[3,7,20,21],"killed_by":"Snake Plant","ascension_level":2}