{"gold_per_floor":[112,187,205,223,223,223,253,268,319,352,352,368,368,368,368,463,463,475,254,267,283,283,283,283,283,336,336,349,365,53,71,71,176,176,190,25,35,35,35,66,66],"floor_reached":41,"playtime":2404,"items_purged":["Defend_B","Strike_B","Strike_B"],"score":474,"play_id":"54608ac8-7882-4456-9764-0e965dd1ca2b","local_time":"20181224145857","is_ascension_mode":true,"campfire_choices":[{"data":"Dualcast","floor":6.0,"key":"SMITH"},{"floor":11.0,"key":"REST"},{"data":"Fusion","floor":15.0,"key":"SMITH"},{"floor":23,"key":"REST"},{"data":"Echo Form","floor":25,"key":"SMITH"},{"data":"Reinforced Body","floor":27,"key":"SMITH"},{"floor":32,"key":"REST"}],"neow_cost":"NONE","seed_source_timestamp":0,"circlet_count":0,"master_deck":["Strike_B","Strike_B","Defend_B","Defend_B","Defend_B","Zap+1","Dualcast+1","Cold Snap","Sweeping Beam","Loop+1","Reinforced Body+1","Fusion+1","Echo Form+1","Double Energy","Rip and Tear+1","Hologram","Multi-Cast","Defragment","Machine Learning","Reinforced Body","Beam Cell"],"special_seed":0,"relics":["Cracked Core","Kunai","DataDisk","Potion Belt","Busted Crown","Blood Vial","Strawberry","White Beast Statue","Smiling Mask"],"potions_floor_usage":[21,21,21,29,37,41],"damage_taken":[{"damage":1.0,"enemies":"2 Louse","floor":1.0,"turns":2.0},{"damage":2.0,"enemies":"Jaw Worm","floor":3.0,"turns":3.0},{"damage":0.0,"enemies":"Small Slimes","floor":4.0,"turns":2.0},{"damage":13.0,"enemies":"3 Sentries","floor":7.0,"turns":4.0},{"damage":0.0,"enemies":"2 Fungi Beasts","floor":8.0,"turns":2.0},{"damage":19.0,"enemies":"Gremlin Nob","floor":10.0,"turns":4.0},{"damage":19.0,"enemies":"Exordium Wildlife","floor":12.0,"turns":5.0},{"damage":20.0,"enemies":"Hexaghost","floor":16.0,"turns":13.0},{"damage":16.0,"enemies":"Spheric Guardian","floor":18.0,"turns":5.0},{"damage":30.0,"enemies":"2 Thieves","floor":20.0,"turns":4.0},{"damage":30,"enemies":"Snake Plant","floor":21,"turns":4},{"damage":24,"enemies":"Chosen and Byrds","floor":28,"turns":6},{"damage":20,"enemies":"Centurion and Healer","floor":29,"turns":7},{"damage":17,"enemies":"Cultist and Chosen","floor":31,"turns":7},{"damage":59,"enemies":"Automaton","floor":33,"turns":12},{"damage":45,"enemies":"3 Shapes","floor":35,"turns":6},{"damage":44,"enemies":"3 Darklings","floor":37,"turns":7},{"damage":2,"enemies":"Giant Head","floor":40,"turns":12},{"damage":47,"enemies":"Writhing Mass","floor":41,"turns":2}],"seed_played":"-341897787406014727","potions_obtained":[{"floor":3.0,"key":"FocusPotion"},{"floor":4.0,"key":"Strength Potion"},{"floor":8.0,"key":"GamblersBrew"},{"floor":16.0,"key":"Block Potion"},{"floor":18.0,"key":"FairyPotion"},{"floor":20.0,"key":"LiquidBronze"},{"floor":21,"key":"Block Potion"},{"floor":28,"key":"FairyPotion"},{"floor":31,"key":"FairyPotion"},{"floor":35,"key":"LiquidBronze"},{"floor":37,"key":"EssenceOfSteel"},{"floor":40,"key":"Explosive Potion"}],"is_trial":false,"path_per_floor":["M","?","M","M","?","R","E","M","T","E","R","M","?","?","R","B",null,"M","$","M","M","?","R","?","R","T","R","M","M","$","M","R","B",null,"M","$","M","$","?","E","M"],"character_chosen":"DEFECT","items_purchased":["Blood Vial","Multi-Cast","Defragment","Reinforced Body"],"campfire_rested":3,"item_purchase_floors":[19,30,30,36],"current_hp_per_floor":[74,63,61,61,61,61,48,48,48,29,51,32,32,57,57,37,75,59,59,31,3,3,25,50,50,57,57,35,17,17,2,26,1,82,37,37,8,8,8,8,0],"gold":66,"neow_bonus":"UPGRADE_CARD","is_prod":false,"is_daily":false,"chose_seed":false,"campfire_upgraded":4,"win_rate":0,"timestamp":1545692337,"path_taken":["M","?","M","M","?","R","E","M","T","E","R","M","?","?","R","BOSS","M","$","M","M","?","R","?","R","T","R","M","M","$","M","R","BOSS","M","$","M","$","?","E","M"],"build_version":"2018-12-20","purchased_purges":3,"victory":false,"max_hp_per_floor":[75,75,75,75,75,75,75,75,75,75,75,75,75,75,75,75,75,75,75,75,75,75,75,75,75,82,82,82,82,82,82,82,82,82,82,82,82,82,78,78,78],"card_choices":[{"not_picked":["Barrage","Turbo"],"picked":"Cold Snap","floor":1.0},{"not_picked":["Stack","Rebound"],"picked":"Sweeping Beam","floor":3.0},{"not_picked":["Force Field","Rebound"],"picked":"Loop","floor":4.0},{"not_picked":["Barrage","Streamline"],"picked":"Reinforced Body","floor":7.0},{"not_picked":["Conserve Battery","Compile Driver"],"picked":"Fusion","floor":8.0},{"not_picked":["Reboot","Rip and Tear","Undo"],"picked":"SKIP","floor":10.0},{"not_picked":["Streamline","Steam","Coolheaded"],"picked":"SKIP","floor":12.0},{"not_picked":["Hyperbeam","All For One"],"picked":"Echo Form","floor":16.0},{"not_picked":["Compile Driver"],"picked":"SKIP","floor":18.0},{"not_picked":[],"picked":"Double Energy","floor":20.0},{"not_picked":["Rip and Tear+1"],"picked":"SKIP","floor":21},{"not_picked":[],"picked":"Rip and Tear+1","floor":21},{"not_picked":[],"picked":"Hologram","floor":28},{"not_picked":["Sunder"],"picked":"SKIP","floor":29},{"not_picked":["Force Field"],"picked":"SKIP","floor":31},{"not_picked":[],"picked":"Machine Learning","floor":33},{"not_picked":["Sunder+1"],"picked":"SKIP","floor":35},{"not_picked":["Turbo+1"],"picked":"SKIP","floor":37},{"not_picked":[],"picked":"Beam Cell","floor":40}],"player_experience":564904,"relics_obtained":[{"floor":7.0,"key":"Kunai"},{"floor":9.0,"key":"DataDisk"},{"floor":10.0,"key":"Potion Belt"},{"floor":26,"key":"Strawberry"},{"floor":40,"key":"Smiling Mask"}],"event_choices":[{"damage_healed":0.0,"max_hp_gain":0.0,"max_hp_loss":0.0,"gold_gain":75.0,"event_name":"World of Goop","player_choice":"Gather Gold","floor":2.0,"gold_loss":0.0,"damage_taken":11.0},{"damage_healed":0.0,"max_hp_gain":0.0,"max_hp_loss":0.0,"gold_gain":0.0,"event_name":"Living Wall","player_choice":"Grow","floor":5.0,"gold_loss":0.0,"damage_taken":0.0,"cards_upgraded":["Loop"]},{"damage_healed":0.0,"max_hp_gain":0.0,"max_hp_loss":0.0,"gold_gain":0.0,"event_name":"Scrap Ooze","player_choice":"Fled","floor":13.0,"gold_loss":0.0,"damage_taken":0.0},{"damage_healed":25.0,"max_hp_gain":0.0,"max_hp_loss":0.0,"gold_gain":0.0,"event_name":"Big Fish","player_choice":"Banana","floor":14.0,"gold_loss":0.0,"damage_taken":0.0},{"damage_healed":0,"gold_gain":0,"player_choice":"Ignored","damage_taken":0,"max_hp_gain":0,"max_hp_loss":0,"event_name":"Vampires","floor":22,"gold_loss":0},{"damage_healed":25,"gold_gain":0,"player_choice":"Heal","damage_taken":0,"max_hp_gain":0,"max_hp_loss":0,"event_name":"The Library","floor":24,"gold_loss":0},{"damage_healed":0,"gold_gain":0,"player_choice":"Max HP","damage_taken":0,"max_hp_gain":0,"max_hp_loss":4,"event_name":"Winding Halls","floor":39,"gold_loss":0}],"is_beta":false,"boss_relics":[{"not_picked":["Runic Dome","Ectoplasm"],"picked":"Busted Crown"},{"not_picked":["Calling Bell","Orrery"],"picked":"White Beast Statue"}],"items_purged_floors":[19,30,36],"is_endless":false,"potions_floor_spawned":[3,4,8,16,18,20,21,28,31,35,37,40],"killed_by":"Writhing Mass","ascension_level":2}