{"gold_per_floor":[116,116,116,62,81,107,107,141,190,43,55,67,93,118,130,237,249,279,307,331,20,20,20,33,44,44,44,44,62,77,110,110,110],"floor_reached":33,"playtime":2007,"items_purged":[],"score":291,"play_id":"ebaf8105-ffa8-494c-b131-83e94721690f","local_time":"20181031192536","is_ascension_mode":true,"campfire_choices":[{"floor":7,"key":"REST"},{"floor":15,"key":"REST"},{"floor":23,"key":"REST"},{"floor":27,"key":"REST"},{"data":"Blizzard","floor":32,"key":"SMITH"}],"neow_cost":"NONE","seed_source_timestamp":101942041408934,"circlet_count":0,"master_deck":["Strike_B+1","Strike_B","Strike_B","Defend_B","Defend_B","Defend_B","Defend_B","Zap","Dualcast","Gash","Coolheaded","Hologram","Compile Driver","Self Repair","Redo","Conserve Battery","Buffer","Beam Cell+1","Blizzard","Go for the Eyes+1","Blizzard+1","Glacier","Bandage Up","Capacitor","Lockon","Cold Snap","Cold Snap+1","Redo+1","Auto Shields"],"relics":["Cracked Core","Strawberry","Regal Pillow","PreservedInsect","MawBank","Orichalcum","White Beast Statue","Membership Card","Whetstone","Lantern"],"potions_floor_usage":[6,8,16,20,29,31,33,33],"damage_taken":[{"damage":4,"enemies":"2 Louse","floor":1,"turns":3},{"damage":0,"enemies":"Cultist","floor":5,"turns":3},{"damage":15,"enemies":"Lagavulin","floor":6,"turns":8},{"damage":19,"enemies":"Gremlin Nob","floor":8,"turns":4},{"damage":8,"enemies":"Small Slimes","floor":13,"turns":4},{"damage":9,"enemies":"2 Fungi Beasts","floor":14,"turns":4},{"damage":66,"enemies":"Slime Boss","floor":16,"turns":16},{"damage":24,"enemies":"Shell Parasite","floor":18,"turns":9},{"damage":16,"enemies":"Chosen","floor":19,"turns":5},{"damage":28,"enemies":"Snake Plant","floor":20,"turns":5},{"damage":11,"enemies":"Centurion and Healer","floor":24,"turns":11},{"damage":39,"enemies":"Cultist and Chosen","floor":25,"turns":11},{"damage":23,"enemies":"Sentry and Sphere","floor":29,"turns":9},{"damage":11,"enemies":"Snecko","floor":30,"turns":7},{"damage":16,"enemies":"Book of Stabbing","floor":31,"turns":7},{"damage":83,"enemies":"Collector","floor":33,"turns":10}],"seed_played":"4593726147386551087","potions_obtained":[{"floor":1,"key":"Block Potion"},{"floor":2,"key":"LiquidBronze"},{"floor":2,"key":"Poison Potion"},{"floor":2,"key":"Explosive Potion"},{"floor":5,"key":"PowerPotion"},{"floor":8,"key":"SpeedPotion"},{"floor":18,"key":"Fire Potion"},{"floor":19,"key":"Energy Potion"},{"floor":20,"key":"Block Potion"},{"floor":24,"key":"Explosive Potion"},{"floor":29,"key":"SteroidPotion"},{"floor":30,"key":"Poison Potion"},{"floor":31,"key":"GamblersBrew"}],"is_trial":false,"path_per_floor":["M","?","?","$","M","E","R","E","T","$","T","?","M","M","R","B",null,"M","M","M","$","?","R","M","M","T","R","?","M","M","E","R"],"character_chosen":"DEFECT","items_purchased":["Coolheaded","MawBank","Membership Card","Blizzard","Glacier","Bandage Up"],"campfire_rested":4,"item_purchase_floors":[4,10,21,21,21,21],"current_hp_per_floor":[78,78,78,78,78,70,89,70,70,70,70,70,69,67,89,23,89,72,63,35,35,35,76,76,48,48,89,89,77,77,72,72,0],"gold":110,"neow_bonus":"TEN_PERCENT_HP_BONUS","is_prod":false,"is_daily":false,"chose_seed":false,"campfire_upgraded":1,"win_rate":0,"timestamp":1540985136,"path_taken":["M","?","?","$","M","E","R","E","T","?","?","?","M","M","R","BOSS","M","M","M","$","?","R","M","M","T","R","?","M","M","E","R","BOSS"],"build_version":"2018-10-25v2","purchased_purges":0,"victory":false,"max_hp_per_floor":[82,82,82,82,82,89,89,89,89,89,89,89,89,89,89,89,89,89,89,89,89,89,89,89,89,89,89,89,89,89,89,89,89],"card_choices":[{"not_picked":["Tempest","Go for the Eyes"],"picked":"Gash","floor":1},{"not_picked":["Leap","Heatsinks"],"picked":"Hologram","floor":5},{"not_picked":["Ball Lightning","Steam"],"picked":"Compile Driver","floor":6},{"not_picked":["Steam","Ball Lightning"],"picked":"Self Repair","floor":8},{"not_picked":["Ball Lightning","Barrage"],"picked":"Redo","floor":13},{"not_picked":["Heatsinks","Streamline"],"picked":"Conserve Battery","floor":14},{"not_picked":["Reboot","All For One"],"picked":"Buffer","floor":16},{"not_picked":["White Noise","Streamline"],"picked":"Beam Cell+1","floor":18},{"not_picked":["Go for the Eyes+1","Ball Lightning"],"picked":"Blizzard","floor":19},{"not_picked":["Steam+1","Tempest"],"picked":"Go for the Eyes","floor":20},{"not_picked":["Rebound","Sweeping Beam+1"],"picked":"Capacitor","floor":24},{"not_picked":["Reprogram","Reinforced Body"],"picked":"Lockon","floor":25},{"not_picked":["Coolheaded","Beam Cell"],"picked":"Cold Snap+1","floor":29},{"not_picked":["Steam","Ball Lightning+1"],"picked":"Redo+1","floor":30},{"not_picked":["Leap","Undo"],"picked":"Auto Shields","floor":31}],"player_experience":402345,"relics_obtained":[{"floor":6,"key":"Strawberry"},{"floor":8,"key":"Regal Pillow"},{"floor":9,"key":"PreservedInsect"},{"floor":11,"key":"Orichalcum"},{"floor":26,"key":"Whetstone"},{"floor":31,"key":"Lantern"}],"event_choices":[{"damage_healed":0,"gold_gain":0,"player_choice":"Got Potions","damage_taken":0,"max_hp_gain":0,"max_hp_loss":0,"event_name":"The Lab","floor":2,"gold_loss":0},{"damage_healed":0,"gold_gain":0,"player_choice":"Ignored","damage_taken":0,"max_hp_gain":0,"max_hp_loss":0,"event_name":"Shining Light","floor":3,"gold_loss":0},{"cards_removed":["Strike_B"],"damage_healed":0,"gold_gain":0,"player_choice":"Purged","damage_taken":0,"max_hp_gain":0,"max_hp_loss":0,"event_name":"Purifier","floor":12,"gold_loss":0},{"damage_healed":0,"gold_gain":0,"player_choice":"Ignored","damage_taken":0,"max_hp_gain":0,"max_hp_loss":0,"event_name":"Beggar","floor":22,"gold_loss":0},{"damage_healed":0,"gold_gain":0,"player_choice":"Read","damage_taken":0,"max_hp_gain":0,"max_hp_loss":0,"event_name":"The Library","floor":28,"gold_loss":0,"cards_obtained":["Cold Snap"]}],"is_beta":false,"boss_relics":[{"not_picked":["Runic Pyramid","Runic Dome"],"picked":"White Beast Statue"}],"items_purged_floors":[],"is_endless":false,"potions_floor_spawned":[1,5,8,18,19,20,24,25,29,30,31],"killed_by":"Collector","ascension_level":1}