{"gold_per_floor":[112,262,278,278,288,288,301,330,405,405],"floor_reached":10,"playtime":297,"items_purged":[],"score":119,"play_id":"be17016b-76d1-4618-9a0f-338a52ce3600","local_time":"20190509145638","is_ascension_mode":true,"campfire_choices":[{"data":"Capacitor","floor":6,"key":"SMITH"}],"neow_cost":"NONE","seed_source_timestamp":1692618602142972,"circlet_count":0,"master_deck":["AscendersBane","Strike_B","Strike_B","Strike_B","Strike_B","Defend_B","Defend_B","Defend_B","Defend_B","Zap","Dualcast","Beam Cell+1","Doubt","Capacitor+1","Ball Lightning","Sunder"],"relics":["Cracked Core","Thread and Needle","Dodecahedron"],"potions_floor_usage":[8,10],"damage_taken":[{"damage":3,"enemies":"Jaw Worm","floor":1,"turns":4},{"damage":12,"enemies":"2 Louse","floor":3,"turns":3},{"damage":6,"enemies":"Cultist","floor":5,"turns":4},{"damage":7,"enemies":"Exordium Wildlife","floor":7,"turns":3},{"damage":40,"enemies":"Gremlin Nob","floor":8,"turns":5},{"damage":6,"enemies":"Gremlin Gang","floor":10,"turns":1}],"seed_played":"-1421199925123538887","potions_obtained":[{"floor":7,"key":"SneckoOil"},{"floor":8,"key":"PowerPotion"}],"is_trial":false,"path_per_floor":["M","?","M","?","M","R","M","E","T","M"],"character_chosen":"DEFECT","items_purchased":[],"campfire_rested":0,"item_purchase_floors":[],"current_hp_per_floor":[68,68,56,56,50,50,43,3,3,0],"gold":405,"neow_bonus":"TEN_PERCENT_HP_BONUS","is_prod":false,"is_daily":false,"chose_seed":false,"campfire_upgraded":1,"win_rate":0,"timestamp":1557428198,"path_taken":["M","?","M","?","?","R","M","E","T","M"],"build_version":"2019-01-23","purchased_purges":0,"victory":false,"max_hp_per_floor":[78,78,78,78,78,78,78,78,78,78],"card_choices":[{"not_picked":["Gash","Barrage"],"picked":"Beam Cell","floor":1},{"not_picked":["Rebound","Steam","Redo"],"picked":"SKIP","floor":3},{"not_picked":["BootSequence","Barrage"],"picked":"Capacitor","floor":5},{"not_picked":["Undo","Force Field"],"picked":"Ball Lightning","floor":7},{"not_picked":["Heatsinks","Gash"],"picked":"Sunder","floor":8}],"player_experience":1413479,"relics_obtained":[{"floor":8,"key":"Thread and Needle"},{"floor":9,"key":"Dodecahedron"}],"event_choices":[{"damage_healed":0,"gold_gain":150,"player_choice":"AGREE","damage_taken":0,"max_hp_gain":0,"max_hp_loss":0,"event_name":"Liars Game","floor":2,"gold_loss":0,"cards_obtained":["Doubt"]},{"damage_healed":0,"gold_gain":0,"player_choice":"Upgraded","damage_taken":0,"max_hp_gain":0,"max_hp_loss":0,"event_name":"Upgrade Shrine","floor":4,"gold_loss":0,"cards_upgraded":["Beam Cell"]}],"is_beta":false,"boss_relics":[],"items_purged_floors":[],"is_endless":false,"potions_floor_spawned":[7,8],"killed_by":"Gremlin Gang","ascension_level":15}