{"gold_per_floor":[115,131,151,151,121,121,151,169,169,169,187,187,202,213,213,310,310,327,327,342,356,370,398,398,398,398,171,171,182,182,196,196,292,292,311,330,207,207,218,218,238,238,238,238,238,254,254],"floor_reached":47,"playtime":3767,"items_purged":["Writhe"],"score":480,"play_id":"48c9a0ef-7b89-438f-8d39-8036ff19f62d","local_time":"20180719145625","is_ascension_mode":false,"campfire_choices":[{"floor":6,"key":"REST"},{"floor":10,"key":"REST"},{"floor":12,"key":"REST"},{"data":"Blizzard","floor":15,"key":"SMITH"},{"floor":25,"key":"REST"},{"floor":28,"key":"REST"},{"data":"Redo","floor":30,"key":"SMITH"},{"data":"Defragment","floor":32,"key":"SMITH"},{"floor":40,"key":"REST"},{"floor":42,"key":"REST"},{"data":"Multi-Cast","floor":45,"key":"SMITH"}],"neow_cost":"NONE","seed_source_timestamp":153890886545143,"circlet_count":0,"master_deck":["Strike_B","Strike_B","Strike_B","Strike_B","Defend_B","Defend_B","Defend_B","Defend_B","Zap","Dualcast","White Noise","Reinforced Body","Blizzard+1","Redo+1","Chill","Coolheaded","Core Surge","FTL","Defragment+1","Genetic Algorithm","Seek","Melter","Static Discharge","Rainbow","BootSequence","Chill","Glacier","Cold Snap+1","Ball Lightning","White Noise","Double Energy","Barrage+1","Sweeping Beam+1","Multi-Cast+1","Conserve Battery","Chill+1","Ball Lightning+1","Hello World","Cold Snap+1","Defragment","Sweeping Beam+1"],"relics":["Cracked Core","Gremlin Horn","Dodecahedron","Question Card","Orrery","Boot","Oddly Smooth Stone","Molten Egg 2","Lantern","Busted Crown","Bottled Lightning"],"potions_floor_usage":[8,16,23,24,29,33,33,33,44],"damage_taken":[{"damage":1,"enemies":"Cultist","floor":1,"turns":3},{"damage":1,"enemies":"Jaw Worm","floor":2,"turns":6},{"damage":10,"enemies":"Small Slimes","floor":3,"turns":5},{"damage":5,"enemies":"Looter","floor":5,"turns":4},{"damage":57,"enemies":"Gremlin Nob","floor":7,"turns":7},{"damage":0,"enemies":"Large Slime","floor":8,"turns":8},{"damage":0,"enemies":"Exordium Wildlife","floor":11,"turns":4},{"damage":0,"enemies":"Lots of Slimes","floor":13,"turns":2},{"damage":0,"enemies":"Gremlin Gang","floor":14,"turns":4},{"damage":44,"enemies":"The Guardian","floor":16,"turns":17},{"damage":0,"enemies":"Shell Parasite","floor":18,"turns":4},{"damage":0,"enemies":"Spheric Guardian","floor":20,"turns":2},{"damage":12,"enemies":"Snake Plant","floor":21,"turns":8},{"damage":0,"enemies":"Snecko","floor":22,"turns":7},{"damage":35,"enemies":"Gremlin Leader","floor":23,"turns":9},{"damage":0,"enemies":"Slaver and Parasite","floor":24,"turns":1},{"damage":6,"enemies":"Snake Plant","floor":29,"turns":4},{"damage":3,"enemies":"Snecko","floor":31,"turns":5},{"damage":52,"enemies":"Champ","floor":33,"turns":17},{"damage":0,"enemies":"Orb Walker","floor":35,"turns":5},{"damage":38,"enemies":"Flame Bruiser 1 Orb","floor":36,"turns":7},{"damage":18,"enemies":"Maw","floor":39,"turns":10},{"damage":0,"enemies":"Flame Bruiser 2 Orb","floor":41,"turns":7},{"damage":4,"enemies":"Transient","floor":44,"turns":2},{"damage":12,"enemies":"3 Darklings","floor":46,"turns":5},{"damage":48,"enemies":"2 Orb Walkers","floor":47,"turns":5}],"seed_played":"-3728594195359826608","potions_obtained":[{"floor":1,"key":"Strength Potion"},{"floor":7,"key":"GamblersBrew"},{"floor":8,"key":"GamblersBrew"},{"floor":13,"key":"SmokeBomb"},{"floor":16,"key":"Ancient Potion"},{"floor":21,"key":"Weak Potion"},{"floor":22,"key":"Fire Potion"},{"floor":23,"key":"SkillPotion"},{"floor":29,"key":"Swift Potion"},{"floor":31,"key":"Energy Potion"},{"floor":36,"key":"SmokeBomb"}],"is_trial":false,"path_per_floor":["M","M","M","?","M","R","E","M","T","R","M","R","M","M","R","B",null,"M","?","M","M","M","E","M","R","T","$","R","M","R","M","R","B",null,"M","M","$","?","M","R","M","R","T","M","R","M"],"character_chosen":"DEFECT","items_purchased":["Lantern","Ball Lightning+1","Hello World"],"campfire_rested":7,"item_purchase_floors":[27,37,37],"current_hp_per_floor":[74,73,63,60,55,75,18,18,18,40,40,62,62,62,62,18,75,75,75,75,63,63,28,28,50,50,50,72,66,66,63,63,11,75,75,37,37,37,19,41,41,63,63,59,59,47,0],"gold":254,"neow_bonus":"THREE_CARDS","is_prod":false,"is_daily":false,"chose_seed":false,"campfire_upgraded":4,"win_rate":0.0,"timestamp":1531983385,"path_taken":["M","M","M","?","M","R","E","M","T","R","M","R","M","M","R","BOSS","M","?","M","?","M","E","M","R","T","$","R","M","R","M","R","BOSS","M","?","$","?","M","R","M","R","T","M","R","M","E"],"build_version":"2018-07-12","purchased_purges":1,"victory":false,"max_hp_per_floor":[75,75,75,75,75,75,75,75,75,75,75,75,75,75,75,75,75,75,75,75,75,75,75,75,75,75,75,75,75,75,75,75,75,75,75,75,75,75,75,75,75,75,75,75,75,75,75],"card_choices":[{"not_picked":["Heatsinks","Streamline"],"picked":"White Noise","floor":0},{"not_picked":["Rip and Tear","Cold Snap"],"picked":"Reinforced Body","floor":1},{"not_picked":["Streamline","White Noise"],"picked":"Blizzard","floor":2},{"not_picked":["Go for the Eyes","Sweeping Beam"],"picked":"Redo","floor":3},{"not_picked":["Stack","Rip and Tear"],"picked":"Chill","floor":5},{"not_picked":["Ball Lightning","Lockon"],"picked":"Coolheaded","floor":7},{"not_picked":["Gash","Hologram"],"picked":"Core Surge","floor":8},{"not_picked":["Glacier","Rebound","Doom and Gloom"],"picked":"FTL","floor":11},{"not_picked":["Steam","Double Energy","Coolheaded"],"picked":"Defragment","floor":13},{"not_picked":["Rebound","Turbo","Sweeping Beam"],"picked":"Genetic Algorithm","floor":14},{"not_picked":["Meteor Strike","Amplify","Echo Form"],"picked":"Seek","floor":16},{"not_picked":["Hologram","Force Field","Coolheaded"],"picked":"Melter","floor":17},{"not_picked":["Streamline","Sweeping Beam","Turbo"],"picked":"Static Discharge","floor":17},{"not_picked":["Compile Driver","Go for the Eyes","Steam Power"],"picked":"Rainbow","floor":17},{"not_picked":["Rebound","Streamline","Conserve Battery"],"picked":"BootSequence","floor":17},{"not_picked":["Stack","Auto Shields","Streamline"],"picked":"Chill","floor":17},{"not_picked":["Double Energy","Gash","Consume"],"picked":"Glacier","floor":18},{"not_picked":["Gash","Steam","Go for the Eyes"],"picked":"Cold Snap+1","floor":20},{"not_picked":["Auto Shields","Creative AI","Chaos"],"picked":"Ball Lightning","floor":21},{"not_picked":["Gash","Darkness","Sunder"],"picked":"White Noise","floor":22},{"not_picked":["Undo","Leap","Cold Snap"],"picked":"Double Energy","floor":23},{"not_picked":["Darkness+1","Stack","Compile Driver+1"],"picked":"Barrage+1","floor":29},{"not_picked":["FTL+1","Darkness","Doom and Gloom+1"],"picked":"Sweeping Beam+1","floor":31},{"not_picked":["Reboot","All For One+1","Hyperbeam+1"],"picked":"Multi-Cast","floor":33},{"not_picked":["Steam"],"picked":"Conserve Battery","floor":35},{"not_picked":["Rebound+1"],"picked":"Chill+1","floor":36},{"not_picked":["Auto Shields"],"picked":"Cold Snap+1","floor":39},{"not_picked":["Ball Lightning+1"],"picked":"Defragment","floor":41},{"not_picked":["FTL+1"],"picked":"Sweeping Beam+1","floor":46}],"player_experience":94188,"relics_obtained":[{"floor":7,"key":"Dodecahedron"},{"floor":9,"key":"Question Card"},{"floor":23,"key":"Oddly Smooth Stone"},{"floor":26,"key":"Molten Egg 2"},{"floor":43,"key":"Bottled Lightning"}],"event_choices":[{"event_name":"Scrap Ooze","player_choice":"success","floor":4,"damage_taken":3},{"event_name":"The Mausoleum","player_choice":"Yes","floor":19,"damage_taken":0},{"event_name":"Mysterious Sphere","player_choice":"Ignore","floor":38,"damage_taken":0}],"boss_relics":[{"not_picked":["Empty Cage","Runic Dome"],"picked":"Orrery"},{"not_picked":["Cursed Key","Snecko Eye"],"picked":"Busted Crown"}],"items_purged_floors":[27],"is_endless":false,"potions_floor_spawned":[1,7,8,13,16,21,22,23,29,31,36,44],"killed_by":"2 Orb Walkers","ascension_level":0}