{"gold_per_floor":[114,127,127,127,137,137,147,181,230,230,245,278,228,67,67,139,139,153,167,167,202,202,202,230,240,316,76,109,4,32,44,44,121,121,135,135,149,87,102,102,114,114,114,145,145,163,163,385,385,385,385,385,18,43,43],"floor_reached":55,"playtime":7501,"items_purged":["Defend_B","Strike_B"],"score":1309,"play_id":"d60b040e-10fb-4685-8e1e-1ee1515ae55e","local_time":"20190411235947","is_ascension_mode":true,"campfire_choices":[{"data":"Go for the Eyes","floor":6,"key":"SMITH"},{"floor":15,"key":"REST"},{"data":"Zap","floor":23,"key":"SMITH"},{"data":"Trip","floor":32,"key":"SMITH"},{"data":"Reboot","floor":40,"key":"SMITH"},{"data":"Sunder","floor":42,"key":"SMITH"},{"floor":49,"key":"RECALL"},{"data":"Defragment","floor":52,"key":"SMITH"}],"neow_cost":"NONE","seed_source_timestamp":161020726287228,"circlet_count":0,"master_deck":["AscendersBane","Strike_B","Defend_B","Defend_B","Zap+1","Dualcast","Skim","Ball Lightning","Go for the Eyes+1","Electrodynamics","Ball Lightning","Chill","Trip+1","Reboot+1","Coolheaded","Self Repair","Auto Shields","Go for the Eyes","Sunder+1","Flash of Steel","All For One","Chill","Master of Strategy","Bandage Up","Self Repair","Defragment+1","Madness","Madness","Doom and Gloom+1"],"relics":["Cracked Core","Shuriken","Centennial Puzzle","Blue Candle","Singing Bowl","Coffee Dripper","Gremlin Horn","Red Mask","The Courier","Bag of Preparation","Runic Capacitor","Dodecahedron","Symbiotic Virus","Eternal Feather","Ancient Tea Set","Cables","Medical Kit","Letter Opener","Strawberry"],"potions_floor_usage":[12,16,18,21,24,25,33,39,41,44,55,55],"damage_taken":[{"damage":7,"enemies":"Jaw Worm","floor":1,"turns":3},{"damage":0,"enemies":"Cultist","floor":2,"turns":3},{"damage":8,"enemies":"Small Slimes","floor":5,"turns":2},{"damage":8,"enemies":"Exordium Wildlife","floor":7,"turns":5},{"damage":23,"enemies":"Lagavulin","floor":8,"turns":7},{"damage":4,"enemies":"2 Fungi Beasts","floor":11,"turns":2},{"damage":0,"enemies":"3 Sentries","floor":12,"turns":3},{"damage":22,"enemies":"The Guardian","floor":16,"turns":9},{"damage":7,"enemies":"Shell Parasite","floor":18,"turns":4},{"damage":14,"enemies":"Spheric Guardian","floor":19,"turns":4},{"damage":12,"enemies":"Masked Bandits","floor":21,"turns":3},{"damage":0,"enemies":"Gremlin Leader","floor":24,"turns":4},{"damage":10,"enemies":"Shelled Parasite and Fungi","floor":25,"turns":3},{"damage":18,"enemies":"Book of Stabbing","floor":28,"turns":5},{"damage":24,"enemies":"Slavers","floor":30,"turns":2},{"damage":5,"enemies":"Snecko","floor":31,"turns":3},{"damage":48,"enemies":"Collector","floor":33,"turns":8},{"damage":13,"enemies":"3 Darklings","floor":35,"turns":3},{"damage":5,"enemies":"3 Shapes","floor":37,"turns":2},{"damage":0,"enemies":"3 Darklings","floor":39,"turns":3},{"damage":13,"enemies":"4 Shapes","floor":41,"turns":3},{"damage":22,"enemies":"Nemesis","floor":44,"turns":7},{"damage":9,"enemies":"Spire Growth","floor":46,"turns":4},{"damage":49,"enemies":"Awakened One","floor":50,"turns":11},{"damage":42,"enemies":"Shield and Spear","floor":54,"turns":5},{"damage":118,"enemies":"The Heart","floor":55,"turns":3}],"seed_played":"8634687881884568996","potions_obtained":[{"floor":1,"key":"Fire Potion"},{"floor":8,"key":"FocusPotion"},{"floor":12,"key":"Block Potion"},{"floor":16,"key":"Regen Potion"},{"floor":18,"key":"Explosive Potion"},{"floor":21,"key":"Regen Potion"},{"floor":25,"key":"FairyPotion"},{"floor":31,"key":"Block Potion"},{"floor":33,"key":"Swift Potion"},{"floor":37,"key":"Fire Potion"},{"floor":39,"key":"Dexterity Potion"},{"floor":41,"key":"Ancient Potion"},{"floor":54,"key":"SkillPotion"}],"is_trial":false,"path_per_floor":["M","M","?","?","M","R","M","E","T","?","M","E","?","$","R","B",null,"M","M","?","?","T","R","E","M","T","$","E","$","E","M","R","B",null,"M","?","M","$","M","R","M","R","T","E","?","M","?","?","R","B",null,"R","$","E","B"],"character_chosen":"DEFECT","items_purchased":["Trip","Runic Capacitor","Sunder","Flash of Steel","Self Repair","Medical Kit","Letter Opener"],"campfire_rested":1,"item_purchase_floors":[14,27,29,29,38,53,53],"current_hp_per_floor":[68,68,65,65,57,57,49,26,26,26,22,24,24,24,49,27,70,77,65,65,53,53,53,65,62,62,62,51,51,36,40,40,9,71,65,60,68,68,88,96,98,98,98,87,87,98,85,85,100,69,92,100,100,76,0],"gold":43,"neow_bonus":"TEN_PERCENT_HP_BONUS","is_prod":false,"is_daily":false,"chose_seed":false,"campfire_upgraded":6,"win_rate":0,"timestamp":1555041587,"path_taken":["M","M","?","?","?","R","M","E","T","?","M","E","?","$","R","BOSS","M","M","?","?","?","R","E","M","T","?","E","$","E","M","R","BOSS","M","?","M","$","M","R","M","R","T","E","?","?","?","?","R","BOSS","R","$","E","BOSS"],"build_version":"2019-01-23","purchased_purges":2,"victory":false,"max_hp_per_floor":[82,82,82,82,82,82,82,82,82,82,82,84,84,84,84,84,84,86,88,88,88,88,88,88,88,88,88,88,88,90,92,92,92,92,92,92,94,94,96,96,98,98,98,98,98,100,100,100,100,100,100,100,100,107,107],"card_choices":[{"not_picked":["Steam Power","Gash"],"picked":"Skim","floor":1},{"not_picked":["Sweeping Beam","Rebound"],"picked":"Ball Lightning","floor":2},{"not_picked":["Steam","Beam Cell"],"picked":"Go for the Eyes","floor":5},{"not_picked":["Gash","FTL"],"picked":"Electrodynamics","floor":7},{"not_picked":["Genetic Algorithm","Fusion"],"picked":"Ball Lightning","floor":8},{"not_picked":["Rebound","FTL"],"picked":"Chill","floor":11},{"not_picked":["Double Energy","Stack","Streamline"],"picked":"Singing Bowl","floor":12},{"not_picked":["Rainbow","Meteor Strike"],"picked":"Reboot","floor":16},{"not_picked":["Stack+1","Force Field","Gash"],"picked":"Singing Bowl","floor":18},{"not_picked":["Turbo","Reprogram","Sweeping Beam"],"picked":"Singing Bowl","floor":19},{"not_picked":["Chaos+1","Steam"],"picked":"Coolheaded","floor":21},{"not_picked":["Steam","Redo"],"picked":"Self Repair","floor":24},{"not_picked":["Compile Driver","Fusion"],"picked":"Auto Shields","floor":25},{"not_picked":["Lockon","Hologram"],"picked":"Go for the Eyes","floor":28},{"not_picked":["Electrodynamics","Auto Shields","Skim"],"picked":"Singing Bowl","floor":30},{"not_picked":["Leap","Sweeping Beam","Sunder"],"picked":"Singing Bowl","floor":31},{"not_picked":["Machine Learning","Amplify"],"picked":"All For One","floor":33},{"not_picked":["Redo+1","Turbo"],"picked":"Chill","floor":35},{"not_picked":["Discovery","Finesse"],"picked":"Master of Strategy","floor":36},{"not_picked":["Madness","Flash of Steel"],"picked":"Bandage Up","floor":36},{"not_picked":["Conserve Battery","Ball Lightning","Compile Driver+1"],"picked":"Singing Bowl","floor":37},{"not_picked":["Sweeping Beam","Streamline+1","Gash"],"picked":"Singing Bowl","floor":39},{"not_picked":["Gash","Compile Driver","Hologram+1"],"picked":"Singing Bowl","floor":41},{"not_picked":["Sweeping Beam","Rebound"],"picked":"Defragment","floor":44},{"not_picked":["Coolheaded+1","Reprogram","Fusion"],"picked":"Singing Bowl","floor":46},{"not_picked":["Hello World","Turbo"],"picked":"Doom and Gloom+1","floor":54}],"player_experience":1322594,"relics_obtained":[{"floor":8,"key":"Centennial Puzzle"},{"floor":12,"key":"Singing Bowl"},{"floor":21,"key":"Red Mask"},{"floor":22,"key":"The Courier"},{"floor":24,"key":"Bag of Preparation"},{"floor":28,"key":"Dodecahedron"},{"floor":30,"key":"Symbiotic Virus"},{"floor":43,"key":"Ancient Tea Set"},{"floor":44,"key":"Cables"},{"floor":54,"key":"Strawberry"}],"event_choices":[{"damage_healed":0,"gold_gain":0,"player_choice":"Success","damage_taken":3,"relics_obtained":["Shuriken"],"max_hp_gain":0,"max_hp_loss":0,"event_name":"Scrap Ooze","floor":3,"gold_loss":0},{"cards_removed":["Strike_B"],"damage_healed":0,"gold_gain":0,"player_choice":"Offered Basic","damage_taken":0,"max_hp_gain":0,"max_hp_loss":0,"event_name":"Bonfire Elementals","floor":4,"gold_loss":0},{"damage_healed":0,"gold_gain":0,"player_choice":"Searched \u00271\u0027 times","damage_taken":0,"relics_obtained":["Blue Candle"],"max_hp_gain":0,"max_hp_loss":0,"event_name":"Dead Adventurer","floor":10,"gold_loss":0},{"cards_removed":["Strike_B"],"damage_healed":0,"gold_gain":0,"player_choice":"Card Removal","damage_taken":0,"max_hp_gain":0,"max_hp_loss":0,"event_name":"The Cleric","floor":13,"gold_loss":50},{"damage_healed":0,"gold_gain":0,"player_choice":"Opened","damage_taken":0,"relics_obtained":["Gremlin Horn"],"max_hp_gain":0,"max_hp_loss":0,"event_name":"The Mausoleum","floor":20,"gold_loss":0},{"damage_healed":0,"gold_gain":0,"player_choice":"Fought Bandits","damage_taken":0,"max_hp_gain":0,"max_hp_loss":0,"event_name":"Masked Bandits","floor":21,"gold_loss":0},{"damage_healed":0,"gold_gain":0,"player_choice":"Memory 2","damage_taken":5,"max_hp_gain":0,"max_hp_loss":0,"event_name":"SensoryStone","floor":36,"gold_loss":0},{"cards_removed":["Defend_B"],"damage_healed":0,"gold_gain":0,"player_choice":"Card Removal","damage_taken":0,"max_hp_gain":0,"max_hp_loss":0,"event_name":"Wheel of Change","floor":45,"gold_loss":0},{"damage_healed":0,"gold_gain":0,"player_choice":"Embrace Madness","damage_taken":13,"max_hp_gain":0,"max_hp_loss":0,"event_name":"Winding Halls","floor":47,"gold_loss":0,"cards_obtained":["Madness","Madness"]},{"damage_healed":0,"gold_gain":222,"player_choice":"Wore Mask","damage_taken":0,"max_hp_gain":0,"max_hp_loss":0,"event_name":"Tomb of Lord Red Mask","floor":48,"gold_loss":0}],"is_beta":false,"boss_relics":[{"not_picked":["White Beast Statue","Lizard Tail"],"picked":"Coffee Dripper"},{"not_picked":["Philosopher\u0027s Stone","Cursed Key"],"picked":"Eternal Feather"}],"items_purged_floors":[14,27],"is_endless":false,"potions_floor_spawned":[1,8,12,16,18,21,25,31,33,37,39,41,54],"killed_by":"The Heart","ascension_level":13}