{"gold_per_floor":[117,132,132,147,222,222,254,254,254,285,285,299,299,224,224,224],"floor_reached":16,"playtime":667,"items_purged":["Strike_R"],"score":216,"play_id":"9ab7b62f-8bf4-44ee-be73-2dc480677175","local_time":"20190602104430","is_ascension_mode":true,"campfire_choices":[{"data":"Juggernaut","floor":6,"key":"SMITH"},{"data":"Metallicize","floor":8,"key":"SMITH"},{"floor":11,"key":"REST"},{"data":"Feel No Pain","floor":13,"key":"SMITH"},{"floor":15,"key":"REST"}],"neow_cost":"NONE","seed_source_timestamp":85708017959422,"circlet_count":0,"master_deck":["AscendersBane","Strike_R","Strike_R","Strike_R","Strike_R","Defend_R","Defend_R","Defend_R","Defend_R","Bash","Juggernaut+1","Metallicize+1","Anger","Feel No Pain+1","Clothesline","Flame Barrier"],"relics":["Burning Blood","Bottled Tornado","Unceasing Top"],"potions_floor_usage":[7,16],"damage_taken":[{"damage":2,"enemies":"Cultist","floor":1,"turns":4},{"damage":6,"enemies":"Jaw Worm","floor":2,"turns":5},{"damage":12,"enemies":"Small Slimes","floor":4,"turns":5},{"damage":28,"enemies":"Gremlin Nob","floor":7,"turns":4},{"damage":21,"enemies":"3 Sentries","floor":10,"turns":5},{"damage":13,"enemies":"Exordium Thugs","floor":12,"turns":4},{"damage":57,"enemies":"Slime Boss","floor":16,"turns":9}],"seed_played":"8194209425374507304","potions_obtained":[{"floor":1,"key":"Strength Potion"},{"floor":2,"key":"GamblersBrew"},{"floor":7,"key":"SpeedPotion"}],"is_trial":false,"path_per_floor":["M","M","?","M","?","R","E","R","T","E","R","M","R","$","R","B"],"character_chosen":"IRONCLAD","items_purchased":[],"campfire_rested":2,"item_purchase_floors":[],"current_hp_per_floor":[72,72,72,66,55,55,33,33,33,18,40,33,33,33,55,0],"gold":224,"neow_bonus":"ONE_RANDOM_RARE_CARD","is_prod":false,"is_daily":false,"chose_seed":false,"campfire_upgraded":3,"win_rate":0,"timestamp":1559486670,"path_taken":["M","M","?","M","?","R","E","R","T","E","R","M","R","$","R","BOSS"],"build_version":"2019-01-23","purchased_purges":1,"victory":false,"max_hp_per_floor":[75,75,75,75,75,75,75,75,75,75,75,75,75,75,75,75],"card_choices":[{"not_picked":["Inflame","Heavy Blade"],"picked":"Metallicize","floor":1},{"not_picked":["Flex","Infernal Blade"],"picked":"Anger","floor":2},{"not_picked":["Sever Soul","Body Slam"],"picked":"Feel No Pain","floor":4},{"not_picked":["Heavy Blade","Body Slam","Thunderclap"],"picked":"SKIP","floor":7},{"not_picked":["Dropkick","Berserk"],"picked":"Clothesline","floor":10},{"not_picked":["Reckless Charge","Warcry"],"picked":"Flame Barrier","floor":12}],"player_experience":1361199,"relics_obtained":[{"floor":7,"key":"Bottled Tornado"},{"floor":9,"key":"Unceasing Top"}],"event_choices":[{"damage_healed":0,"gold_gain":0,"player_choice":"Ignored","damage_taken":0,"max_hp_gain":0,"max_hp_loss":0,"event_name":"Liars Game","floor":3,"gold_loss":0},{"damage_healed":0,"gold_gain":75,"player_choice":"Gather Gold","damage_taken":11,"max_hp_gain":0,"max_hp_loss":0,"event_name":"World of Goop","floor":5,"gold_loss":0}],"is_beta":false,"boss_relics":[],"items_purged_floors":[14],"is_endless":false,"potions_floor_spawned":[1,2,7],"killed_by":"Slime Boss","ascension_level":20}