{"gold_per_floor":[109,124,138,138,138,163,163,175,226,226,236,44,72,96,108,223,235,257,269,11,11,11,11,37,67,67,99,99,134,60,92,92,196,196,214,214],"floor_reached":36,"playtime":2433,"items_purged":["Strike_G","Defend_G"],"score":602,"play_id":"c14e84e8-31a9-48a9-a5e7-81b873386f1a","local_time":"20190602170920","is_ascension_mode":true,"campfire_choices":[{"floor":10,"key":"REST"},{"floor":15,"key":"REST"},{"floor":23,"key":"RECALL"},{"floor":28,"key":"REST"},{"floor":32,"key":"REST"}],"neow_cost":"NONE","seed_source_timestamp":915832636552044,"circlet_count":0,"master_deck":["Defend_G","Defend_G","Defend_G","Defend_G","Survivor","Neutralize","Terror","Backflip","Infinite Blades","Deadly Poison","Leg Sweep","Noxious Fumes","Escape Plan","Caltrops","Calculated Gamble","Malaise","Cloak And Dagger","RitualDagger","HandOfGreed","Bite","Bite","Bite","Bite","Bite","Caltrops","Cloak And Dagger","After Image","Caltrops","Backflip+1","Bullet Time"],"relics":["Ring of the Snake","Bottled Tornado","Bronze Scales","MawBank","Fusion Hammer","Ancient Tea Set","Bag of Preparation","Black Star"],"potions_floor_usage":[6,6,8,13,13,14,24,25,27,33,33,36,36],"damage_taken":[{"damage":3,"enemies":"Jaw Worm","floor":1,"turns":5},{"damage":1,"enemies":"2 Louse","floor":2,"turns":3},{"damage":0,"enemies":"Cultist","floor":3,"turns":3},{"damage":32,"enemies":"3 Sentries","floor":6,"turns":17},{"damage":10,"enemies":"3 Louse","floor":8,"turns":3},{"damage":3,"enemies":"Exordium Wildlife","floor":11,"turns":4},{"damage":4,"enemies":"Lagavulin","floor":13,"turns":7},{"damage":0,"enemies":"Looter","floor":14,"turns":4},{"damage":17,"enemies":"Hexaghost","floor":16,"turns":9},{"damage":8,"enemies":"Shell Parasite","floor":18,"turns":7},{"damage":38,"enemies":"Slavers","floor":24,"turns":6},{"damage":16,"enemies":"2 Thieves","floor":25,"turns":4},{"damage":8,"enemies":"Book of Stabbing","floor":27,"turns":6},{"damage":14,"enemies":"Snecko","floor":29,"turns":5},{"damage":8,"enemies":"Centurion and Healer","floor":31,"turns":9},{"damage":37,"enemies":"Collector","floor":33,"turns":12},{"damage":19,"enemies":"Orb Walker","floor":35,"turns":5},{"damage":51,"enemies":"2 Orb Walkers","floor":36,"turns":4}],"seed_played":"2078579397315501327","potions_obtained":[{"floor":1,"key":"GamblersBrew"},{"floor":3,"key":"Weak Potion"},{"floor":7,"key":"Block Potion"},{"floor":7,"key":"LiquidBronze"},{"floor":7,"key":"SpeedPotion"},{"floor":11,"key":"Strength Potion"},{"floor":13,"key":"Strength Potion"},{"floor":16,"key":"Block Potion"},{"floor":25,"key":"PowerPotion"},{"floor":27,"key":"FearPotion"},{"floor":31,"key":"LiquidBronze"},{"floor":33,"key":"PowerPotion"},{"floor":35,"key":"Weak Potion"}],"is_trial":false,"path_per_floor":["M","M","M","?","?","E","?","M","T","R","M","$","E","M","R","B",null,"M","?","$","?","?","R","E","M","T","E","R","M","$","M","R","B",null,"M","?"],"character_chosen":"THE_SILENT","items_purchased":["Noxious Fumes","Escape Plan","HandOfGreed","Caltrops"],"campfire_rested":4,"item_purchase_floors":[12,12,20,30],"current_hp_per_floor":[67,66,66,71,64,32,32,22,22,46,43,43,39,39,63,46,73,65,59,59,57,57,57,27,17,17,21,38,30,30,38,55,38,52,39,0],"gold":214,"neow_bonus":"TEN_PERCENT_HP_BONUS","is_prod":false,"is_daily":false,"chose_seed":false,"campfire_upgraded":0,"win_rate":0,"timestamp":1559509760,"path_taken":["M","M","M","?","?","E","?","M","T","R","M","$","E","?","R","BOSS","M","?","$","?","?","R","E","M","T","E","R","M","$","M","R","BOSS","M","?"],"build_version":"2019-01-23","purchased_purges":2,"victory":false,"max_hp_per_floor":[77,77,77,82,82,82,82,82,82,82,82,82,82,82,82,82,82,82,82,82,57,57,57,57,57,57,57,57,57,57,57,57,57,57,57,57],"card_choices":[{"not_picked":["Dodge and Roll","Choke"],"picked":"Terror","floor":1},{"not_picked":["Poisoned Stab","Accuracy"],"picked":"Backflip","floor":2},{"not_picked":["Backflip","Deflect"],"picked":"Infinite Blades","floor":3},{"not_picked":["Calculated Gamble","Blade Dance"],"picked":"Deadly Poison","floor":6},{"not_picked":["Deflect","Dagger Spray","Quick Slash"],"picked":"SKIP","floor":8},{"not_picked":["Outmaneuver","Underhanded Strike"],"picked":"Leg Sweep","floor":11},{"not_picked":["Flying Knee","Underhanded Strike"],"picked":"Caltrops","floor":13},{"not_picked":["Tactician","Skewer"],"picked":"Calculated Gamble","floor":14},{"not_picked":["Doppelganger","Grand Finale"],"picked":"Malaise","floor":16},{"not_picked":["Distraction","Tactician+1"],"picked":"Cloak And Dagger","floor":18},{"not_picked":["Acrobatics+1","Quick Slash"],"picked":"Caltrops","floor":24},{"not_picked":["Deflect","Deadly Poison","Terror"],"picked":"SKIP","floor":25},{"not_picked":["Dagger Spray","Slice"],"picked":"Cloak And Dagger","floor":27},{"not_picked":["Prepared","Escape Plan"],"picked":"After Image","floor":29},{"not_picked":["Infinite Blades","Prepared+1"],"picked":"Backflip+1","floor":31},{"not_picked":["Night Terror","Doppelganger"],"picked":"Bullet Time","floor":33},{"not_picked":["Blade Dance","Eviscerate","Deflect"],"picked":"SKIP","floor":35}],"player_experience":1452434,"relics_obtained":[{"floor":6,"key":"Bottled Tornado"},{"floor":9,"key":"Bronze Scales"},{"floor":13,"key":"MawBank"},{"floor":24,"key":"Ancient Tea Set"},{"floor":27,"key":"Bag of Preparation"}],"event_choices":[{"damage_healed":0,"gold_gain":0,"player_choice":"Donut","damage_taken":0,"max_hp_gain":5,"max_hp_loss":0,"event_name":"Big Fish","floor":4,"gold_loss":0},{"cards_removed":["Strike_G"],"damage_healed":0,"gold_gain":0,"player_choice":"Card Removal","damage_taken":7,"max_hp_gain":0,"max_hp_loss":0,"event_name":"Golden Wing","floor":5,"gold_loss":0},{"damage_healed":0,"gold_gain":0,"player_choice":"Got Potions","damage_taken":0,"max_hp_gain":0,"max_hp_loss":0,"event_name":"Lab","floor":7,"gold_loss":0},{"damage_healed":0,"gold_gain":0,"player_choice":"Joined the Cult","damage_taken":6,"max_hp_gain":0,"max_hp_loss":0,"event_name":"Nest","floor":19,"gold_loss":0,"cards_obtained":["RitualDagger"]},{"damage_healed":0,"gold_gain":0,"player_choice":"Became a vampire","damage_taken":0,"max_hp_gain":0,"max_hp_loss":25,"event_name":"Vampires","floor":21,"gold_loss":0,"cards_obtained":["Bite","Bite","Bite","Bite","Bite"]},{"damage_healed":0,"gold_gain":0,"player_choice":"Fight","damage_taken":0,"max_hp_gain":0,"max_hp_loss":0,"event_name":"Mysterious Sphere","floor":36,"gold_loss":0}],"is_beta":false,"boss_relics":[{"not_picked":["White Beast Statue","Busted Crown"],"picked":"Fusion Hammer"},{"not_picked":["Eternal Feather","Tiny House"],"picked":"Black Star"}],"items_purged_floors":[12,20],"is_endless":false,"potions_floor_spawned":[1,3,11,13,16,25,27,31,33,35],"killed_by":"2 Orb Walkers","ascension_level":8}