{"gold_per_floor":[113,113,113,132,150,150,164,194,194,194,209,209,209,219,219,315,315,331,139,152,242,242,242,257,257,339,339,353,353,353,9,9,104,104,119,132,0,10,10,10,29,29,29,46,46,46,46,63,63,63],"floor_reached":50,"playtime":3511,"items_purged":["Writhe"],"score":507,"play_id":"11eaf3f7-17f6-4f42-9399-e4c7633ac742","local_time":"20180719224057","is_ascension_mode":false,"campfire_choices":[{"data":"Glacier","floor":6,"key":"SMITH"},{"data":"Go for the Eyes","floor":10,"key":"SMITH"},{"floor":12,"key":"REST"},{"floor":15,"key":"REST"},{"floor":23,"key":"REST"},{"floor":25,"key":"REST"},{"floor":30,"key":"REST"},{"data":"Fission","floor":32,"key":"SMITH"},{"floor":40,"key":"REST"},{"floor":42,"key":"REST"},{"data":"Capacitor","floor":47,"key":"SMITH"},{"floor":49,"key":"REST"}],"neow_cost":"NONE","seed_source_timestamp":182019125619577,"circlet_count":0,"master_deck":["Strike_B+1","Strike_B+1","Strike_B+1","Strike_B+1","Defend_B+1","Defend_B+1","Defend_B+1","Defend_B+1","Zap","Dualcast+1","Sweeping Beam","Capacitor+1","Glacier+1","Go for the Eyes+1","Hologram","Redo","Fission+1","FTL","Barrage","Barrage","Auto Shields","Static Discharge","Hello World","Chill","Chill+1","Barrage+1","Beam Cell","Static Discharge+1","Echo Form+1","Decay","Writhe","Normality","Lockon+1","Go for the Eyes+1","Tempest+1","Storm+1","Amplify","Writhe","Storm+1"],"relics":["Cracked Core","Meat on the Bone","Question Card","Orrery","Bronze Scales","Darkstone Periapt","Frozen Egg 2","Membership Card","Calling Bell","Boot","Dodecahedron","Gambling Chip","Red Mask","Molten Egg 2"],"potions_floor_usage":[14,16,16,16,24,28,28,38,38,50,50],"damage_taken":[{"damage":1,"enemies":"Jaw Worm","floor":1,"turns":3},{"damage":1,"enemies":"Small Slimes","floor":4,"turns":3},{"damage":0,"enemies":"Cultist","floor":5,"turns":3},{"damage":18,"enemies":"Looter","floor":7,"turns":4},{"damage":0,"enemies":"Large Slime","floor":11,"turns":6},{"damage":24,"enemies":"Exordium Thugs","floor":14,"turns":4},{"damage":67,"enemies":"Hexaghost","floor":16,"turns":16},{"damage":26,"enemies":"2 Thieves","floor":18,"turns":4},{"damage":12,"enemies":"Chosen","floor":20,"turns":5},{"damage":19,"enemies":"Snake Plant","floor":24,"turns":5},{"damage":21,"enemies":"Centurion and Healer","floor":28,"turns":14},{"damage":42,"enemies":"Champ","floor":33,"turns":10},{"damage":19,"enemies":"Orb Walker","floor":35,"turns":4},{"damage":24,"enemies":"Flame Bruiser 1 Orb","floor":36,"turns":6},{"damage":57,"enemies":"Spire Growth","floor":38,"turns":8},{"damage":31,"enemies":"Flame Bruiser 2 Orb","floor":41,"turns":5},{"damage":39,"enemies":"3 Darklings","floor":44,"turns":7},{"damage":40,"enemies":"4 Shapes","floor":48,"turns":5},{"damage":117,"enemies":"Donu and Deca","floor":50,"turns":10}],"seed_played":"8288004635566162847","potions_obtained":[{"floor":3,"key":"Fruit Juice"},{"floor":3,"key":"EntropicBrew"},{"floor":3,"key":"Regen Potion"},{"floor":16,"key":"EssenceOfSteel"},{"floor":24,"key":"SkillPotion"},{"floor":33,"key":"FearPotion"},{"floor":41,"key":"Energy Potion"},{"floor":48,"key":"SkillPotion"}],"is_trial":false,"path_per_floor":["M","?","?","M","M","R","M","?","T","R","M","R","?","M","R","B",null,"M","$","M","?","?","R","M","R","T","?","M","?","R","$","R","B",null,"M","M","?","M","$","R","M","R","T","M","?","?","R","M","R"],"character_chosen":"DEFECT","items_purchased":["Chill","Bronze Scales","Static Discharge+1","Membership Card"],"campfire_rested":8,"item_purchase_floors":[19,19,31,31],"current_hp_per_floor":[74,79,79,78,78,78,60,60,60,60,60,80,80,61,85,45,85,59,59,47,31,31,56,49,74,74,80,59,59,86,86,86,56,109,90,66,66,21,21,53,34,66,66,39,72,115,115,75,109,0],"gold":63,"neow_bonus":"UPGRADE_CARD","is_prod":false,"is_daily":false,"chose_seed":false,"campfire_upgraded":4,"win_rate":0.0,"timestamp":1532011257,"path_taken":["M","?","?","M","M","R","M","?","T","R","?","R","?","M","R","BOSS","M","$","M","?","?","R","M","R","T","?","M","?","R","$","R","BOSS","M","M","?","M","$","R","?","R","T","M","?","?","R","M","R","BOSS"],"build_version":"2018-07-12","purchased_purges":1,"victory":false,"max_hp_per_floor":[75,80,80,80,80,80,80,80,80,80,80,80,80,85,85,85,85,85,85,85,85,85,85,85,85,85,91,91,91,91,91,91,91,109,109,109,109,109,109,109,109,109,109,109,115,115,115,115,115,115],"card_choices":[{"not_picked":["Barrage","Self Repair"],"picked":"Sweeping Beam","floor":1},{"not_picked":["Sunder","Sweeping Beam"],"picked":"Capacitor","floor":4},{"not_picked":["Stack","Compile Driver"],"picked":"Glacier","floor":5},{"not_picked":["Cold Snap","Compile Driver"],"picked":"Go for the Eyes","floor":7},{"not_picked":["Stack","Rebound","Darkness"],"picked":"Hologram","floor":11},{"not_picked":["Tempest","Force Field","Multi-Cast"],"picked":"Redo","floor":14},{"not_picked":["Biased Cognition","Rainbow","Core Surge"],"picked":"Fission","floor":16},{"not_picked":["Leap","Skim","Rebound"],"picked":"FTL","floor":17},{"not_picked":["Undo","Rebound","Hologram"],"picked":"Barrage","floor":17},{"not_picked":["Doom and Gloom","Capacitor","Coolheaded"],"picked":"Barrage","floor":17},{"not_picked":["Stack","Aggregate","Hologram"],"picked":"Auto Shields","floor":17},{"not_picked":["Fusion","Hologram","Stack"],"picked":"Static Discharge","floor":17},{"not_picked":["Stack","Sunder+1","Sweeping Beam"],"picked":"Hello World","floor":18},{"not_picked":["FTL","Steam","Auto Shields"],"picked":"Chill+1","floor":20},{"not_picked":["All For One","White Noise","Streamline+1"],"picked":"Barrage+1","floor":24},{"not_picked":["Leap","Stack","Compile Driver+1"],"picked":"Beam Cell","floor":28},{"not_picked":["Thunder Strike","Meteor Strike","All For One"],"picked":"Echo Form+1","floor":33},{"not_picked":["Barrage","Sunder","Steam+1"],"picked":"Lockon+1","floor":35},{"not_picked":["White Noise","Ball Lightning","Hologram+1"],"picked":"Go for the Eyes+1","floor":36},{"not_picked":["Go for the Eyes+1","Leap+1","Rebound+1"],"picked":"Tempest+1","floor":38},{"not_picked":["Rip and Tear","Cold Snap+1","Coolheaded+1"],"picked":"Storm+1","floor":41},{"not_picked":["Stack","Barrage+1","Turbo+1"],"picked":"Amplify","floor":44},{"not_picked":["Turbo","Barrage+1","Rebound+1"],"picked":"Storm+1","floor":48}],"player_experience":103405,"relics_obtained":[{"floor":9,"key":"Question Card"},{"floor":26,"key":"Darkstone Periapt"},{"floor":34,"key":"Boot"},{"floor":34,"key":"Dodecahedron"},{"floor":34,"key":"Gambling Chip"},{"floor":43,"key":"Molten Egg 2"}],"event_choices":[{"event_name":"Big Fish","player_choice":"Donut","floor":2,"damage_taken":0},{"event_name":"The Lab","player_choice":"Got Potions","floor":3,"damage_taken":0},{"event_name":"Dead Adventurer","player_choice":"Searched \u00272\u0027 times","floor":8,"damage_taken":0},{"event_name":"Golden Wing","player_choice":"Ignored","floor":13,"damage_taken":0},{"event_name":"Knowing Skull","player_choice":"GOLD ","floor":21,"damage_taken":0},{"event_name":"Back to Basics","player_choice":"Simplicity","floor":22,"damage_taken":0},{"event_name":"The Mausoleum","player_choice":"Yes","floor":27,"damage_taken":0},{"event_name":"Ghosts","player_choice":"Ignored","floor":29,"damage_taken":0},{"event_name":"Tomb of Lord Red Mask","player_choice":"Paid","floor":37,"damage_taken":0},{"event_name":"Winding Halls","player_choice":"Writhe","floor":45,"damage_taken":0},{"event_name":"Wheel of Change","player_choice":"Full Heal","floor":46,"damage_taken":0}],"boss_relics":[{"not_picked":["Cursed Key","Coffee Dripper"],"picked":"Orrery"},{"not_picked":["White Beast Statue","Eternal Feather"],"picked":"Calling Bell"}],"items_purged_floors":[31],"is_endless":false,"potions_floor_spawned":[7,16,24,33,41,48],"killed_by":"Donu and Deca","ascension_level":0}