{"gold_per_floor":[111,61,61,61,71,97,22,22,49,49,79,91,108,138,138,241,241,196,196,196,196,196,196,196,196,196,196,2,2,2,2,2,2],"floor_reached":33,"playtime":4581,"items_purged":["Defend_R"],"score":455,"play_id":"e3d70455-a71c-4c38-b154-b672fed64c51","local_time":"20190224214814","is_ascension_mode":true,"campfire_choices":[{"data":"Flame Barrier","floor":8,"key":"SMITH"},{"floor":15,"key":"REST"},{"data":"Feed","floor":25,"key":"SMITH"},{"floor":30,"key":"REST"},{"data":"Immolate","floor":32,"key":"SMITH"}],"neow_cost":"TEN_PERCENT_HP_LOSS","seed_source_timestamp":5403330792560,"circlet_count":0,"master_deck":["Strike_R+1","Defend_R","Bash+1","Flame Barrier+1","Seeing Red","Iron Wave","Spot Weakness","Pummel","Shrug It Off","Feed+1","Flame Barrier+1","Ghostly Armor","Whirlwind","Inflame+1","Immolate+1"],"relics":["Burning Blood","Whetstone","Letter Opener","Ancient Tea Set","Ectoplasm","Calipers","Smiling Mask","Toy Ornithopter","Unceasing Top","Bottled Flame"],"potions_floor_usage":[6,11,16,19,19,21,23,29],"damage_taken":[{"damage":8,"enemies":"Jaw Worm","floor":1,"turns":4},{"damage":1,"enemies":"2 Louse","floor":5,"turns":3},{"damage":22,"enemies":"Gremlin Nob","floor":6,"turns":4},{"damage":5,"enemies":"3 Sentries","floor":11,"turns":15},{"damage":4,"enemies":"Small Slimes","floor":12,"turns":4},{"damage":0,"enemies":"Red Slaver","floor":13,"turns":3},{"damage":24,"enemies":"Lagavulin","floor":14,"turns":6},{"damage":56,"enemies":"Slime Boss","floor":16,"turns":10},{"damage":6,"enemies":"2 Thieves","floor":18,"turns":3},{"damage":4,"enemies":"Shell Parasite","floor":19,"turns":5},{"damage":0,"enemies":"Centurion and Healer","floor":21,"turns":4},{"damage":12,"enemies":"Snecko","floor":22,"turns":4},{"damage":19,"enemies":"Book of Stabbing","floor":23,"turns":5},{"damage":18,"enemies":"Cultist and Chosen","floor":24,"turns":7},{"damage":2,"enemies":"Shelled Parasite and Fungi","floor":27,"turns":3},{"damage":10,"enemies":"Slavers","floor":29,"turns":4},{"damage":11,"enemies":"Gremlin Leader","floor":31,"turns":6},{"damage":73,"enemies":"Champ","floor":33,"turns":13}],"seed_played":"-2953361204882126345","potions_obtained":[{"floor":1,"key":"Poison Potion"},{"floor":5,"key":"Fire Potion"},{"floor":11,"key":"PowerPotion"},{"floor":12,"key":"FearPotion"},{"floor":13,"key":"Energy Potion"},{"floor":18,"key":"EssenceOfSteel"},{"floor":19,"key":"AttackPotion"},{"floor":21,"key":"LiquidBronze"}],"is_trial":false,"path_per_floor":["M","?","?","?","M","E","$","R","T","?","E","M","M","E","R","B",null,"M","M","?","M","M","E","M","R","T","M","$","E","R","E","R","B"],"character_chosen":"IRONCLAD","items_purchased":["Toy Ornithopter"],"campfire_rested":2,"item_purchase_floors":[28],"current_hp_per_floor":[70,70,70,63,68,52,52,52,52,52,53,55,61,43,64,14,58,61,63,63,72,66,56,44,44,44,52,52,53,78,73,73,0],"gold":2,"neow_bonus":"REMOVE_TWO","is_prod":false,"is_daily":false,"chose_seed":false,"campfire_upgraded":3,"win_rate":0,"timestamp":1551062894,"path_taken":["M","?","?","?","M","E","$","R","T","?","E","M","?","E","R","BOSS","M","M","?","?","M","E","M","R","T","M","$","E","R","E","R","BOSS"],"build_version":"2019-01-23","purchased_purges":1,"victory":false,"max_hp_per_floor":[72,72,72,72,72,72,72,72,72,72,72,72,72,72,72,72,72,75,75,75,78,78,81,81,81,81,85,85,85,85,85,85,85],"card_choices":[{"not_picked":["Uppercut","Iron Wave"],"picked":"Flame Barrier","floor":1},{"not_picked":["Heavy Blade","Rupture","Sentinel"],"picked":"SKIP","floor":5},{"not_picked":["Thunderclap","Bludgeon"],"picked":"Seeing Red","floor":6},{"not_picked":["Havoc","Flame Barrier"],"picked":"Spot Weakness","floor":11},{"not_picked":["Seeing Red","Warcry"],"picked":"Pummel","floor":12},{"not_picked":["Havoc","Armaments"],"picked":"Shrug It Off","floor":13},{"not_picked":["Clash","Perfected Strike","Pommel Strike"],"picked":"SKIP","floor":14},{"not_picked":["Double Tap","Immolate"],"picked":"Feed","floor":16},{"not_picked":["Heavy Blade","Thunderclap+1"],"picked":"Flame Barrier+1","floor":18},{"not_picked":["Headbutt","Heavy Blade","Burning Pact"],"picked":"SKIP","floor":19},{"not_picked":["Carnage","Dropkick","Entrench"],"picked":"SKIP","floor":21},{"not_picked":["Shrug It Off","Entrench"],"picked":"Ghostly Armor","floor":22},{"not_picked":["Double Tap","Armaments"],"picked":"Whirlwind","floor":23},{"not_picked":["Shrug It Off","Uppercut"],"picked":"Inflame+1","floor":24},{"not_picked":["Sever Soul","Dual Wield","Clash"],"picked":"SKIP","floor":27},{"not_picked":["Cleave","Sword Boomerang","Anger"],"picked":"SKIP","floor":29},{"not_picked":["Reckless Charge+1","Shrug It Off"],"picked":"Immolate","floor":31}],"player_experience":1022821,"relics_obtained":[{"floor":6,"key":"Whetstone"},{"floor":11,"key":"Letter Opener"},{"floor":14,"key":"Ancient Tea Set"},{"floor":23,"key":"Calipers"},{"floor":26,"key":"Smiling Mask"},{"floor":29,"key":"Unceasing Top"},{"floor":31,"key":"Bottled Flame"}],"event_choices":[{"cards_removed":["Defend_R"],"damage_healed":0,"gold_gain":0,"player_choice":"Card Removal","damage_taken":0,"max_hp_gain":0,"max_hp_loss":0,"event_name":"The Cleric","floor":2,"gold_loss":50},{"damage_healed":0,"gold_gain":0,"player_choice":"Ignored","damage_taken":0,"max_hp_gain":0,"max_hp_loss":0,"event_name":"Liars Game","floor":3,"gold_loss":0},{"cards_removed":["Strike_R"],"damage_healed":0,"gold_gain":0,"player_choice":"Card Removal","damage_taken":7,"max_hp_gain":0,"max_hp_loss":0,"event_name":"Golden Wing","floor":4,"gold_loss":0},{"damage_healed":0,"gold_gain":0,"cards_transformed":["Strike_R"],"player_choice":"Transformed","damage_taken":0,"max_hp_gain":0,"max_hp_loss":0,"event_name":"Transmorgrifier","floor":10,"gold_loss":0,"cards_obtained":["Iron Wave"]},{"cards_removed":["Defend_R"],"damage_healed":0,"gold_gain":0,"player_choice":"Offered Basic","damage_taken":0,"max_hp_gain":0,"max_hp_loss":0,"event_name":"Bonfire Elementals","floor":20,"gold_loss":0}],"is_beta":false,"boss_relics":[{"not_picked":["Astrolabe","Runic Cube"],"picked":"Ectoplasm"}],"items_purged_floors":[7],"is_endless":false,"potions_floor_spawned":[1,5,11,12,13,18,19,21],"killed_by":"Champ","ascension_level":8}