{"gold_per_floor":[118,118,130,130,130,130,162,5,30,30,64,120,153,172,172,275,275,287,287,287],"floor_reached":20,"playtime":1406,"items_purged":["Regret"],"score":235,"play_id":"43f53571-e401-44fe-b96b-42181efa1062","local_time":"20180923104053","is_ascension_mode":true,"campfire_choices":[{"data":"Flying Knee","floor":6,"key":"SMITH"},{"floor":10,"key":"REST"},{"floor":15,"key":"REST"}],"neow_cost":"","seed_source_timestamp":1449481541342565,"circlet_count":0,"master_deck":["Defend_G","Defend_G","Defend_G","Defend_G","Defend_G","Strike_G","Strike_G","Strike_G","Strike_G","Strike_G","Survivor","Neutralize+1","Underhanded Strike","Flying Knee+1","Accuracy","Infinite Blades","Cloak And Dagger","Heel Hook","Bullet Time","Slice"],"relics":["Ring of the Snake","Thread and Needle","Shuriken","Boot","Potion Belt","Art of War","Ornamental Fan","WristBlade"],"potions_floor_usage":[16,16,16,18],"damage_taken":[{"damage":3,"enemies":"Jaw Worm","floor":1,"turns":5},{"damage":0,"enemies":"Cultist","floor":3,"turns":4},{"damage":29,"enemies":"3 Sentries","floor":7,"turns":11},{"damage":14,"enemies":"Lagavulin","floor":11,"turns":6},{"damage":15,"enemies":"Gremlin Nob","floor":12,"turns":4},{"damage":8,"enemies":"Gremlin Nob","floor":13,"turns":4},{"damage":0,"enemies":"Small Slimes","floor":14,"turns":3},{"damage":31,"enemies":"The Guardian","floor":16,"turns":11},{"damage":7,"enemies":"Chosen","floor":18,"turns":6},{"damage":37,"enemies":"Masked Bandits","floor":20,"turns":3}],"seed_played":"5196769731119638011","potions_obtained":[{"floor":11,"key":"LiquidBronze"},{"floor":12,"key":"Explosive Potion"},{"floor":13,"key":"FearPotion"},{"floor":14,"key":"Strength Potion"},{"floor":16,"key":"SpeedPotion"}],"is_trial":false,"path_per_floor":["M","?","M","?","?","R","E","$","T","R","E","?","E","M","R","B",null,"M","?"],"character_chosen":"THE_SILENT","items_purchased":["Infinite Blades"],"campfire_rested":2,"item_purchase_floors":[8],"current_hp_per_floor":[67,67,67,67,67,67,38,38,38,59,45,30,22,22,43,12,56,49,36,0],"gold":287,"neow_bonus":"","is_prod":false,"is_daily":false,"chose_seed":false,"campfire_upgraded":1,"win_rate":0,"timestamp":1537724453,"path_taken":["M","?","M","?","?","R","E","?","T","R","E","?","E","M","R","BOSS","M","?","?"],"build_version":"2018-09-20","purchased_purges":1,"victory":false,"max_hp_per_floor":[70,70,70,70,70,70,70,70,70,70,70,70,70,70,70,70,70,70,75,75],"card_choices":[{"not_picked":["Deflect","Terror"],"picked":"Underhanded Strike","floor":1},{"not_picked":["Backflip","Sucker Punch"],"picked":"Flying Knee","floor":3},{"not_picked":["Predator","Sucker Punch"],"picked":"Accuracy","floor":7},{"not_picked":["Blur","Footwork"],"picked":"Cloak And Dagger","floor":11},{"not_picked":["Skewer","Prepared"],"picked":"Heel Hook","floor":13},{"not_picked":["Distraction","Backflip","PiercingWail"],"picked":"SKIP","floor":14},{"not_picked":["Venomology","Grand Finale"],"picked":"Bullet Time","floor":16},{"not_picked":["Dagger Throw","Predator+1"],"picked":"Slice","floor":18}],"player_experience":256841,"relics_obtained":[{"floor":7,"key":"Shuriken"},{"floor":9,"key":"Boot"},{"floor":11,"key":"Potion Belt"},{"floor":12,"key":"Art of War"},{"floor":13,"key":"Ornamental Fan"}],"event_choices":[{"event_name":"The Cleric","player_choice":"Leave","floor":2,"damage_taken":0},{"event_name":"Living Wall","player_choice":"Grow","floor":4,"damage_taken":0},{"event_name":"Big Fish","player_choice":"Box","floor":5,"damage_taken":0},{"event_name":"Dead Adventurer","player_choice":"Searched \u00271\u0027 times","floor":12,"damage_taken":0},{"event_name":"Forgotten Altar","player_choice":"Shed Blood","floor":19,"damage_taken":0},{"event_name":"Masked Bandits","player_choice":"Fought Bandits","floor":20,"damage_taken":0}],"is_beta":false,"boss_relics":[{"not_picked":["Cursed Key","Ectoplasm"],"picked":"WristBlade"}],"items_purged_floors":[8],"is_endless":false,"potions_floor_spawned":[11,12,13,14,16],"killed_by":"Masked Bandits","ascension_level":5}