{"gold_per_floor":[119,135,60,70,245,245,280,280,280,311,311,340,240,252,252,356,356,356],"floor_reached":18,"playtime":683,"items_purged":["Regret","Bash"],"score":229,"play_id":"e8f2660d-0cd3-4b01-b0a4-292338e5fbb4","local_time":"20180927022757","is_ascension_mode":true,"campfire_choices":[{"data":"Rampage","floor":6,"key":"SMITH"},{"floor":11,"key":"REST"},{"floor":15,"key":"REST"}],"neow_cost":"CURSE","seed_source_timestamp":8649738549164,"circlet_count":0,"master_deck":["Strike_R","Strike_R","Strike_R","Strike_R","Strike_R","Defend_R","Defend_R","Defend_R","Defend_R","Rampage+1","True Grit","Armaments","Headbutt","Battle Trance"],"relics":["Burning Blood","StoneCalendar","Spirit Poop","Dead Branch","Art of War","Ginger"],"potions_floor_usage":[7,7,12],"damage_taken":[{"damage":14,"enemies":"Jaw Worm","floor":1,"turns":3},{"damage":10,"enemies":"Small Slimes","floor":2,"turns":4},{"damage":3,"enemies":"Cultist","floor":4,"turns":4},{"damage":26,"enemies":"Lagavulin","floor":7,"turns":8},{"damage":48,"enemies":"3 Sentries","floor":10,"turns":7},{"damage":38,"enemies":"Gremlin Nob","floor":12,"turns":5},{"damage":8,"enemies":"Blue Slaver","floor":14,"turns":4},{"damage":29,"enemies":"Hexaghost","floor":16,"turns":10},{"damage":0,"enemies":"Shell Parasite","floor":18,"turns":2}],"seed_played":"-8800310359492080337","potions_obtained":[{"floor":1,"key":"AttackPotion"},{"floor":4,"key":"AttackPotion"},{"floor":10,"key":"PowerPotion"},{"floor":12,"key":"Fire Potion"}],"is_trial":false,"path_per_floor":["M","M","$","M","?","R","E","?","T","E","R","E","$","M","R","B",null],"character_chosen":"IRONCLAD","items_purchased":[],"campfire_rested":2,"item_purchase_floors":[],"current_hp_per_floor":[88,84,84,87,87,87,67,67,67,25,53,21,21,19,47,24,96,96],"gold":356,"neow_bonus":"TWENTY_PERCENT_HP_BONUS","is_prod":false,"is_daily":false,"chose_seed":false,"campfire_upgraded":1,"win_rate":0,"timestamp":1538040477,"path_taken":["M","M","$","M","?","R","E","?","T","E","R","E","$","?","R","BOSS","M"],"build_version":"2018-09-20","purchased_purges":2,"victory":false,"max_hp_per_floor":[96,96,96,96,96,96,96,96,96,96,96,96,96,96,96,96,96,96],"card_choices":[{"not_picked":["Sword Boomerang","Shrug It Off"],"picked":"Rampage","floor":1},{"not_picked":["Heavy Blade","Inflame"],"picked":"True Grit","floor":2},{"not_picked":["Rage","Clothesline","Heavy Blade"],"picked":"SKIP","floor":4},{"not_picked":["Uppercut","Carnage"],"picked":"Armaments","floor":7},{"not_picked":["Corruption","Combust"],"picked":"Headbutt","floor":10},{"not_picked":["Armaments","Combust"],"picked":"Battle Trance","floor":12},{"not_picked":["Heavy Blade","Carnage","Thunderclap"],"picked":"SKIP","floor":14}],"player_experience":279734,"relics_obtained":[{"floor":7,"key":"StoneCalendar"},{"floor":9,"key":"Dead Branch"},{"floor":10,"key":"Art of War"},{"floor":12,"key":"Ginger"}],"event_choices":[{"event_name":"Liars Game","player_choice":"agreed","floor":5,"damage_taken":0},{"event_name":"Bonfire Elementals","player_choice":"CURSE","floor":8,"damage_taken":0}],"is_beta":false,"boss_relics":[{"not_picked":[]}],"items_purged_floors":[3,13],"is_endless":false,"potions_floor_spawned":[1,4,10,12],"killed_by":"Shell Parasite","ascension_level":3}