{"gold_per_floor":[362,437,455,470,120,152,167,167,167,167,177,30,30,40,40,139,139,139,12,12,12,12],"floor_reached":22,"playtime":1055,"items_purged":["Strike_B","Strike_B"],"score":207,"play_id":"e2914f9b-9d3e-4a95-92e5-414e1fceae44","local_time":"20181120140756","is_ascension_mode":true,"campfire_choices":[{"floor":8,"key":"REST"},{"floor":10,"key":"REST"},{"data":"Leap","floor":13,"key":"SMITH"},{"floor":15,"key":"REST"}],"neow_cost":"TEN_PERCENT_HP_LOSS","seed_source_timestamp":216498924257618,"circlet_count":0,"master_deck":["Strike_B","Strike_B","Defend_B","Defend_B","Defend_B","Defend_B","Zap","Dualcast","Loop","Tempest","Conserve Battery","Chaos","Machine Learning","Capacitor","Heatsinks","Gash","Leap+1","FTL","Machine Learning","Coolheaded","Redo","Rebound","Chaos+1"],"relics":["Cracked Core","Pocketwatch","Bottled Lightning","Ice Cream","Ectoplasm"],"potions_floor_usage":[7,21,21],"damage_taken":[{"damage":2,"enemies":"Jaw Worm","floor":1,"turns":3},{"damage":1,"enemies":"Cultist","floor":3,"turns":4},{"damage":1,"enemies":"2 Louse","floor":4,"turns":2},{"damage":21,"enemies":"3 Sentries","floor":6,"turns":8},{"damage":13,"enemies":"Gremlin Gang","floor":7,"turns":4},{"damage":29,"enemies":"Exordium Wildlife","floor":11,"turns":5},{"damage":5,"enemies":"2 Fungi Beasts","floor":14,"turns":5},{"damage":13,"enemies":"The Guardian","floor":16,"turns":9},{"damage":25,"enemies":"3 Byrds","floor":18,"turns":6},{"damage":9,"enemies":"Spheric Guardian","floor":20,"turns":5},{"damage":18,"enemies":"Snake Plant","floor":21,"turns":4},{"damage":22,"enemies":"Shelled Parasite and Fungi","floor":22,"turns":3}],"seed_played":"2930665722523761139","potions_obtained":[{"floor":1,"key":"GamblersBrew"},{"floor":6,"key":"GamblersBrew"},{"floor":7,"key":"FearPotion"},{"floor":20,"key":"Dexterity Potion"},{"floor":21,"key":"SteroidPotion"}],"is_trial":false,"path_per_floor":["M","?","M","M","$","E","M","R","T","R","M","$","R","M","R","B",null,"M","$","M","M","M"],"character_chosen":"DEFECT","items_purchased":["Pocketwatch","Chaos","Gash","Leap","Redo"],"campfire_rested":3,"item_purchase_floors":[5,5,12,12,19],"current_hp_per_floor":[66,60,59,58,58,37,24,44,44,64,35,35,35,30,50,37,68,43,43,34,16,0],"gold":12,"neow_bonus":"TWO_FIFTY_GOLD","is_prod":false,"is_daily":false,"chose_seed":false,"campfire_upgraded":1,"win_rate":0,"timestamp":1542694076,"path_taken":["M","?","M","?","$","E","M","R","T","R","M","$","R","M","R","BOSS","M","$","M","M","M"],"build_version":"2018-11-15","purchased_purges":2,"victory":false,"max_hp_per_floor":[68,68,68,68,68,68,68,68,68,68,68,68,68,68,68,68,68,68,68,68,68,68],"card_choices":[{"not_picked":["BootSequence","Cold Snap"],"picked":"Loop","floor":1},{"not_picked":["Beam Cell","Hologram"],"picked":"Tempest","floor":3},{"not_picked":["Ball Lightning","Streamline"],"picked":"Conserve Battery","floor":4},{"not_picked":["Hologram","Chill"],"picked":"Machine Learning","floor":6},{"not_picked":["BootSequence","Barrage"],"picked":"Capacitor","floor":7},{"not_picked":["Scrape","Steam"],"picked":"Heatsinks","floor":11},{"not_picked":["Turbo","Sweeping Beam"],"picked":"FTL","floor":14},{"not_picked":["Seek","Hyperbeam"],"picked":"Machine Learning","floor":16},{"not_picked":["Ball Lightning","Sweeping Beam"],"picked":"Coolheaded","floor":18},{"not_picked":["Cold Snap","Rebound","Static Discharge"],"picked":"SKIP","floor":20},{"not_picked":["Cold Snap","Static Discharge"],"picked":"Rebound","floor":20},{"not_picked":["Leap","Loop"],"picked":"Chaos+1","floor":21}],"player_experience":453444,"relics_obtained":[{"floor":6,"key":"Bottled Lightning"},{"floor":9,"key":"Ice Cream"}],"event_choices":[{"damage_healed":0,"gold_gain":75,"player_choice":"Touch","damage_taken":6,"max_hp_gain":0,"max_hp_loss":0,"event_name":"FaceTrader","floor":2,"gold_loss":0}],"is_beta":false,"boss_relics":[{"not_picked":["Lizard Tail","Snecko Eye"],"picked":"Ectoplasm"}],"items_purged_floors":[12,19],"is_endless":false,"potions_floor_spawned":[1,6,7,20,21],"killed_by":"Shelled Parasite and Fungi","ascension_level":2}