{"gold_per_floor":[116,116,131,155,155,190,190,204,277,305,305,230,264,284,284,381,381,392,392,409,420,272,307,80,80,105,105,115,126,151,151,151,250,250,263,263,263,287,88,115,115,143,143,176,63,91,110,128,128,128],"floor_reached":51,"playtime":4089,"items_purged":["Regret"],"score":998,"play_id":"a5e5641f-9596-4f41-b139-ba5eaa8d0e3a","local_time":"20180731060521","is_ascension_mode":true,"campfire_choices":[{"floor":7,"key":"REST"},{"floor":11,"key":"REST"},{"floor":15,"key":"REST"},{"floor":27,"key":"REST"},{"floor":32,"key":"REST"},{"floor":41,"key":"REST"},{"floor":49,"key":"REST"}],"neow_cost":"NONE","seed_source_timestamp":212771532207271,"circlet_count":0,"master_deck":["Defend_G","Defend_G","Defend_G+1","Defend_G","Defend_G","Strike_G","Strike_G","Strike_G","Strike_G","Strike_G","Survivor","Neutralize","Backflip+1","Sucker Punch","Endless Agony","Heel Hook","Dagger Spray","Slice","Dagger Spray","Bullet Time+1","Blur+1","Sucker Punch","Bullet Time+1","Blind+1","Dash+1","Backflip+1","Bouncing Flask+1","A Thousand Cuts","Flying Knee","Flying Knee+1","Footwork","Backflip+1","Endless Agony","Terror+1","Backflip+1","Predator","Malaise+1","Crippling Poison+1","Cloak And Dagger+1","Blur+1","Backstab","Backflip+1"],"relics":["Fusion Hammer","War Paint","Orichalcum","Regal Pillow","Toxic Egg 2","Sundial","Lantern","WristBlade","Nilry\u0027s Codex","Bronze Scales","MawBank","Strawberry","Dead Branch","Bag of Preparation","Happy Flower","Blue Candle","Orrery","The Specimen","Omamori","Bag of Marbles","Vajra","Potion Belt","Question Card","Mango","StoneCalendar"],"potions_floor_usage":[21,23,23,33,33,50,50,50,50],"damage_taken":[{"damage":1,"enemies":"Small Slimes","floor":1,"turns":3},{"damage":0,"enemies":"2 Louse","floor":3,"turns":4},{"damage":31,"enemies":"Lagavulin","floor":6,"turns":12},{"damage":1,"enemies":"Jaw Worm","floor":8,"turns":4},{"damage":20,"enemies":"Gremlin Nob","floor":10,"turns":6},{"damage":7,"enemies":"Lagavulin","floor":13,"turns":8},{"damage":0,"enemies":"Blue Slaver","floor":14,"turns":3},{"damage":41,"enemies":"Slime Boss","floor":16,"turns":12},{"damage":0,"enemies":"3 Byrds","floor":18,"turns":4},{"damage":2,"enemies":"Chosen","floor":20,"turns":3},{"damage":5,"enemies":"Snecko","floor":21,"turns":3},{"damage":18,"enemies":"Gremlin Leader","floor":23,"turns":7},{"damage":11,"enemies":"Centurion and Healer","floor":28,"turns":5},{"damage":16,"enemies":"Snake Plant","floor":29,"turns":3},{"damage":16,"enemies":"Book of Stabbing","floor":30,"turns":5},{"damage":43,"enemies":"Champ","floor":33,"turns":11},{"damage":0,"enemies":"3 Shapes","floor":35,"turns":4},{"damage":7,"floor":36,"turns":6},{"damage":6,"enemies":"2 Orb Walkers","floor":40,"turns":4},{"damage":6,"enemies":"Nemesis","floor":42,"turns":3},{"damage":0,"enemies":"2 Orb Walkers","floor":44,"turns":2},{"damage":10,"enemies":"Nemesis","floor":46,"turns":3},{"damage":0,"enemies":"Flame Bruiser 1 Orb","floor":47,"turns":3},{"damage":4,"enemies":"Spire Growth","floor":48,"turns":3},{"damage":17,"enemies":"Awakened One","floor":50,"turns":12}],"seed_played":"-6372790975081708679","potions_obtained":[{"floor":6,"key":"Weak Potion"},{"floor":8,"key":"SmokeBomb"},{"floor":10,"key":"Explosive Potion"},{"floor":13,"key":"Dexterity Potion"},{"floor":16,"key":"Regen Potion"},{"floor":21,"key":"Block Potion"},{"floor":23,"key":"AttackPotion"},{"floor":30,"key":"Explosive Potion"},{"floor":36,"key":"PowerPotion"},{"floor":40,"key":"SteroidPotion"},{"floor":44,"key":"Ancient Potion"},{"floor":46,"key":"Block Potion"}],"is_trial":false,"path_per_floor":["M","?","M","T","?","E","R","M","T","E","R","$","E","M","R","B",null,"M","?","M","M","$","E","$","?","T","R","M","M","E","T","R","B",null,"M","?","?","T","$","E","R","E","T","E","$","E","M","M","R","B"],"character_chosen":"THE_SILENT","items_purchased":["Bronze Scales","Strawberry","Blind+1","Bag of Marbles","Backflip+1","Crippling Poison+1","Cloak And Dagger+1"],"campfire_rested":7,"item_purchase_floors":[22,24,24,39,39,45,45],"current_hp_per_floor":[69,69,69,69,69,38,70,69,69,49,70,70,63,63,70,29,70,70,54,52,47,47,41,48,48,48,77,66,50,34,34,72,29,77,77,70,70,70,70,64,77,71,71,85,85,75,75,71,91,74],"gold":128,"neow_bonus":"BOSS_RELIC","is_prod":false,"is_daily":false,"chose_seed":false,"campfire_upgraded":0,"win_rate":0,"timestamp":1533042321,"path_taken":["M","?","M","?","?","E","R","M","T","E","R","$","E","M","R","BOSS","M","?","?","M","$","E","$","?","T","R","M","M","E","?","R","BOSS","M","?","?","?","$","E","R","E","T","E","?","E","M","?","R","BOSS"],"build_version":"2018-07-26","purchased_purges":1,"victory":true,"max_hp_per_floor":[70,70,70,70,70,70,70,70,70,70,70,70,70,70,70,70,70,70,70,70,70,70,70,77,77,77,77,77,77,77,77,77,77,77,77,77,77,77,77,77,77,77,77,91,91,91,91,91,91,91],"card_choices":[{"not_picked":["Bane","Leg Sweep"],"picked":"Backflip","floor":1},{"not_picked":["Bane","Crippling Poison"],"picked":"Sucker Punch","floor":3},{"not_picked":["Prepared","Deflect"],"picked":"Endless Agony","floor":6},{"not_picked":["Terror","Outmaneuver"],"picked":"Heel Hook","floor":8},{"not_picked":["Tactician+1","Bouncing Flask+1"],"picked":"Dagger Spray","floor":10},{"not_picked":["Acrobatics+1","Poisoned Stab"],"picked":"Slice","floor":13},{"not_picked":["Flechettes","Acrobatics+1"],"picked":"Dagger Spray","floor":14},{"not_picked":["Envenom","Malaise+1"],"picked":"Bullet Time+1","floor":16},{"not_picked":["Dagger Throw","Dodge and Roll+1"],"picked":"Blur+1","floor":18},{"not_picked":["Skewer","Noxious Fumes"],"picked":"Sucker Punch","floor":20},{"not_picked":["Prepared+1","Underhanded Strike+1","Outmaneuver+1"],"picked":"SKIP","floor":21},{"not_picked":["Calculated Gamble+1","Slice"],"picked":"Bullet Time+1","floor":23},{"not_picked":["Caltrops","PiercingWail+1"],"picked":"Dash+1","floor":28},{"not_picked":["Deadly Poison+1","Predator"],"picked":"Backflip+1","floor":29},{"not_picked":["Dagger Throw","Bane"],"picked":"Bouncing Flask+1","floor":30},{"not_picked":["Doppelganger+1","Envenom"],"picked":"A Thousand Cuts","floor":33},{"not_picked":["Cloak And Dagger+1","Outmaneuver+1"],"picked":"Flying Knee","floor":34},{"not_picked":["Acrobatics+1","Reflex+1"],"picked":"Flying Knee+1","floor":34},{"not_picked":["Blur+1","Flying Knee"],"picked":"Footwork","floor":34},{"not_picked":["Acrobatics+1","Deflect+1"],"picked":"Backflip+1","floor":34},{"not_picked":["Die Die Die","Reflex+1"],"picked":"Endless Agony","floor":35},{"not_picked":["PiercingWail+1","Reflex+1"],"picked":"Terror+1","floor":36},{"not_picked":["Slice","Flying Knee+1","Caltrops"],"picked":"SKIP","floor":40},{"not_picked":["Underhanded Strike+1","Noxious Fumes+1"],"picked":"Predator","floor":42},{"not_picked":["Dagger Spray","Concentrate+1","Leg Sweep+1"],"picked":"Malaise+1","floor":44},{"not_picked":["Underhanded Strike","Finisher+1","PiercingWail+1"],"picked":"Blur+1","floor":46},{"not_picked":["Dash+1","Dagger Spray","Underhanded Strike+1"],"picked":"Backstab","floor":47},{"not_picked":["Crippling Poison+1","Well Laid Plans+1","Calculated Gamble+1"],"picked":"Backflip+1","floor":48}],"player_experience":202103,"relics_obtained":[{"floor":4,"key":"War Paint"},{"floor":6,"key":"Regal Pillow"},{"floor":9,"key":"Toxic Egg 2"},{"floor":10,"key":"Sundial"},{"floor":13,"key":"Lantern"},{"floor":19,"key":"Nilry\u0027s Codex"},{"floor":23,"key":"MawBank"},{"floor":26,"key":"Bag of Preparation"},{"floor":30,"key":"Happy Flower"},{"floor":31,"key":"Blue Candle"},{"floor":36,"key":"The Specimen"},{"floor":38,"key":"Omamori"},{"floor":40,"key":"Vajra"},{"floor":42,"key":"Potion Belt"},{"floor":43,"key":"Question Card"},{"floor":44,"key":"Mango"},{"floor":46,"key":"StoneCalendar"}],"event_choices":[{"event_name":"Golden Wing","player_choice":"Ignored","floor":2,"damage_taken":0},{"event_name":"Big Fish","player_choice":"Box","floor":5,"damage_taken":0},{"event_name":"Cursed Tome","player_choice":"Obtained Book","floor":19,"damage_taken":0},{"event_name":"WeMeetAgain","player_choice":"Potion","floor":25,"damage_taken":0},{"event_name":"MindBloom","player_choice":"Fight","floor":36,"damage_taken":0},{"event_name":"Tomb of Lord Red Mask","player_choice":"Ignored","floor":37,"damage_taken":0}],"is_beta":false,"boss_relics":[{"not_picked":["Velvet Choker","Empty Cage"],"picked":"WristBlade"},{"not_picked":["Snecko Eye","Runic Dome"],"picked":"Orrery"}],"items_purged_floors":[12],"is_endless":false,"potions_floor_spawned":[6,8,10,13,16,21,23,30,36,40,44,46,48],"ascension_level":2}