{"gold_per_floor":[110,123,123,83,98,98,198,228,278,294,294,313,38,55,55,158,158,173,0,16,34,34,34,34,34,34,44,44,44,54,70,70,173,223,238,4,4,19,19,19,38,38,38,54,54,66,84,84,84,84],"floor_reached":50,"playtime":2035,"items_purged":[],"score":543,"play_id":"12de51be-c26a-465c-b97f-57a143fb4349","local_time":"20181101103018","is_ascension_mode":true,"campfire_choices":[{"floor":6,"key":"REST"},{"floor":15,"key":"REST"},{"floor":23,"key":"REST"},{"floor":25,"key":"REST"},{"floor":28,"key":"REST"},{"floor":32,"key":"REST"},{"floor":40,"key":"REST"},{"floor":42,"key":"REST"},{"floor":49,"key":"REST"}],"neow_cost":"NONE","seed_source_timestamp":4932014318868,"circlet_count":0,"master_deck":["Strike_B","Strike_B","Strike_B","Defend_B","Defend_B","Defend_B","Defend_B","Zap","Dualcast","Gash","Redo","Redo","Cold Snap","Hologram","Go for the Eyes","Hologram+1","White Noise","Echo Form+1","Capacitor+1","Gash","Defragment+1","Storm+1","Amplify","Turbo+1","FTL","Creative AI+1","Defragment+1","Leap+1","Force Field","Fusion","Heatsinks+1","Writhe","White Noise+1","Darkness","Gash","Doubt","Buffer+1","Leap"],"relics":["Cracked Core","Vajra","Strawberry","WingedGreaves","Frozen Egg 2","Sozu","Bottled Lightning","Tiny House","Dodecahedron","Bag of Marbles"],"potions_floor_usage":[8,8,10,21],"damage_taken":[{"damage":6,"enemies":"Jaw Worm","floor":1,"turns":3},{"damage":6,"enemies":"2 Louse","floor":2,"turns":3},{"damage":9,"enemies":"Small Slimes","floor":5,"turns":4},{"damage":11,"enemies":"Gremlin Nob","floor":8,"turns":3},{"damage":0,"enemies":"Looter","floor":10,"turns":1},{"damage":11,"enemies":"Red Slaver","floor":12,"turns":3},{"damage":12,"enemies":"3 Louse","floor":14,"turns":3},{"damage":59,"enemies":"Slime Boss","floor":16,"turns":14},{"damage":16,"enemies":"Spheric Guardian","floor":18,"turns":4},{"damage":31,"enemies":"3 Byrds","floor":20,"turns":6},{"damage":37,"enemies":"Snake Plant","floor":21,"turns":5},{"damage":17,"enemies":"Sentry and Sphere","floor":27,"turns":6},{"damage":27,"enemies":"Centurion and Healer","floor":30,"turns":6},{"damage":18,"enemies":"3 Cultists","floor":31,"turns":5},{"damage":35,"enemies":"Collector","floor":33,"turns":9},{"damage":38,"enemies":"3 Darklings","floor":35,"turns":3},{"damage":25,"enemies":"Orb Walker","floor":38,"turns":3},{"damage":23,"enemies":"Sphere and 2 Shapes","floor":41,"turns":4},{"damage":18,"enemies":"Transient","floor":44,"turns":5},{"damage":31,"enemies":"3 Darklings","floor":46,"turns":4},{"damage":55,"enemies":"Jaw Worm Horde","floor":47,"turns":5},{"damage":43,"enemies":"Time Eater","floor":50,"turns":3}],"seed_played":"8007182430681129322","potions_obtained":[{"floor":4,"key":"Regen Potion"},{"floor":4,"key":"AttackPotion"},{"floor":4,"key":"GamblersBrew"},{"floor":5,"key":"FocusPotion"},{"floor":8,"key":"AttackPotion"},{"floor":10,"key":"Ancient Potion"}],"is_trial":false,"path_per_floor":["M","M","?","?","M","R","?","E","T","M","?","M","$","M","R","B",null,"M","?","M","M","?","R","?","R","T","M","R","?","M","M","R","B",null,"M","$","?","M","$","R","M","R","T","M","?","M","M","T","R"],"character_chosen":"DEFECT","items_purchased":["Hologram","Frozen Egg 2","Force Field","Fusion","Heatsinks+1"],"campfire_rested":9,"item_purchase_floors":[13,13,36,36,36],"current_hp_per_floor":[76,70,70,70,61,82,82,71,78,78,71,60,60,48,74,15,89,73,73,42,14,14,40,40,66,66,49,75,75,48,30,56,21,94,56,56,80,55,55,83,60,88,88,70,94,63,8,8,36,0],"gold":84,"neow_bonus":"TEN_PERCENT_HP_BONUS","is_prod":false,"is_daily":false,"chose_seed":false,"campfire_upgraded":0,"win_rate":0,"timestamp":1541039418,"path_taken":["M","M","?","?","?","R","?","E","T","M","?","M","$","M","R","BOSS","M","?","M","M","?","R","?","R","T","M","R","?","M","M","R","BOSS","M","$","?","?","?","R","?","R","T","M","?","M","M","?","R","BOSS"],"build_version":"2018-10-25v2","purchased_purges":0,"victory":false,"max_hp_per_floor":[82,82,82,82,82,82,82,82,89,89,89,89,89,89,89,89,89,89,89,89,89,89,89,89,89,89,89,89,89,89,89,89,89,94,94,94,94,94,94,94,94,94,94,94,94,94,94,94,94,94],"card_choices":[{"not_picked":["Streamline","Hologram"],"picked":"Gash","floor":1},{"not_picked":["Cold Snap","Tempest"],"picked":"Redo","floor":2},{"not_picked":["Barrage","Turbo"],"picked":"Redo","floor":5},{"not_picked":["Undo","Streamline"],"picked":"Cold Snap","floor":8},{"not_picked":["Stack","Rebound"],"picked":"Hologram","floor":10},{"not_picked":["Buffer","Double Energy"],"picked":"Go for the Eyes","floor":12},{"not_picked":["BootSequence","Conserve Battery"],"picked":"White Noise","floor":14},{"not_picked":["Seek","Core Surge"],"picked":"Echo Form+1","floor":16},{"not_picked":["FTL","Turbo"],"picked":"Capacitor+1","floor":18},{"not_picked":["Coolheaded","Recycle"],"picked":"Gash","floor":20},{"not_picked":["Loop+1","Stack+1"],"picked":"Defragment+1","floor":21},{"not_picked":["Streamline","Conserve Battery"],"picked":"Storm+1","floor":27},{"not_picked":["Skim","Leap"],"picked":"Turbo+1","floor":30},{"not_picked":["Rebound","Streamline+1"],"picked":"FTL","floor":31},{"not_picked":["Fission","Rainbow"],"picked":"Creative AI+1","floor":33},{"not_picked":["Consume+1","Hologram"],"picked":"Defragment+1","floor":34},{"not_picked":["Streamline+1","Sweeping Beam+1"],"picked":"Leap+1","floor":35},{"not_picked":["Rip and Tear","Tempest+1"],"picked":"White Noise+1","floor":38},{"not_picked":["Ball Lightning+1","Cold Snap+1"],"picked":"Darkness","floor":41},{"not_picked":["Redo","Chaos"],"picked":"Gash","floor":44},{"not_picked":["Gash","Compile Driver"],"picked":"Buffer+1","floor":46},{"not_picked":["Redo+1","Tempest+1"],"picked":"Leap","floor":47}],"player_experience":405753,"relics_obtained":[{"floor":8,"key":"Vajra"},{"floor":9,"key":"Strawberry"},{"floor":26,"key":"Bottled Lightning"},{"floor":43,"key":"Dodecahedron"},{"floor":48,"key":"Bag of Marbles"}],"event_choices":[{"damage_healed":0,"gold_gain":0,"player_choice":"Ignored","damage_taken":0,"max_hp_gain":0,"max_hp_loss":0,"event_name":"Golden Wing","floor":3,"gold_loss":0},{"damage_healed":0,"gold_gain":0,"player_choice":"Bought 3 Potions","damage_taken":0,"max_hp_gain":0,"max_hp_loss":0,"event_name":"The Woman in Blue","floor":4,"gold_loss":0},{"damage_healed":0,"gold_gain":100,"player_choice":"Gold","damage_taken":0,"max_hp_gain":0,"max_hp_loss":0,"event_name":"Wheel of Change","floor":7,"gold_loss":0},{"damage_healed":0,"gold_gain":0,"player_choice":"Success","damage_taken":7,"relics_obtained":["WingedGreaves"],"max_hp_gain":0,"max_hp_loss":0,"event_name":"Scrap Ooze","floor":11,"gold_loss":0},{"damage_healed":0,"gold_gain":0,"player_choice":"Paid Fearfully","damage_taken":0,"max_hp_gain":0,"max_hp_loss":0,"event_name":"Masked Bandits","floor":19,"gold_loss":173},{"cards_removed":["Strike_B"],"damage_healed":0,"gold_gain":0,"player_choice":"Purged","damage_taken":0,"max_hp_gain":0,"max_hp_loss":0,"event_name":"Purifier","floor":22,"gold_loss":0},{"damage_healed":0,"gold_gain":0,"player_choice":"Read","damage_taken":0,"max_hp_gain":0,"max_hp_loss":0,"event_name":"The Library","floor":29,"gold_loss":0,"cards_obtained":["Amplify"]},{"damage_healed":24,"gold_gain":0,"player_choice":"Writhe","damage_taken":0,"max_hp_gain":0,"max_hp_loss":0,"event_name":"Winding Halls","floor":37,"gold_loss":0,"cards_obtained":["Writhe"]},{"damage_healed":24,"gold_gain":0,"player_choice":"Heal","damage_taken":0,"max_hp_gain":0,"max_hp_loss":0,"event_name":"MindBloom","floor":45,"gold_loss":0,"cards_obtained":["Doubt"]}],"is_beta":false,"boss_relics":[{"not_picked":["Ectoplasm","Fusion Hammer"],"picked":"Sozu"},{"not_picked":["Orrery","Black Star"],"picked":"Tiny House"}],"items_purged_floors":[],"is_endless":false,"potions_floor_spawned":[5,8,10,18,27,30,41,44,47],"killed_by":"Time Eater","ascension_level":1}