{"gold_per_floor":[365,365,382,401,78,78,78,112,112,112,122,122,133,164,164,241,241,256,268,268,287,287,287,307,307,307,321,321,352,352,386,386,458,458,472,472,492,83,83,115,115,127,153,184,184,81,81,21,21,21,21,21,21,21,56,56],"floor_reached":57,"playtime":4539,"items_purged":["Strike_G","Strike_G+1","Strike_G+1"],"score":3187,"play_id":"dbb2734c-455a-4c3b-827d-e3996cb89667","local_time":"20190601122849","is_ascension_mode":true,"campfire_choices":[{"data":"Dagger Spray","floor":6,"key":"SMITH"},{"data":"Deadly Poison","floor":10,"key":"SMITH"},{"data":"Footwork","floor":12,"key":"SMITH"},{"floor":15,"key":"REST"},{"data":"A Thousand Cuts","floor":23,"key":"SMITH"},{"data":"Predator","floor":25,"key":"SMITH"},{"floor":28,"key":"REST"},{"data":"Leg Sweep","floor":30,"key":"SMITH"},{"floor":32,"key":"REST"},{"data":"Crippling Poison","floor":41,"key":"SMITH"},{"floor":45,"key":"RECALL"},{"data":"Noxious Fumes","floor":49,"key":"SMITH"},{"data":"Footwork","floor":53,"key":"SMITH"}],"neow_cost":"TEN_PERCENT_HP_LOSS","seed_source_timestamp":1353378696628,"circlet_count":0,"master_deck":["AscendersBane","Defend_G+1","Defend_G+1","Defend_G+1","Defend_G+1","Defend_G+1","Survivor","Neutralize+1","Footwork","Poisoned Stab","Deadly Poison+1","Footwork+1","Cloak And Dagger","Backflip","Adrenaline","Backflip","A Thousand Cuts+1","Dodge and Roll","Backflip","Quick Slash","Predator+1","Leg Sweep+1","Crippling Poison","Bullet Time","Catalyst+1","Footwork+1","Catalyst+1","Crippling Poison+1","Noxious Fumes+1","Footwork+1","Leg Sweep"],"relics":["Ring of the Snake","Membership Card","Gremlin Horn","Lantern","Bag of Preparation","Snecko Eye","Paper Crane","Happy Flower","Ice Cream","Philosopher\u0027s Stone","Mummified Hand","Gambling Chip","Boot","Meat on the Bone","Frozen Egg 2","Pantograph"],"potions_floor_usage":[8,14,16,56,56],"damage_taken":[{"damage":19,"enemies":"Jaw Worm","floor":1,"turns":10},{"damage":0,"enemies":"2 Louse","floor":3,"turns":3},{"damage":0,"enemies":"Cultist","floor":4,"turns":5},{"damage":14,"enemies":"Gremlin Nob","floor":8,"turns":4},{"damage":0,"enemies":"Exordium Thugs","floor":11,"turns":4},{"damage":0,"enemies":"3 Louse","floor":13,"turns":1},{"damage":12,"enemies":"Lagavulin","floor":14,"turns":9},{"damage":45,"enemies":"Slime Boss","floor":16,"turns":15},{"damage":15,"enemies":"Shell Parasite","floor":18,"turns":10},{"damage":8,"enemies":"Chosen","floor":19,"turns":7},{"damage":0,"enemies":"Snake Plant","floor":21,"turns":6},{"damage":0,"enemies":"Sentry and Sphere","floor":24,"turns":7},{"damage":0,"enemies":"Centurion and Healer","floor":27,"turns":6},{"damage":1,"enemies":"Gremlin Leader","floor":29,"turns":6},{"damage":13,"enemies":"Slavers","floor":31,"turns":4},{"damage":7,"enemies":"Collector","floor":33,"turns":9},{"damage":0,"enemies":"3 Darklings","floor":35,"turns":3},{"damage":0,"enemies":"Orb Walker","floor":37,"turns":3},{"damage":0,"enemies":"Reptomancer","floor":40,"turns":6},{"damage":0,"enemies":"3 Darklings","floor":42,"turns":2},{"damage":0,"enemies":"Giant Head","floor":44,"turns":7},{"damage":0,"enemies":"Awakened One","floor":50,"turns":13},{"damage":0,"enemies":"Donu and Deca","floor":51,"turns":10},{"damage":4,"enemies":"Shield and Spear","floor":55,"turns":6},{"damage":0,"enemies":"The Heart","floor":56,"turns":6}],"seed_played":"-214442763651543353","potions_obtained":[{"floor":1,"key":"FearPotion"},{"floor":3,"key":"SteroidPotion"},{"floor":4,"key":"AttackPotion"},{"floor":11,"key":"Regen Potion"},{"floor":16,"key":"Weak Potion"},{"floor":19,"key":"Weak Potion"},{"floor":21,"key":"Dexterity Potion"}],"is_trial":false,"path_per_floor":["M","?","M","M","$","R","?","E","T","R","M","R","M","E","R","B",null,"M","M","?","M","?","R","M","R","T","M","R","E","R","E","R","B",null,"M","?","M","$","?","E","R","M","T","E","R","$","T","$","R","B","B",null,"R","$","E","B",null],"character_chosen":"THE_SILENT","items_purchased":["Membership Card","Footwork","Dagger Spray","Cloak And Dagger","Mummified Hand","Gambling Chip","GhostInAJar","Footwork","GhostInAJar","Footwork+1","Leg Sweep"],"campfire_rested":3,"item_purchase_floors":[5,5,5,5,38,38,38,38,46,48,48],"current_hp_per_floor":[40,40,40,40,40,40,40,26,26,26,26,26,26,29,47,2,46,31,23,23,23,23,23,23,23,23,23,41,40,40,27,45,38,55,55,55,55,55,55,55,55,55,55,55,55,55,55,55,55,55,55,59,59,59,55,60],"gold":56,"neow_bonus":"TWO_FIFTY_GOLD","is_prod":false,"is_daily":false,"chose_seed":false,"campfire_upgraded":9,"win_rate":0,"timestamp":1559406529,"path_taken":["M","?","M","M","$","R","?","E","T","R","M","R","M","E","R","BOSS","M","?","?","M","?","R","M","R","T","M","R","E","R","E","R","BOSS","M","?","M","$","?","E","R","?","T","E","R","$","?","$","R","BOSS","BOSS","R","$","E","BOSS"],"build_version":"2019-01-23","purchased_purges":3,"victory":true,"max_hp_per_floor":[60,60,60,60,60,60,60,60,60,60,60,60,60,60,60,60,60,60,60,60,60,60,60,60,60,60,60,60,60,60,60,60,60,60,60,60,60,60,60,60,60,60,60,60,60,60,60,60,60,60,60,60,60,60,60,60],"card_choices":[{"not_picked":["Slice","Cloak And Dagger"],"picked":"Footwork","floor":1},{"not_picked":["Bouncing Flask","Outmaneuver"],"picked":"Poisoned Stab","floor":3},{"not_picked":["Dagger Throw","Flechettes"],"picked":"Deadly Poison","floor":4},{"not_picked":["Deflect","Blade Dance"],"picked":"Backflip","floor":8},{"not_picked":["Dagger Throw","Underhanded Strike","Prepared"],"picked":"SKIP","floor":11},{"not_picked":["Bane","Acrobatics"],"picked":"Adrenaline","floor":13},{"not_picked":["Bouncing Flask","Prepared"],"picked":"Backflip","floor":14},{"not_picked":["Unload","Bullet Time"],"picked":"A Thousand Cuts","floor":16},{"not_picked":["Flying Knee","Choke","Prepared"],"picked":"SKIP","floor":18},{"not_picked":["Outmaneuver","Dagger Spray","Dodge and Roll"],"picked":"SKIP","floor":19},{"not_picked":["Outmaneuver","Dagger Spray"],"picked":"Dodge and Roll","floor":19},{"not_picked":["Deflect","Choke","Tools of the Trade"],"picked":"SKIP","floor":21},{"not_picked":["Heel Hook","Prepared"],"picked":"Predator","floor":24},{"not_picked":["Escape Plan","Finisher"],"picked":"Leg Sweep","floor":27},{"not_picked":["Eviscerate","Venomology","Deflect"],"picked":"SKIP","floor":29},{"not_picked":["Underhanded Strike","Dagger Spray"],"picked":"Crippling Poison","floor":31},{"not_picked":["Unload","Grand Finale"],"picked":"Bullet Time","floor":33},{"not_picked":["Prepared","Outmaneuver","Deadly Poison"],"picked":"SKIP","floor":35},{"not_picked":["Flying Knee","Dodge and Roll"],"picked":"Catalyst+1","floor":37},{"not_picked":["Poisoned Stab","Backstab"],"picked":"Crippling Poison","floor":40},{"not_picked":["Flechettes","Footwork"],"picked":"Noxious Fumes","floor":42},{"not_picked":["Distraction","Outmaneuver","Slice"],"picked":"SKIP","floor":44},{"not_picked":["Distraction","Outmaneuver","Slice"],"picked":"SKIP","floor":44},{"not_picked":["Distraction","Outmaneuver","Slice"],"picked":"SKIP","floor":44},{"not_picked":["Deflect","Blade Dance","Quick Slash"],"picked":"SKIP","floor":55},{"not_picked":["Deflect","Blade Dance","Quick Slash"],"picked":"SKIP","floor":55}],"player_experience":1356160,"relics_obtained":[{"floor":8,"key":"Gremlin Horn"},{"floor":9,"key":"Lantern"},{"floor":14,"key":"Bag of Preparation"},{"floor":26,"key":"Paper Crane"},{"floor":29,"key":"Happy Flower"},{"floor":31,"key":"Ice Cream"},{"floor":40,"key":"Boot"},{"floor":44,"key":"Meat on the Bone"},{"floor":47,"key":"Frozen Egg 2"},{"floor":55,"key":"Pantograph"}],"event_choices":[{"damage_healed":0,"gold_gain":0,"player_choice":"Ignored","damage_taken":0,"max_hp_gain":0,"max_hp_loss":0,"event_name":"Liars Game","floor":2,"gold_loss":0},{"damage_healed":0,"gold_gain":0,"player_choice":"Upgraded","damage_taken":0,"max_hp_gain":0,"max_hp_loss":0,"event_name":"Upgrade Shrine","floor":7,"gold_loss":0,"cards_upgraded":["Neutralize"]},{"damage_healed":0,"gold_gain":0,"player_choice":"Simplicity","damage_taken":0,"max_hp_gain":0,"max_hp_loss":0,"event_name":"Back to Basics","floor":20,"gold_loss":0,"cards_upgraded":["Defend_G","Defend_G","Defend_G","Defend_G","Defend_G","Strike_G","Strike_G","Strike_G","Strike_G"]},{"damage_healed":0,"gold_gain":0,"cards_transformed":["Strike_G","Strike_G"],"player_choice":"Became Test Subject","damage_taken":0,"max_hp_gain":0,"max_hp_loss":0,"event_name":"Drug Dealer","floor":22,"gold_loss":0,"cards_obtained":["Backflip","Quick Slash"]},{"cards_removed":["Dagger Spray"],"damage_healed":0,"gold_gain":0,"player_choice":"Removed Attack","damage_taken":0,"max_hp_gain":0,"max_hp_loss":0,"event_name":"Falling","floor":36,"gold_loss":0},{"damage_healed":0,"gold_gain":0,"player_choice":"Copied","damage_taken":0,"max_hp_gain":0,"max_hp_loss":0,"event_name":"Duplicator","floor":39,"gold_loss":0,"cards_obtained":["Catalyst"]}],"is_beta":false,"boss_relics":[{"not_picked":["White Beast Statue","Empty Cage"],"picked":"Snecko Eye"},{"not_picked":["Pandora\u0027s Box","Velvet Choker"],"picked":"Philosopher\u0027s Stone"}],"items_purged_floors":[5,38,46],"is_endless":false,"potions_floor_spawned":[1,3,4,11,16,19,21,29,31,35,42,44],"ascension_level":20}