{"gold_per_floor":[113,9,20,40,51,51,71,71,71,106,106,106,66,85,85,188,188,198,198,209,209,225,225,252,252],"floor_reached":25,"playtime":938,"items_purged":[],"score":273,"play_id":"3107caf5-245d-47cb-b818-422e844317b8","local_time":"20181216133801","is_ascension_mode":true,"campfire_choices":[{"data":"Echo Form","floor":6,"key":"SMITH"},{"floor":15,"key":"REST"},{"floor":23,"key":"REST"}],"neow_cost":"NONE","seed_source_timestamp":250481928892261,"circlet_count":0,"master_deck":["Strike_B","Strike_B","Strike_B","Strike_B","Defend_B","Defend_B","Defend_B","Defend_B","Zap","Dualcast","Echo Form+1","Leap","Beam Cell","Electrodynamics","Hologram+1","Aggregate","Chill","Gash","Machine Learning","Static Discharge","Capacitor","Gash"],"relics":["Cracked Core","Question Card","Du-Vu Doll","Unceasing Top","Sundial","Nuclear Battery","MutagenicStrength","Bottled Flame"],"potions_floor_usage":[10,10,14,22,24,24,25],"damage_taken":[{"damage":7,"enemies":"Small Slimes","floor":1,"turns":3},{"damage":1,"enemies":"Cultist","floor":3,"turns":4},{"damage":0,"enemies":"Jaw Worm","floor":4,"turns":4},{"damage":12,"enemies":"Blue Slaver","floor":5,"turns":3},{"damage":6,"enemies":"2 Fungi Beasts","floor":7,"turns":2},{"damage":12,"enemies":"Lagavulin","floor":10,"turns":5},{"damage":9,"enemies":"Red Slaver","floor":14,"turns":4},{"damage":20,"enemies":"Slime Boss","floor":16,"turns":7},{"damage":22,"enemies":"3 Byrds","floor":18,"turns":3},{"damage":8,"enemies":"Chosen","floor":20,"turns":5},{"damage":43,"enemies":"Snake Plant","floor":22,"turns":4},{"damage":0,"enemies":"Gremlin Leader","floor":24,"turns":6},{"damage":37,"enemies":"Centurion and Healer","floor":25,"turns":4}],"seed_played":"-1693292157719138517","potions_obtained":[{"floor":4,"key":"Swift Potion"},{"floor":7,"key":"FocusPotion"},{"floor":13,"key":"Fruit Juice"},{"floor":13,"key":"Energy Potion"},{"floor":13,"key":"FearPotion"},{"floor":14,"key":"SneckoOil"},{"floor":16,"key":"FocusPotion"},{"floor":18,"key":"Poison Potion"},{"floor":24,"key":"LiquidBronze"}],"is_trial":false,"path_per_floor":["M","?","M","M","M","R","M","?","T","E","T","?","?","M","R","B",null,"M","?","M","?","M","R","E","M"],"character_chosen":"DEFECT","items_purchased":[],"campfire_rested":2,"item_purchase_floors":[],"current_hp_per_floor":[68,68,67,67,55,55,49,49,49,37,37,37,37,33,57,37,80,58,58,50,50,7,31,31,0],"gold":252,"neow_bonus":"ONE_RANDOM_RARE_CARD","is_prod":false,"is_daily":false,"chose_seed":false,"campfire_upgraded":1,"win_rate":0,"timestamp":1544996281,"path_taken":["M","?","?","M","M","R","M","?","T","E","?","?","?","M","R","BOSS","M","?","M","?","M","R","E","M"],"build_version":"2018-12-13","purchased_purges":0,"victory":false,"max_hp_per_floor":[75,75,75,75,75,75,75,75,75,75,75,75,75,80,80,80,80,80,80,80,80,80,80,80,80],"card_choices":[{"not_picked":["Compile Driver","Melter"],"picked":"Leap","floor":1},{"not_picked":["Rebound","Go for the Eyes","Compile Driver"],"picked":"Beam Cell","floor":3},{"not_picked":["Hologram","Turbo","Compile Driver"],"picked":"Electrodynamics","floor":4},{"not_picked":["Rebound","Go for the Eyes","Storm"],"picked":"Hologram","floor":5},{"not_picked":["FTL","Loop","Barrage"],"picked":"Aggregate","floor":7},{"not_picked":["Electrodynamics","Redo","Go for the Eyes"],"picked":"Chill","floor":10},{"not_picked":["Cold Snap","Sweeping Beam","Aggregate"],"picked":"Gash","floor":14},{"not_picked":["Echo Form","Creative AI","Fission"],"picked":"Machine Learning","floor":16},{"not_picked":["Rip and Tear+1","Stack","Fusion"],"picked":"Static Discharge","floor":18},{"not_picked":["Undo","Streamline","Hologram+1"],"picked":"Capacitor","floor":20},{"not_picked":["Cold Snap+1","Compile Driver","Chaos"],"picked":"Gash","floor":22},{"not_picked":["Auto Shields","Leap","Cold Snap","Hyperbeam"],"picked":"SKIP","floor":24}],"player_experience":558229,"relics_obtained":[{"floor":9,"key":"Du-Vu Doll"},{"floor":10,"key":"Unceasing Top"},{"floor":11,"key":"Sundial"},{"floor":24,"key":"Bottled Flame"}],"event_choices":[{"damage_healed":0,"gold_gain":0,"player_choice":"Paid Gold","damage_taken":0,"relics_obtained":["Question Card"],"max_hp_gain":0,"max_hp_loss":0,"event_name":"WeMeetAgain","floor":2,"gold_loss":104},{"damage_healed":0,"gold_gain":0,"player_choice":"Ignored","damage_taken":0,"max_hp_gain":0,"max_hp_loss":0,"event_name":"Shining Light","floor":8,"gold_loss":0},{"damage_healed":0,"gold_gain":0,"player_choice":"Grow","damage_taken":0,"max_hp_gain":0,"max_hp_loss":0,"event_name":"Living Wall","floor":12,"gold_loss":0,"cards_upgraded":["Hologram"]},{"damage_healed":0,"gold_gain":0,"player_choice":"Bought 3 Potions","damage_taken":0,"max_hp_gain":0,"max_hp_loss":0,"event_name":"The Woman in Blue","floor":13,"gold_loss":0},{"damage_healed":0,"gold_gain":0,"player_choice":"Inject Mutagens","damage_taken":0,"relics_obtained":["MutagenicStrength"],"max_hp_gain":0,"max_hp_loss":0,"event_name":"Drug Dealer","floor":19,"gold_loss":0},{"damage_healed":0,"gold_gain":0,"player_choice":"Ignored","damage_taken":0,"max_hp_gain":0,"max_hp_loss":0,"event_name":"Vampires","floor":21,"gold_loss":0}],"is_beta":false,"boss_relics":[{"not_picked":["Coffee Dripper","Black Star"],"picked":"Nuclear Battery"}],"items_purged_floors":[],"is_endless":false,"potions_floor_spawned":[4,7,14,16,18,20,24],"killed_by":"Centurion and Healer","ascension_level":2}