{"gold_per_floor":[116,132,150,225,225,225,253,253,253,284,284,249,265,149,149,149],"floor_reached":16,"playtime":870,"items_purged":["Strike_R"],"score":216,"play_id":"c2a83bc4-8c27-4e31-84b4-db4ecd469206","local_time":"20190525175353","is_ascension_mode":true,"campfire_choices":[{"data":"Bash","floor":6,"key":"SMITH"},{"floor":8,"key":"REST"},{"data":"Hemokinesis","floor":11,"key":"SMITH"},{"data":"True Grit","floor":15,"key":"SMITH"}],"neow_cost":"NONE","seed_source_timestamp":55460635964877,"circlet_count":0,"master_deck":["AscendersBane","Strike_R","Strike_R","Strike_R","Defend_R","Defend_R","Defend_R","Defend_R","Bash+1","True Grit+1","Hemokinesis+1","Shrug It Off","Iron Wave","Shockwave","Metallicize"],"relics":["Burning Blood","Dodecahedron","Bronze Scales","Matryoshka"],"potions_floor_usage":[7],"damage_taken":[{"damage":3,"enemies":"Small Slimes","floor":1,"turns":5},{"damage":15,"enemies":"Jaw Worm","floor":2,"turns":4},{"damage":9,"enemies":"2 Louse","floor":3,"turns":5},{"damage":43,"enemies":"3 Sentries","floor":7,"turns":12},{"damage":33,"enemies":"Lagavulin","floor":10,"turns":8},{"damage":5,"enemies":"Exordium Wildlife","floor":13,"turns":3},{"damage":34,"enemies":"The Guardian","floor":16,"turns":15}],"seed_played":"-210252064875244123","potions_obtained":[{"floor":3,"key":"Energy Potion"}],"is_trial":false,"path_per_floor":["M","M","M","?","?","R","E","R","T","E","R","?","M","$","R","B"],"character_chosen":"IRONCLAD","items_purchased":["Metallicize"],"campfire_rested":1,"item_purchase_floors":[14],"current_hp_per_floor":[71,62,59,48,53,53,16,40,40,13,13,33,34,34,34,0],"gold":149,"neow_bonus":"TRANSFORM_CARD","is_prod":false,"is_daily":false,"chose_seed":false,"campfire_upgraded":3,"win_rate":0,"timestamp":1558821233,"path_taken":["M","M","M","?","?","R","E","R","T","E","R","?","M","?","R","BOSS"],"build_version":"2019-01-23","purchased_purges":1,"victory":false,"max_hp_per_floor":[75,75,75,75,80,80,80,80,80,80,80,80,80,80,80,80],"card_choices":[{"not_picked":["Headbutt","Iron Wave"],"picked":"Hemokinesis","floor":1},{"not_picked":["Flex","Perfected Strike"],"picked":"Shrug It Off","floor":2},{"not_picked":["Body Slam","Heavy Blade"],"picked":"Iron Wave","floor":3},{"not_picked":["Perfected Strike","Dark Embrace"],"picked":"Shockwave","floor":7},{"not_picked":["Bludgeon","Anger","Sever Soul"],"picked":"SKIP","floor":10},{"not_picked":["Havoc","Cleave","Iron Wave"],"picked":"SKIP","floor":13}],"player_experience":1339011,"relics_obtained":[{"floor":7,"key":"Dodecahedron"},{"floor":9,"key":"Bronze Scales"},{"floor":10,"key":"Matryoshka"}],"event_choices":[{"damage_healed":0,"gold_gain":75,"player_choice":"Gather Gold","damage_taken":11,"max_hp_gain":0,"max_hp_loss":0,"event_name":"World of Goop","floor":4,"gold_loss":0},{"damage_healed":0,"gold_gain":0,"player_choice":"Donut","damage_taken":0,"max_hp_gain":5,"max_hp_loss":0,"event_name":"Big Fish","floor":5,"gold_loss":0},{"damage_healed":20,"gold_gain":0,"player_choice":"Healed","damage_taken":0,"max_hp_gain":0,"max_hp_loss":0,"event_name":"The Cleric","floor":12,"gold_loss":35}],"is_beta":false,"boss_relics":[],"items_purged_floors":[14],"is_endless":false,"potions_floor_spawned":[3],"killed_by":"The Guardian","ascension_level":20}