{"gold_per_floor":[119,119,132,207,382,413,413,78,156,156,0,14,47,47,47,151,151,166,166,31,31,33,33],"floor_reached":23,"playtime":1648,"items_purged":["Doubt","Strike_G"],"score":298,"play_id":"1572a622-210c-4102-90a0-58c01ef029a2","local_time":"20190409000707","is_ascension_mode":true,"campfire_choices":[{"data":"Dash","floor":7,"key":"SMITH"},{"data":"Apotheosis","floor":15,"key":"SMITH"}],"neow_cost":"NONE","seed_source_timestamp":95948015408562,"circlet_count":0,"master_deck":["Defend_G","Defend_G","Defend_G","Defend_G","Defend_G","Strike_G","Strike_G","Strike_G","Survivor","Neutralize","Cloak And Dagger","Blade Dance","Dash+1","Apotheosis+1","Leg Sweep","Heel Hook","Adrenaline","Well Laid Plans","Tactician","After Image","Cloak And Dagger","Ghostly","Ghostly","Ghostly","Ghostly","Ghostly","Footwork","Cloak And Dagger+1"],"relics":["Ring of the Snake","Bottled Flame","Blue Candle","Snake Skull","Black Star","Omamori"],"potions_floor_usage":[6,13,16,23],"damage_taken":[{"damage":4,"enemies":"Jaw Worm","floor":1,"turns":6},{"damage":4,"enemies":"2 Louse","floor":3,"turns":3},{"damage":14,"enemies":"3 Sentries","floor":6,"turns":11},{"damage":0,"enemies":"Small Slimes","floor":12,"turns":4},{"damage":11,"enemies":"Lagavulin","floor":13,"turns":9},{"damage":3,"enemies":"Hexaghost","floor":16,"turns":12},{"damage":14,"enemies":"Spheric Guardian","floor":18,"turns":6},{"damage":1,"enemies":"2 Thieves","floor":22,"turns":5},{"damage":44,"enemies":"Gremlin Leader","floor":23,"turns":11}],"seed_played":"-2552713814167402552","potions_obtained":[{"floor":3,"key":"Fire Potion"},{"floor":12,"key":"Dexterity Potion"},{"floor":13,"key":"FearPotion"},{"floor":18,"key":"Block Potion"}],"is_trial":false,"path_per_floor":["M","?","M","?","?","E","R","$","T","?","$","M","E","T","R","B",null,"M","?","$","?","M","E"],"character_chosen":"THE_SILENT","items_purchased":["Apotheosis","Leg Sweep","Adrenaline","Footwork"],"campfire_rested":0,"item_purchase_floors":[8,8,11,20],"current_hp_per_floor":[66,71,67,56,56,42,42,42,42,42,42,42,31,31,31,28,69,55,41,41,41,40,0],"gold":33,"neow_bonus":"TEN_PERCENT_HP_BONUS","is_prod":false,"is_daily":false,"chose_seed":false,"campfire_upgraded":2,"win_rate":0,"timestamp":1554782827,"path_taken":["M","?","M","?","?","E","R","$","T","?","?","M","E","?","R","BOSS","M","?","$","?","M","E"],"build_version":"2019-01-23","purchased_purges":2,"victory":false,"max_hp_per_floor":[77,82,82,82,82,82,82,82,82,82,82,82,82,82,82,82,82,82,41,41,41,41,41],"card_choices":[{"not_picked":["Deadly Poison","Underhanded Strike"],"picked":"Cloak And Dagger","floor":1},{"not_picked":["Sucker Punch","Dagger Spray"],"picked":"Blade Dance","floor":3},{"not_picked":["Reflex","Distraction"],"picked":"Dash","floor":6},{"not_picked":["Quick Slash","Blade Dance"],"picked":"Well Laid Plans","floor":12},{"not_picked":["Blade Dance","Dagger Throw"],"picked":"Tactician","floor":13},{"not_picked":["Glass Knife","Malaise"],"picked":"After Image","floor":16},{"not_picked":["Slice","Dodge and Roll"],"picked":"Cloak And Dagger","floor":18},{"not_picked":["Flying Knee","Poisoned Stab+1"],"picked":"Cloak And Dagger+1","floor":22}],"player_experience":1305832,"relics_obtained":[{"floor":6,"key":"Bottled Flame"},{"floor":9,"key":"Blue Candle"},{"floor":13,"key":"Snake Skull"}],"event_choices":[{"damage_healed":0,"gold_gain":0,"player_choice":"Donut","damage_taken":0,"max_hp_gain":5,"max_hp_loss":0,"event_name":"Big Fish","floor":2,"gold_loss":0},{"damage_healed":0,"gold_gain":75,"player_choice":"Gather Gold","damage_taken":11,"max_hp_gain":0,"max_hp_loss":0,"event_name":"World of Goop","floor":4,"gold_loss":0},{"damage_healed":0,"gold_gain":175,"player_choice":"AGREE","damage_taken":0,"max_hp_gain":0,"max_hp_loss":0,"event_name":"Liars Game","floor":5,"gold_loss":0,"cards_obtained":["Doubt"]},{"damage_healed":0,"gold_gain":0,"cards_transformed":["Strike_G"],"player_choice":"Change","damage_taken":0,"max_hp_gain":0,"max_hp_loss":0,"event_name":"Living Wall","floor":10,"gold_loss":0,"cards_obtained":["Heel Hook"]},{"damage_healed":0,"gold_gain":0,"player_choice":"Became a Ghost","damage_taken":0,"max_hp_gain":0,"max_hp_loss":41,"event_name":"Ghosts","floor":19,"gold_loss":0,"cards_obtained":["Ghostly","Ghostly","Ghostly","Ghostly","Ghostly"]},{"damage_healed":0,"gold_gain":0,"player_choice":"Opened","damage_taken":0,"relics_obtained":["Omamori"],"max_hp_gain":0,"max_hp_loss":0,"event_name":"The Mausoleum","floor":21,"gold_loss":0}],"is_beta":false,"boss_relics":[{"not_picked":["Calling Bell","Orrery"],"picked":"Black Star"}],"items_purged_floors":[8,20],"is_endless":false,"potions_floor_spawned":[3,12,13,18],"killed_by":"Gremlin Leader","ascension_level":8}