{"gold_per_floor":[116,116,67,77,95,126,126,160,184,184,203,203,203,222,222,326,326,345,345,260,272,33,33,68,68,68,82,100,100,100,100,100,100],"floor_reached":33,"playtime":2708,"items_purged":[],"score":272,"play_id":"41a8d571-2d50-42ec-bba8-bd55c705382d","local_time":"20180630213927","is_ascension_mode":false,"campfire_choices":[{"data":"Envenom","floor":7,"key":"SMITH"},{"floor":10,"key":"REST"},{"data":"Noxious Fumes","floor":12,"key":"SMITH"},{"floor":15,"key":"REST"},{"floor":23,"key":"REST"},{"floor":25,"key":"REST"},{"floor":30,"key":"REST"},{"floor":32,"key":"REST"}],"neow_cost":"","seed_source_timestamp":6761248251658,"circlet_count":0,"master_deck":["Defend_G","Defend_G","Defend_G","Defend_G","Defend_G","Strike_G","Strike_G","Strike_G","Strike_G","Strike_G","Survivor","Neutralize","Poisoned Stab+1","Slice","Flying Knee","Envenom+1","Terror","Sucker Punch","Noxious Fumes+1","Sucker Punch","Blade Dance","Dodge and Roll","Die Die Die","Slice","Poisoned Stab","Backstab","Dagger Spray","Dodge and Roll+1","Unload","Calculated Gamble","Slice+1","Sucker Punch+1","Riddle With Holes+1","Venomology"],"special_seed":17713,"relics":["Ring of the Snake","Dream Catcher","Strawberry","Juzu Bracelet","White Beast Statue","Spirit Poop","Regal Pillow","Potion Belt","Letter Opener","Molten Egg 2","Happy Flower"],"potions_floor_usage":[18,21,24,24,24,27,28,33,33],"damage_taken":[{"damage":2,"enemies":"Jaw Worm","floor":1,"turns":7},{"damage":0,"enemies":"Cultist","floor":4,"turns":3},{"damage":0,"enemies":"Small Slimes","floor":5,"turns":2},{"damage":34,"enemies":"3 Sentries","floor":6,"turns":10},{"damage":13,"enemies":"Lagavulin","floor":8,"turns":5},{"damage":20,"enemies":"Exordium Thugs","floor":11,"turns":5},{"damage":3,"enemies":"3 Louse","floor":14,"turns":5},{"damage":44,"enemies":"The Guardian","floor":16,"turns":10},{"damage":38,"enemies":"Shell Parasite","floor":18,"turns":7},{"damage":31,"enemies":"Spheric Guardian","floor":21,"turns":6},{"damage":35,"enemies":"Gremlin Leader","floor":24,"turns":6},{"damage":20,"enemies":"Snake Plant","floor":27,"turns":4},{"damage":8,"enemies":"Centurion and Healer","floor":28,"turns":6},{"damage":81,"enemies":"Automaton","floor":33,"turns":8}],"seed_played":"4451167770364931584","potions_obtained":[{"floor":1,"key":"FearPotion"},{"floor":11,"key":"GamblersBrew"},{"floor":16,"key":"GamblersBrew"},{"floor":18,"key":"Swift Potion"},{"floor":21,"key":"AttackPotion"},{"floor":24,"key":"Poison Potion"},{"floor":27,"key":"SpeedPotion"},{"floor":28,"key":"Poison Potion"}],"is_trial":false,"path_per_floor":["M","?","$","M","M","E","R","E","T","R","M","R","?","M","R","B",null,"M","?","?","M","$","R","E","R","T","M","M","?","R","T","R"],"character_chosen":"THE_SILENT","items_purchased":["Slice","Potion Belt","Backstab","Dagger Spray"],"campfire_rested":6,"item_purchase_floors":[3,22,22,22],"current_hp_per_floor":[68,68,68,68,68,34,34,28,28,51,31,31,50,47,70,26,77,39,39,39,8,8,45,10,47,47,27,19,5,43,43,79,0],"gold":100,"neow_bonus":"","is_prod":false,"is_daily":false,"chose_seed":false,"campfire_upgraded":2,"win_rate":0.0,"timestamp":1530419967,"path_taken":["M","?","?","M","M","E","R","E","T","R","M","R","?","M","R","BOSS","M","?","?","M","$","R","E","R","T","M","M","?","R","?","R","BOSS"],"build_version":"2018-06-28","purchased_purges":0,"victory":false,"max_hp_per_floor":[70,70,70,70,70,70,70,77,77,77,77,77,77,77,77,77,77,77,74,74,74,74,74,74,74,74,74,74,79,79,79,79,79],"card_choices":[{"not_picked":["Well Laid Plans","Quick Slash"],"picked":"Poisoned Stab","floor":1},{"not_picked":["PiercingWail","Acrobatics"],"picked":"Flying Knee","floor":4},{"not_picked":["Deadly Poison","PiercingWail"],"picked":"Envenom","floor":5},{"not_picked":["Deflect","Expertise"],"picked":"Terror","floor":6},{"not_picked":["Expertise","Outmaneuver"],"picked":"Sucker Punch","floor":8},{"not_picked":["Underhanded Strike","Dodge and Roll"],"picked":"Noxious Fumes","floor":10},{"not_picked":["Skewer","Deadly Poison"],"picked":"Sucker Punch","floor":11},{"not_picked":["Blur","Deflect"],"picked":"Blade Dance","floor":14},{"not_picked":["Underhanded Strike","Leg Sweep"],"picked":"Dodge and Roll","floor":15},{"not_picked":["Envenom","Burst"],"picked":"Die Die Die","floor":16},{"not_picked":["All Out Attack","Backflip"],"picked":"Slice","floor":18},{"not_picked":["Blur","Dodge and Roll"],"picked":"Poisoned Stab","floor":21},{"not_picked":["Acrobatics","Underhanded Strike+1"],"picked":"Dodge and Roll+1","floor":23},{"not_picked":["PiercingWail","Slice"],"picked":"Unload","floor":24},{"not_picked":["Blur","Dagger Spray"],"picked":"Calculated Gamble","floor":25},{"not_picked":["Calculated Gamble","Flying Knee+1"],"picked":"Slice+1","floor":27},{"not_picked":["Deflect","Acrobatics"],"picked":"Sucker Punch+1","floor":28},{"not_picked":["Outmaneuver","Predator+1"],"picked":"Riddle With Holes+1","floor":30},{"not_picked":["Acrobatics","Noxious Fumes"],"picked":"Venomology","floor":32}],"player_experience":11243,"relics_obtained":[{"floor":6,"key":"Dream Catcher"},{"floor":8,"key":"Strawberry"},{"floor":9,"key":"Juzu Bracelet"},{"floor":24,"key":"Letter Opener"},{"floor":26,"key":"Molten Egg 2"},{"floor":31,"key":"Happy Flower"}],"event_choices":[{"event_name":"Upgrade Shrine","player_choice":"Upgraded","floor":2,"damage_taken":0},{"event_name":"Mushrooms","player_choice":"Healed and dodged fight","floor":13,"damage_taken":0},{"event_name":"Bonfire Elementals","player_choice":"CURSE","floor":19,"damage_taken":0},{"event_name":"Addict","player_choice":"Obtained Relic","floor":20,"damage_taken":0},{"event_name":"Forgotten Altar","player_choice":"Shed Blood","floor":29,"damage_taken":0}],"boss_relics":[{"not_picked":["Lizard Tail","Fusion Hammer"],"picked":"White Beast Statue"}],"items_purged_floors":[],"is_endless":false,"potions_floor_spawned":[1,11,16,18,21,24,27,28],"killed_by":"Automaton","ascension_level":0}