{"gold_per_floor":[17,17,32,32,47,73,73,87,110,110,136,136,136,169,169,169],"floor_reached":16,"playtime":1368,"items_purged":[],"score":165,"play_id":"cc4e52c2-3989-478d-9a42-9389103e36d1","local_time":"20190521192452","is_ascension_mode":true,"campfire_choices":[{"floor":7,"key":"REST"},{"data":"Inflame","floor":10,"key":"SMITH"},{"floor":15,"key":"REST"}],"neow_cost":"NO_GOLD","seed_source_timestamp":600359327421234,"circlet_count":0,"master_deck":["Strike_R","Strike_R","Strike_R","Defend_R+1","Defend_R","Defend_R+1","Defend_R","Bash","Pummel","Evolve","Warcry","Seeing Red","Spot Weakness","Inflame+1","Armaments","Disarm"],"relics":["Burning Blood","Potion Belt","Bag of Marbles","Anchor","Sundial"],"potions_floor_usage":[5,14,14],"damage_taken":[{"damage":1,"enemies":"Cultist","floor":1,"turns":3},{"damage":14,"enemies":"2 Louse","floor":3,"turns":2},{"damage":2,"enemies":"Jaw Worm","floor":5,"turns":3},{"damage":38,"enemies":"Gremlin Nob","floor":6,"turns":4},{"damage":10,"enemies":"Large Slime","floor":8,"turns":6},{"damage":20,"enemies":"3 Sentries","floor":11,"turns":8},{"damage":12,"enemies":"Lagavulin","floor":14,"turns":7},{"damage":62,"enemies":"Hexaghost","floor":16,"turns":11}],"seed_played":"8054040581282775513","potions_obtained":[{"floor":3,"key":"SpeedPotion"},{"floor":8,"key":"SpeedPotion"},{"floor":11,"key":"Strength Potion"}],"is_trial":false,"path_per_floor":["M","$","M","?","M","E","R","M","T","R","E","?","?","E","R","B"],"character_chosen":"IRONCLAD","items_purchased":[],"campfire_rested":2,"item_purchase_floors":[],"current_hp_per_floor":[77,77,69,51,55,23,47,43,43,43,29,13,39,33,57,0],"gold":169,"neow_bonus":"TRANSFORM_TWO_CARDS","is_prod":false,"is_daily":false,"chose_seed":false,"campfire_upgraded":1,"win_rate":0,"timestamp":1558481092,"path_taken":["M","$","?","?","M","E","R","M","T","R","E","?","?","E","R","BOSS"],"build_version":"2019-01-23","purchased_purges":0,"victory":false,"max_hp_per_floor":[80,80,80,80,80,80,80,80,80,80,80,80,80,80,80,80],"card_choices":[{"not_picked":["Perfected Strike","Thunderclap"],"picked":"Warcry","floor":1},{"not_picked":["Clash","Cleave"],"picked":"Seeing Red","floor":3},{"not_picked":["Berserk","Havoc"],"picked":"Spot Weakness","floor":5},{"not_picked":["Havoc","Intimidate"],"picked":"Inflame","floor":6},{"not_picked":["Sentinel","Rampage","Hemokinesis"],"picked":"SKIP","floor":8},{"not_picked":["Twin Strike","Flex"],"picked":"Armaments","floor":11},{"not_picked":["Pommel Strike","Entrench"],"picked":"Disarm","floor":14}],"player_experience":1418424,"relics_obtained":[{"floor":6,"key":"Bag of Marbles"},{"floor":11,"key":"Anchor"},{"floor":14,"key":"Sundial"}],"event_choices":[{"damage_healed":0,"gold_gain":0,"player_choice":"Success","damage_taken":18,"relics_obtained":["Potion Belt"],"max_hp_gain":0,"max_hp_loss":0,"event_name":"Scrap Ooze","floor":4,"gold_loss":0},{"damage_healed":0,"gold_gain":0,"player_choice":"Entered Light","damage_taken":16,"max_hp_gain":0,"max_hp_loss":0,"event_name":"Shining Light","floor":12,"gold_loss":0,"cards_upgraded":["Defend_R","Defend_R"]},{"damage_healed":26,"gold_gain":0,"player_choice":"Banana","damage_taken":0,"max_hp_gain":0,"max_hp_loss":0,"event_name":"Big Fish","floor":13,"gold_loss":0}],"is_beta":false,"boss_relics":[],"items_purged_floors":[],"is_endless":false,"potions_floor_spawned":[3,8,11],"killed_by":"Hexaghost","ascension_level":8}