{"gold_per_floor":[113,113,113,131,206,241,87,87,87,87,87,87,107,61,61,61],"floor_reached":16,"playtime":2240,"items_purged":["Strike_R"],"score":148,"play_id":"a27522aa-71cb-4dea-8da9-6819d5987b4a","local_time":"20190301223900","is_ascension_mode":true,"campfire_choices":[{"floor":8,"key":"REST"},{"floor":15,"key":"REST"}],"neow_cost":"PERCENT_DAMAGE","seed_source_timestamp":444820006457281,"circlet_count":0,"master_deck":["Strike_R","Strike_R","Defend_R","Defend_R","Defend_R","Bash","Spot Weakness","Shrug It Off","Flame Barrier","Uppercut","Rampage","Metallicize","True Grit"],"relics":["Burning Blood","Golden Idol","Vajra","Matryoshka"],"potions_floor_usage":[6,12],"damage_taken":[{"damage":2,"enemies":"2 Louse","floor":1,"turns":4},{"damage":1,"enemies":"Small Slimes","floor":4,"turns":5},{"damage":39,"enemies":"Lagavulin","floor":6,"turns":6},{"damage":0,"enemies":"Gremlin Nob","floor":12,"turns":2},{"damage":0,"enemies":"Cultist","floor":13,"turns":3},{"damage":72,"enemies":"Slime Boss","floor":16,"turns":10}],"seed_played":"-1471661803933187167","potions_obtained":[{"floor":1,"key":"FearPotion"},{"floor":6,"key":"SmokeBomb"}],"is_trial":false,"path_per_floor":["M","?","?","M","?","E","$","R","T","$","?","E","M","$","R","B"],"character_chosen":"IRONCLAD","items_purchased":["Metallicize","True Grit"],"campfire_rested":2,"item_purchase_floors":[7,14],"current_hp_per_floor":[55,55,55,60,49,16,16,38,38,38,38,44,50,50,72,0],"gold":61,"neow_bonus":"TRANSFORM_TWO_CARDS","is_prod":false,"is_daily":false,"chose_seed":false,"campfire_upgraded":0,"win_rate":0,"timestamp":1551497940,"path_taken":["M","?","?","M","?","E","?","R","T","$","?","E","M","$","R","BOSS"],"build_version":"2019-01-23","purchased_purges":1,"victory":false,"max_hp_per_floor":[80,80,74,74,74,74,74,74,74,74,74,74,74,74,74,74],"card_choices":[{"not_picked":["Rage","Shrug It Off"],"picked":"Flame Barrier","floor":1},{"not_picked":["Twin Strike","Dropkick"],"picked":"Uppercut","floor":4},{"not_picked":["Flex","Twin Strike"],"picked":"Rampage","floor":6},{"not_picked":["Sword Boomerang","Feel No Pain","Pommel Strike"],"picked":"SKIP","floor":13}],"player_experience":1043383,"relics_obtained":[{"floor":6,"key":"Vajra"},{"floor":9,"key":"Matryoshka"}],"event_choices":[{"damage_healed":0,"gold_gain":0,"player_choice":"Ignored","damage_taken":0,"max_hp_gain":0,"max_hp_loss":0,"event_name":"Liars Game","floor":2,"gold_loss":0},{"damage_healed":0,"gold_gain":0,"player_choice":"Lose Max HP","damage_taken":0,"relics_obtained":["Golden Idol"],"max_hp_gain":0,"max_hp_loss":6,"event_name":"Golden Idol","floor":3,"gold_loss":0},{"damage_healed":0,"gold_gain":75,"player_choice":"Gather Gold","damage_taken":11,"max_hp_gain":0,"max_hp_loss":0,"event_name":"World of Goop","floor":5,"gold_loss":0},{"cards_removed":["Defend_R"],"damage_healed":0,"gold_gain":0,"player_choice":"Offered Basic","damage_taken":0,"max_hp_gain":0,"max_hp_loss":0,"event_name":"Bonfire Elementals","floor":11,"gold_loss":0}],"is_beta":false,"boss_relics":[],"items_purged_floors":[7],"is_endless":false,"potions_floor_spawned":[1,6],"killed_by":"Slime Boss","ascension_level":8}