{"gold_per_floor":[117,77,91,111,77,108,108,124,124,142,152,122,142,162,162,260,260,274,291,59,76,87,87,87],"floor_reached":24,"playtime":1343,"items_purged":[],"score":204,"play_id":"88823bfb-21c8-4589-946b-413b0ef12bf2","local_time":"20180720014654","is_ascension_mode":false,"campfire_choices":[{"floor":7,"key":"REST"},{"floor":15,"key":"REST"},{"floor":23,"key":"REST"}],"neow_cost":"NONE","seed_source_timestamp":195345067557997,"circlet_count":0,"master_deck":["Strike_B","Strike_B","Strike_B","Strike_B","Defend_B","Defend_B","Defend_B","Defend_B","Zap","Dualcast","Redo","Doom and Gloom","Conserve Battery","Compile Driver","Defragment","Redo","Glacier","Genetic Algorithm","Hologram","Melter","Sweeping Beam","Defragment+1","Seek","Stack+1","Coolheaded","Magnetism+1","Cold Snap","Sweeping Beam+1","Consume"],"relics":["FrozenCore","Bottled Tornado","Frozen Egg 2"],"potions_floor_usage":[6,10,10,16,16,22],"damage_taken":[{"damage":1,"enemies":"Cultist","floor":1,"turns":3},{"damage":5,"enemies":"2 Louse","floor":3,"turns":2},{"damage":2,"enemies":"Small Slimes","floor":4,"turns":2},{"damage":18,"enemies":"Lagavulin","floor":6,"turns":6},{"damage":9,"enemies":"Blue Slaver","floor":8,"turns":4},{"damage":18,"enemies":"Gremlin Gang","floor":10,"turns":5},{"damage":0,"enemies":"3 Louse","floor":11,"turns":3},{"damage":0,"enemies":"Looter","floor":12,"turns":4},{"damage":24,"enemies":"Exordium Thugs","floor":13,"turns":4},{"damage":0,"enemies":"Exordium Wildlife","floor":14,"turns":4},{"damage":27,"enemies":"The Guardian","floor":16,"turns":9},{"damage":2,"enemies":"Chosen","floor":18,"turns":8},{"damage":0,"enemies":"Spheric Guardian","floor":19,"turns":4},{"damage":20,"enemies":"Snake Plant","floor":21,"turns":7},{"damage":10,"enemies":"Centurion and Healer","floor":22,"turns":8},{"damage":70,"enemies":"Cultist and Chosen","floor":24,"turns":6}],"seed_played":"-7989210954728495373","potions_obtained":[{"floor":2,"key":"SpeedPotion"},{"floor":2,"key":"EssenceOfSteel"},{"floor":2,"key":"EssenceOfSteel"},{"floor":3,"key":"AttackPotion"},{"floor":8,"key":"Poison Potion"},{"floor":10,"key":"SteroidPotion"},{"floor":13,"key":"Fire Potion"},{"floor":16,"key":"Dexterity Potion"},{"floor":19,"key":"SteroidPotion"}],"is_trial":false,"path_per_floor":["M","?","M","M","$","E","R","M","T","M","M","M","M","M","R","B",null,"M","M","$","M","M","R"],"character_chosen":"DEFECT","items_purchased":["Defragment","Magnetism+1","Cold Snap"],"campfire_rested":3,"item_purchase_floors":[5,20,20],"current_hp_per_floor":[74,74,69,67,67,49,71,62,62,44,44,44,20,20,42,15,75,73,73,73,53,43,65,0],"gold":87,"neow_bonus":"THREE_CARDS","is_prod":false,"is_daily":false,"chose_seed":false,"campfire_upgraded":0,"win_rate":0.0,"timestamp":1532022414,"path_taken":["M","?","M","M","$","E","R","M","T","M","M","M","M","M","R","BOSS","M","M","$","?","M","R","M"],"build_version":"2018-07-12","purchased_purges":0,"victory":false,"max_hp_per_floor":[75,75,75,75,75,75,75,75,75,75,75,75,75,75,75,75,75,75,75,75,75,75,75,75],"card_choices":[{"not_picked":["Double Energy","Heatsinks"],"picked":"Redo","floor":0},{"not_picked":["Steam","Streamline"],"picked":"Doom and Gloom","floor":1},{"not_picked":["Steam","Leap"],"picked":"Conserve Battery","floor":3},{"not_picked":["Stack","Auto Shields"],"picked":"Compile Driver","floor":4},{"not_picked":["Beam Cell","Lockon"],"picked":"Redo","floor":6},{"not_picked":["Leap","Steam"],"picked":"Glacier","floor":8},{"not_picked":["Sunder","All For One"],"picked":"Genetic Algorithm","floor":10},{"not_picked":["Leap","Compile Driver"],"picked":"Hologram","floor":11},{"not_picked":["Chill","Defragment+1"],"picked":"Melter","floor":12},{"not_picked":["Beam Cell","Gash"],"picked":"Sweeping Beam","floor":13},{"not_picked":["Stack","Storm+1"],"picked":"Defragment+1","floor":14},{"not_picked":["Amplify","All For One"],"picked":"Seek","floor":16},{"not_picked":["Steam+1","Compile Driver"],"picked":"Stack+1","floor":18},{"not_picked":["Leap","Gash"],"picked":"Coolheaded","floor":19},{"not_picked":["Double Energy","Ball Lightning"],"picked":"Sweeping Beam+1","floor":21},{"not_picked":["Force Field","Leap"],"picked":"Consume","floor":22}],"player_experience":106916,"relics_obtained":[{"floor":6,"key":"Bottled Tornado"},{"floor":9,"key":"Frozen Egg 2"}],"event_choices":[{"event_name":"The Woman in Blue","player_choice":"Bought 3 Potions","floor":2,"damage_taken":0}],"boss_relics":[{"not_picked":["Runic Dome","Fusion Hammer"],"picked":"FrozenCore"}],"items_purged_floors":[],"is_endless":false,"potions_floor_spawned":[3,8,10,13,16,19],"killed_by":"Cultist and Chosen","ascension_level":0}