{"gold_per_floor":[111,130,130,143,143,143,170,100,124,124,143,175,140,166,166,262,262,277,290,290],"floor_reached":20,"playtime":599,"items_purged":[],"score":259,"play_id":"4fa37900-dd4c-4070-a43d-2496169f04f4","local_time":"20190506231943","is_ascension_mode":true,"campfire_choices":[{"data":"Zap","floor":6,"key":"SMITH"},{"floor":15,"key":"REST"}],"neow_cost":"NONE","seed_source_timestamp":863115726138896,"circlet_count":0,"master_deck":["Strike_B","Strike_B","Strike_B","Strike_B","Defend_B","Defend_B","Defend_B","Defend_B","Zap+1","Dualcast+1","FTL","Ball Lightning","Steam","Conserve Battery","Recycle","Stack","Rebound","Static Discharge","Thunder Strike","Redo","Tempest+1"],"relics":["Cracked Core","NeowsBlessing","Happy Flower","Regal Pillow","Question Card","PreservedInsect","Velvet Choker"],"potions_floor_usage":[14,16,16,18,20],"damage_taken":[{"damage":0,"enemies":"Small Slimes","floor":1,"turns":1},{"damage":0,"enemies":"Cultist","floor":2,"turns":1},{"damage":0,"enemies":"2 Louse","floor":4,"turns":1},{"damage":24,"enemies":"Lagavulin","floor":7,"turns":5},{"damage":3,"enemies":"Large Slime","floor":11,"turns":5},{"damage":9,"enemies":"3 Sentries","floor":12,"turns":7},{"damage":31,"enemies":"Gremlin Nob","floor":14,"turns":4},{"damage":7,"enemies":"Hexaghost","floor":16,"turns":9},{"damage":21,"enemies":"Chosen","floor":18,"turns":7},{"damage":15,"enemies":"Spheric Guardian","floor":19,"turns":4},{"damage":30,"enemies":"Masked Bandits","floor":20,"turns":2}],"seed_played":"-2137564722386774339","potions_obtained":[{"floor":2,"key":"Poison Potion"},{"floor":3,"key":"Swift Potion"},{"floor":3,"key":"Dexterity Potion"},{"floor":4,"key":"LiquidBronze"},{"floor":14,"key":"Dexterity Potion"},{"floor":18,"key":"SkillPotion"}],"is_trial":false,"path_per_floor":["M","M","?","M","?","R","E","$","T","?","M","E","?","E","R","B",null,"M","M","?"],"character_chosen":"DEFECT","items_purchased":["Recycle"],"campfire_rested":1,"item_purchase_floors":[8],"current_hp_per_floor":[68,68,68,68,68,68,44,44,44,44,41,32,32,1,38,31,64,43,28,0],"gold":290,"neow_bonus":"THREE_ENEMY_KILL","is_prod":false,"is_daily":false,"chose_seed":false,"campfire_upgraded":1,"win_rate":0,"timestamp":1557155983,"path_taken":["M","M","?","?","?","R","E","?","T","?","M","E","?","E","R","BOSS","M","M","?"],"build_version":"2019-01-23","purchased_purges":0,"victory":false,"max_hp_per_floor":[75,75,75,75,75,75,75,75,75,75,75,75,75,75,75,75,75,75,75,75],"card_choices":[{"not_picked":["Hologram","Leap"],"picked":"FTL","floor":1},{"not_picked":["Stack","Genetic Algorithm"],"picked":"Ball Lightning","floor":2},{"not_picked":["Ball Lightning","Streamline"],"picked":"Steam","floor":4},{"not_picked":["Meteor Strike","Turbo"],"picked":"Conserve Battery","floor":7},{"not_picked":["Static Discharge","Ball Lightning"],"picked":"Stack","floor":11},{"not_picked":["Barrage","Beam Cell"],"picked":"Rebound","floor":12},{"not_picked":["Tempest","Undo","Heatsinks"],"picked":"Static Discharge","floor":14},{"not_picked":["Core Surge","Biased Cognition","Machine Learning"],"picked":"Thunder Strike","floor":16},{"not_picked":["Compile Driver","Steam","Streamline+1"],"picked":"Redo","floor":18},{"not_picked":["White Noise+1","Storm","Go for the Eyes"],"picked":"Tempest+1","floor":19}],"player_experience":859019,"relics_obtained":[{"floor":7,"key":"Happy Flower"},{"floor":9,"key":"Regal Pillow"},{"floor":12,"key":"Question Card"},{"floor":14,"key":"PreservedInsect"}],"event_choices":[{"damage_healed":0,"gold_gain":0,"player_choice":"Got Potions","damage_taken":0,"max_hp_gain":0,"max_hp_loss":0,"event_name":"Lab","floor":3,"gold_loss":0},{"damage_healed":0,"gold_gain":0,"player_choice":"Forge","damage_taken":0,"max_hp_gain":0,"max_hp_loss":0,"event_name":"Accursed Blacksmith","floor":5,"gold_loss":0,"cards_upgraded":["Dualcast"]},{"damage_healed":0,"gold_gain":0,"player_choice":"Ignored","damage_taken":0,"max_hp_gain":0,"max_hp_loss":0,"event_name":"Golden Idol","floor":10,"gold_loss":0},{"damage_healed":0,"gold_gain":0,"player_choice":"Left Gold","damage_taken":0,"max_hp_gain":0,"max_hp_loss":0,"event_name":"World of Goop","floor":13,"gold_loss":35},{"damage_healed":0,"gold_gain":0,"player_choice":"Fought Bandits","damage_taken":0,"max_hp_gain":0,"max_hp_loss":0,"event_name":"Masked Bandits","floor":20,"gold_loss":0}],"is_beta":false,"boss_relics":[{"not_picked":["Fusion Hammer","Orrery"],"picked":"Velvet Choker"}],"items_purged_floors":[],"is_endless":false,"potions_floor_spawned":[2,4,14,18],"killed_by":"Masked Bandits","ascension_level":7}