{"gold_per_floor":[114,114,26,41,52,78,178,178,227,247,278,293,319,50,50,154,154,167,167,92,92,92,92,124,134,134,134,147,162,162,26,26,121,121,140,155,0,20,20,53,53,73,73,88,106,56,56,89,89,89],"floor_reached":51,"playtime":2767,"items_purged":["Strike_R","Strike_R+1"],"score":1268,"play_id":"1a64b817-e613-49f1-9c72-a9ef21d33862","local_time":"20190603181259","is_ascension_mode":true,"campfire_choices":[{"floor":8,"key":"REST"},{"data":"Trip","floor":15,"key":"SMITH"},{"data":"Brutality","floor":23,"key":"SMITH"},{"floor":27,"key":"REST"},{"floor":32,"key":"REST"},{"data":"Dropkick","floor":41,"key":"SMITH"},{"floor":47,"key":"REST"},{"floor":49,"key":"REST"}],"neow_cost":"NONE","seed_source_timestamp":2002513540738,"circlet_count":0,"master_deck":["AscendersBane","Defend_R+1","Defend_R+1","Bash","Combust+1","Bludgeon+1","Bludgeon+1","Power Through","Trip+1","Clothesline+1","Shrug It Off","Dropkick+1","Violence","Brutality+1","Dropkick","Combust","Inflame+1"],"relics":["Astrolabe","PreservedInsect","War Paint","StoneCalendar","Whetstone","Busted Crown","MutagenicStrength","Anchor","Mummified Hand","Lizard Tail","Red Mask","Letter Opener","Gremlin Horn","Vajra"],"potions_floor_usage":[10,24,36,50,50],"damage_taken":[{"damage":0,"enemies":"Cultist","floor":1,"turns":2},{"damage":2,"enemies":"2 Louse","floor":4,"turns":2},{"damage":12,"enemies":"Jaw Worm","floor":5,"turns":2},{"damage":16,"enemies":"Lagavulin","floor":6,"turns":3},{"damage":0,"enemies":"Blue Slaver","floor":10,"turns":2},{"damage":0,"enemies":"Gremlin Nob","floor":11,"turns":2},{"damage":0,"enemies":"Large Slime","floor":12,"turns":2},{"damage":12,"enemies":"3 Sentries","floor":13,"turns":6},{"damage":2,"enemies":"Slime Boss","floor":16,"turns":6},{"damage":2,"enemies":"Spheric Guardian","floor":18,"turns":3},{"damage":4,"enemies":"Book of Stabbing","floor":24,"turns":3},{"damage":5,"enemies":"Shell Parasite","floor":25,"turns":4},{"damage":1,"enemies":"Snake Plant","floor":28,"turns":2},{"damage":5,"enemies":"Snecko","floor":29,"turns":4},{"damage":55,"enemies":"Automaton","floor":33,"turns":8},{"damage":5,"enemies":"3 Shapes","floor":35,"turns":4},{"damage":24,"enemies":"3 Darklings","floor":36,"turns":6},{"damage":7,"enemies":"Transient","floor":38,"turns":5},{"damage":2,"enemies":"Nemesis","floor":40,"turns":3},{"damage":14,"enemies":"Maw","floor":42,"turns":5},{"damage":6,"enemies":"Jaw Worm Horde","floor":44,"turns":3},{"damage":6,"enemies":"3 Darklings","floor":45,"turns":3},{"damage":15,"enemies":"Reptomancer","floor":48,"turns":3},{"damage":90,"enemies":"Donu and Deca","floor":50,"turns":6}],"seed_played":"6677970149800444545","potions_obtained":[{"floor":1,"key":"BloodPotion"},{"floor":5,"key":"Weak Potion"},{"floor":6,"key":"Block Potion"},{"floor":13,"key":"FairyPotion"},{"floor":28,"key":"Dexterity Potion"},{"floor":36,"key":"SpeedPotion"}],"is_trial":false,"path_per_floor":["M","?","$","M","M","E","?","R","T","M","E","M","E","$","R","B",null,"M","?","?","?","?","R","E","M","T","R","M","M","?","$","R","B",null,"M","M","?","M","?","E","R","M","T","M","M","$","R","E","R","B",null],"character_chosen":"IRONCLAD","items_purchased":["Trip","Violence","Combust","PowerPotion"],"campfire_rested":5,"item_purchase_floors":[3,14,31,46],"current_hp_per_floor":[72,72,72,70,58,42,42,66,66,66,66,66,54,54,54,52,73,71,56,56,56,56,56,52,47,47,72,71,66,66,66,85,30,71,66,50,50,43,95,93,93,79,79,73,67,67,95,80,95,5],"gold":89,"neow_bonus":"BOSS_RELIC","is_prod":false,"is_daily":false,"chose_seed":false,"campfire_upgraded":3,"win_rate":0,"timestamp":1559599979,"path_taken":["M","?","?","M","M","E","?","R","T","?","E","?","E","$","R","BOSS","M","?","?","?","?","R","E","?","T","R","M","M","?","?","R","BOSS","M","?","?","M","?","E","R","?","T","M","?","$","R","E","R","BOSS"],"build_version":"2019-01-23","purchased_purges":2,"victory":true,"max_hp_per_floor":[80,80,80,80,80,80,80,80,80,80,80,80,80,80,80,80,80,80,85,85,85,85,85,85,85,85,85,85,85,85,85,85,85,85,85,85,85,85,95,95,95,95,95,95,95,95,95,95,95,95],"card_choices":[{"not_picked":["Warcry","Twin Strike"],"picked":"Power Through","floor":1},{"not_picked":["Twin Strike","Inflame"],"picked":"Clothesline","floor":4},{"not_picked":["Twin Strike","True Grit"],"picked":"Shrug It Off","floor":5},{"not_picked":["Flex","Body Slam","Anger"],"picked":"SKIP","floor":6},{"not_picked":["Seeing Red","Headbutt","Warcry"],"picked":"SKIP","floor":10},{"not_picked":["Metallicize","Bludgeon","Pommel Strike"],"picked":"SKIP","floor":11},{"not_picked":["Power Through","Spot Weakness"],"picked":"Dropkick","floor":12},{"not_picked":["Entrench","Body Slam","Disarm"],"picked":"SKIP","floor":13},{"not_picked":["Impervious","Demon Form"],"picked":"Brutality","floor":16},{"not_picked":["Rampage"],"picked":"SKIP","floor":18},{"not_picked":["Sentinel"],"picked":"SKIP","floor":24},{"not_picked":["Power Through"],"picked":"SKIP","floor":25},{"not_picked":["Heavy Blade+1"],"picked":"SKIP","floor":28},{"not_picked":[],"picked":"Dropkick","floor":29},{"not_picked":[],"picked":"Brutality","floor":33},{"not_picked":["Cleave"],"picked":"SKIP","floor":35},{"not_picked":["Anger"],"picked":"SKIP","floor":36},{"not_picked":["Twin Strike+1"],"picked":"SKIP","floor":38},{"not_picked":["Headbutt+1"],"picked":"SKIP","floor":40},{"not_picked":["Flex+1"],"picked":"SKIP","floor":42},{"not_picked":[],"picked":"Inflame+1","floor":44},{"not_picked":["Flex"],"picked":"SKIP","floor":45},{"not_picked":["Fiend Fire"],"picked":"SKIP","floor":48}],"player_experience":379163,"relics_obtained":[{"floor":6,"key":"PreservedInsect"},{"floor":9,"key":"War Paint"},{"floor":11,"key":"StoneCalendar"},{"floor":13,"key":"Whetstone"},{"floor":24,"key":"Anchor"},{"floor":26,"key":"Mummified Hand"},{"floor":40,"key":"Letter Opener"},{"floor":43,"key":"Gremlin Horn"},{"floor":48,"key":"Vajra"}],"event_choices":[{"damage_healed":0,"gold_gain":0,"player_choice":"Ignored","damage_taken":0,"max_hp_gain":0,"max_hp_loss":0,"event_name":"WeMeetAgain","floor":2,"gold_loss":0},{"damage_healed":0,"gold_gain":100,"player_choice":"Gold","damage_taken":0,"max_hp_gain":0,"max_hp_loss":0,"event_name":"Wheel of Change","floor":7,"gold_loss":0},{"damage_healed":0,"gold_gain":0,"player_choice":"Shed Blood","damage_taken":20,"max_hp_gain":5,"max_hp_loss":0,"event_name":"Forgotten Altar","floor":19,"gold_loss":0},{"cards_removed":["Defend_R"],"damage_healed":0,"gold_gain":0,"player_choice":"Gave Gold","damage_taken":0,"max_hp_gain":0,"max_hp_loss":0,"event_name":"Beggar","floor":20,"gold_loss":75},{"damage_healed":0,"gold_gain":0,"player_choice":"Ignored","damage_taken":0,"max_hp_gain":0,"max_hp_loss":0,"event_name":"Ghosts","floor":21,"gold_loss":0},{"damage_healed":0,"gold_gain":0,"player_choice":"Inject Mutagens","damage_taken":0,"relics_obtained":["MutagenicStrength"],"max_hp_gain":0,"max_hp_loss":0,"event_name":"Drug Dealer","floor":22,"gold_loss":0},{"cards_removed":["Strike_R"],"damage_healed":0,"gold_gain":0,"player_choice":"Elegance","damage_taken":0,"max_hp_gain":0,"max_hp_loss":0,"event_name":"Back to Basics","floor":30,"gold_loss":0},{"damage_healed":0,"gold_gain":0,"player_choice":"Paid","damage_taken":0,"relics_obtained":["Red Mask"],"max_hp_gain":0,"max_hp_loss":0,"event_name":"Tomb of Lord Red Mask","floor":37,"gold_loss":155},{"cards_removed":["Brutality"],"damage_healed":42,"gold_gain":0,"player_choice":"Offered Rare","damage_taken":0,"max_hp_gain":10,"max_hp_loss":0,"event_name":"Bonfire Elementals","floor":39,"gold_loss":0}],"is_beta":false,"boss_relics":[{"not_picked":["Calling Bell","Fusion Hammer"],"picked":"Busted Crown"},{"not_picked":["Mark of Pain","Tiny House"],"picked":"Lizard Tail"}],"items_purged_floors":[14,31],"is_endless":false,"potions_floor_spawned":[1,5,6,13,18,28,36,42,44,48],"ascension_level":10}