{"gold_per_floor":[112,66,66,36,47,47,64,64,91,52,52,62,80,94,94,191,191,209,209,0,99,99],"floor_reached":22,"playtime":924,"items_purged":[],"score":191,"play_id":"8abc1076-47cb-4bd3-991f-9d81a524bc66","local_time":"20181212212822","is_ascension_mode":true,"campfire_choices":[{"floor":6,"key":"REST"},{"data":"Creative AI","floor":15,"key":"SMITH"}],"neow_cost":"CURSE","seed_source_timestamp":96058099879074,"circlet_count":0,"master_deck":["Strike_B","Strike_B","Strike_B","Strike_B","Defend_B","Defend_B+1","Defend_B+1","Defend_B","Zap","Dualcast","Creative AI+1","Cold Snap","Gash","Gash","Heatsinks","Recycle","Turbo","Conserve Battery","Reinforced Body","Thunder Strike","Aggregate+1"],"relics":["Cracked Core","Orichalcum","War Paint","Black Star"],"potions_floor_usage":[14,16,18],"damage_taken":[{"damage":5,"enemies":"Cultist","floor":1,"turns":4},{"damage":12,"enemies":"2 Louse","floor":5,"turns":3},{"damage":5,"enemies":"Small Slimes","floor":7,"turns":3},{"damage":0,"enemies":"2 Fungi Beasts","floor":12,"turns":5},{"damage":1,"enemies":"Exordium Thugs","floor":13,"turns":6},{"damage":10,"enemies":"Exordium Wildlife","floor":14,"turns":5},{"damage":35,"enemies":"Slime Boss","floor":16,"turns":9},{"damage":60,"enemies":"Chosen","floor":18,"turns":8},{"damage":25,"enemies":"3 Byrds","floor":22,"turns":2}],"seed_played":"3452661238286710491","potions_obtained":[{"floor":1,"key":"SteroidPotion"},{"floor":4,"key":"SkillPotion"},{"floor":4,"key":"Regen Potion"},{"floor":12,"key":"Explosive Potion"},{"floor":13,"key":"Regen Potion"},{"floor":16,"key":"SkillPotion"},{"floor":18,"key":"FocusPotion"}],"is_trial":false,"path_per_floor":["M","$","?","?","M","R","M","?","T","$","?","M","M","M","R","B",null,"M","?","?","?","M"],"character_chosen":"DEFECT","items_purchased":["Gash","Recycle"],"campfire_rested":1,"item_purchase_floors":[2,10],"current_hp_per_floor":[70,70,58,58,46,68,63,63,63,63,56,56,55,45,45,25,75,15,15,15,15,0],"gold":99,"neow_bonus":"THREE_RARE_CARDS","is_prod":false,"is_daily":false,"chose_seed":false,"campfire_upgraded":1,"win_rate":0,"timestamp":1544678902,"path_taken":["M","$","?","?","?","R","M","?","T","$","?","M","M","M","R","BOSS","M","?","?","?","?"],"build_version":"2018-12-06","purchased_purges":0,"victory":false,"max_hp_per_floor":[75,75,75,75,75,75,75,75,75,75,75,75,75,75,75,75,75,75,75,75,75,75],"card_choices":[{"not_picked":["Fission","Hyperbeam"],"picked":"Creative AI","floor":0},{"not_picked":["Leap","Hello World"],"picked":"Cold Snap","floor":1},{"not_picked":["Tempest","BootSequence"],"picked":"Gash","floor":5},{"not_picked":["Streamline","Cold Snap"],"picked":"Heatsinks","floor":7},{"not_picked":["Go for the Eyes","Ball Lightning"],"picked":"Turbo","floor":12},{"not_picked":["Hologram","Biased Cognition"],"picked":"Conserve Battery","floor":13},{"not_picked":["Scrape","Sweeping Beam"],"picked":"Reinforced Body","floor":14},{"not_picked":["Buffer","Fission"],"picked":"Thunder Strike","floor":16},{"not_picked":["Rebound","Go for the Eyes+1"],"picked":"Aggregate+1","floor":18}],"player_experience":543508,"relics_obtained":[{"floor":9,"key":"War Paint"}],"event_choices":[{"damage_healed":0,"gold_gain":0,"player_choice":"Success","damage_taken":12,"relics_obtained":["Orichalcum"],"max_hp_gain":0,"max_hp_loss":0,"event_name":"Scrap Ooze","floor":3,"gold_loss":0},{"damage_healed":0,"gold_gain":0,"player_choice":"Bought 2 Potions","damage_taken":0,"max_hp_gain":0,"max_hp_loss":0,"event_name":"The Woman in Blue","floor":4,"gold_loss":0},{"damage_healed":0,"gold_gain":0,"player_choice":"Searched \u00270\u0027 times","damage_taken":0,"max_hp_gain":0,"max_hp_loss":0,"event_name":"Dead Adventurer","floor":8,"gold_loss":0},{"cards_removed":["Pain"],"damage_healed":0,"gold_gain":0,"player_choice":"Card Removal","damage_taken":7,"max_hp_gain":0,"max_hp_loss":0,"event_name":"Golden Wing","floor":11,"gold_loss":0},{"damage_healed":0,"gold_gain":0,"player_choice":"Ignored","damage_taken":0,"max_hp_gain":0,"max_hp_loss":0,"event_name":"Vampires","floor":19,"gold_loss":0},{"damage_healed":0,"gold_gain":0,"player_choice":"Paid Fearfully","damage_taken":0,"max_hp_gain":0,"max_hp_loss":0,"event_name":"Masked Bandits","floor":20,"gold_loss":209},{"damage_healed":0,"gold_gain":99,"player_choice":"Stole From Cult","damage_taken":0,"max_hp_gain":0,"max_hp_loss":0,"event_name":"Nest","floor":21,"gold_loss":0}],"is_beta":false,"boss_relics":[{"not_picked":["Pandora\u0027s Box","Runic Pyramid"],"picked":"Black Star"}],"items_purged_floors":[],"is_endless":false,"potions_floor_spawned":[1,12,13,16,18],"killed_by":"3 Byrds","ascension_level":2}