{"gold_per_floor":[111,129,140,157,167,167,197,197,223,223,80,80,80,94,94,195,195,214,227,227,227,247,247],"floor_reached":23,"playtime":1029,"items_purged":["Strike_B"],"score":212,"play_id":"07fc10b5-fcf6-4437-88f8-fb34071390cc","local_time":"20181223030605","is_ascension_mode":true,"campfire_choices":[{"floor":6,"key":"REST"},{"data":"Recycle","floor":8,"key":"SMITH"},{"data":"Rainbow","floor":10,"key":"SMITH"},{"data":"Genetic Algorithm","floor":12,"key":"SMITH"},{"floor":15,"key":"REST"}],"neow_cost":"NONE","seed_source_timestamp":222327195733916,"circlet_count":0,"master_deck":["Strike_B","Strike_B","Strike_B","Defend_B","Defend_B","Defend_B","Defend_B","Zap+1","Dualcast","Genetic Algorithm+1","Ball Lightning","Gash","Recycle+1","Sweeping Beam","Rainbow+1","FTL","Beam Cell","Core Surge","Go for the Eyes","Genetic Algorithm+1","Reinforced Body"],"relics":["Cracked Core","WingedGreaves","PreservedInsect","Cursed Key"],"potions_floor_usage":[5,7,16,19,23],"damage_taken":[{"damage":1,"enemies":"Cultist","floor":1,"turns":4},{"damage":0,"enemies":"Small Slimes","floor":2,"turns":2},{"damage":1,"enemies":"2 Louse","floor":3,"turns":2},{"damage":4,"enemies":"Looter","floor":4,"turns":3},{"damage":21,"enemies":"Lots of Slimes","floor":5,"turns":3},{"damage":24,"enemies":"Lagavulin","floor":7,"turns":7},{"damage":0,"enemies":"3 Louse","floor":14,"turns":2},{"damage":25,"enemies":"The Guardian","floor":16,"turns":9},{"damage":4,"enemies":"Spheric Guardian","floor":18,"turns":3},{"damage":17,"enemies":"2 Thieves","floor":19,"turns":4},{"damage":31,"enemies":"Centurion and Healer","floor":22,"turns":8},{"damage":33,"enemies":"Gremlin Leader","floor":23,"turns":8}],"seed_played":"-1897960289391431054","potions_obtained":[{"floor":1,"key":"LiquidBronze"},{"floor":2,"key":"Dexterity Potion"},{"floor":7,"key":"Strength Potion"},{"floor":14,"key":"Energy Potion"},{"floor":18,"key":"Strength Potion"},{"floor":22,"key":"Dexterity Potion"}],"is_trial":false,"path_per_floor":["M","M","M","M","M","R","E","R","T","R","$","R","?","M","R","B",null,"M","M","?","?","M","E"],"character_chosen":"DEFECT","items_purchased":["FTL"],"campfire_rested":2,"item_purchase_floors":[11],"current_hp_per_floor":[74,74,73,69,48,70,46,46,46,46,46,46,46,46,68,43,75,71,54,54,54,23,0],"gold":247,"neow_bonus":"THREE_CARDS","is_prod":false,"is_daily":false,"chose_seed":false,"campfire_upgraded":3,"win_rate":0,"timestamp":1545563165,"path_taken":["M","?","M","M","M","R","E","R","T","R","$","R","?","M","R","BOSS","M","M","?","?","?","E"],"build_version":"2018-12-20","purchased_purges":1,"victory":false,"max_hp_per_floor":[75,75,75,75,75,75,75,75,75,75,75,75,75,75,75,75,75,75,75,75,75,75,75],"card_choices":[{"not_picked":["Turbo","Aggregate"],"picked":"Genetic Algorithm","floor":0},{"not_picked":["Undo","Beam Cell"],"picked":"Ball Lightning","floor":1},{"not_picked":["Static Discharge","Go for the Eyes"],"picked":"Gash","floor":2},{"not_picked":["Lockon","Sunder"],"picked":"Recycle","floor":3},{"not_picked":["Compile Driver","Ball Lightning"],"picked":"Sweeping Beam","floor":4},{"not_picked":["Sweeping Beam","Steam Power","Consume"],"picked":"SKIP","floor":5},{"not_picked":["Heatsinks","Chaos"],"picked":"Rainbow","floor":7},{"not_picked":["Consume","Compile Driver"],"picked":"Beam Cell","floor":14},{"not_picked":["Hyperbeam","Buffer"],"picked":"Core Surge","floor":16},{"not_picked":["Reprogram+1","Barrage+1"],"picked":"Go for the Eyes","floor":18},{"not_picked":["Redo","Go for the Eyes","Conserve Battery"],"picked":"SKIP","floor":19},{"not_picked":["Ball Lightning+1","Cold Snap"],"picked":"Reinforced Body","floor":22}],"player_experience":562161,"relics_obtained":[{"floor":7,"key":"WingedGreaves"},{"floor":9,"key":"PreservedInsect"}],"event_choices":[{"damage_healed":0,"gold_gain":0,"player_choice":"Grow","damage_taken":0,"max_hp_gain":0,"max_hp_loss":0,"event_name":"Living Wall","floor":13,"gold_loss":0,"cards_upgraded":["Zap"]},{"damage_healed":0,"gold_gain":0,"player_choice":"Ignored","damage_taken":0,"max_hp_gain":0,"max_hp_loss":0,"event_name":"Vampires","floor":20,"gold_loss":0},{"damage_healed":0,"gold_gain":0,"player_choice":"Copied","damage_taken":0,"max_hp_gain":0,"max_hp_loss":0,"event_name":"Duplicator","floor":21,"gold_loss":0,"cards_obtained":["Genetic Algorithm"]}],"is_beta":false,"boss_relics":[{"not_picked":["Eternal Feather","Black Star"],"picked":"Cursed Key"}],"items_purged_floors":[11],"is_endless":false,"potions_floor_spawned":[1,2,7,14,18,22],"killed_by":"Gremlin Leader","ascension_level":2}