{"gold_per_floor":[117,117,117,48,48,48,81,81,81,81,93,104,104,124,124,225,225,238,101,30,30,30,62,62,77,100,119,119,119,119,119,119,219,219,237,237,237,237,83,83,83],"floor_reached":41,"playtime":1184,"items_purged":[],"score":441,"play_id":"589c4ee2-3d50-4c4b-aae1-26c4299f9beb","local_time":"20181212214825","is_ascension_mode":true,"campfire_choices":[{"floor":6,"key":"REST"},{"floor":8,"key":"REST"},{"data":"Recycle","floor":13,"key":"SMITH"},{"data":"Defragment","floor":15,"key":"SMITH"},{"floor":24,"key":"REST"},{"floor":28,"key":"REST"},{"floor":30,"key":"REST"},{"floor":32,"key":"REST"},{"data":"Rainbow","floor":40,"key":"SMITH"}],"neow_cost":"NONE","seed_source_timestamp":97001057230618,"circlet_count":0,"master_deck":["Defend_B","Defend_B","Defend_B","Defend_B","Zap+1","Dualcast","Redo","Self Repair+1","Electrodynamics","Ball Lightning","Recycle+1","Defragment+1","Multi-Cast","Conserve Battery+1","Doom and Gloom","Loop","Capacitor","Darkness","Redo+1","Rainbow+1","Glacier","Madness","Madness"],"relics":["Cracked Core","Art of War","PreservedInsect","Lizard Tail","Sundial","Anchor","Nloth\u0027s Gift","Velvet Choker","Bronze Scales"],"potions_floor_usage":[16,16,16,19,27],"damage_taken":[{"damage":1,"enemies":"2 Louse","floor":1,"turns":3},{"damage":42,"enemies":"Gremlin Nob","floor":7,"turns":5},{"damage":1,"enemies":"Small Slimes","floor":11,"turns":3},{"damage":2,"enemies":"Jaw Worm","floor":12,"turns":2},{"damage":0,"enemies":"Large Slime","floor":14,"turns":3},{"damage":35,"enemies":"Hexaghost","floor":16,"turns":7},{"damage":14,"enemies":"Chosen","floor":18,"turns":4},{"damage":60,"enemies":"Book of Stabbing","floor":23,"turns":6},{"damage":30,"enemies":"Shell Parasite","floor":25,"turns":6},{"damage":28,"enemies":"Snake Plant","floor":27,"turns":4},{"damage":80,"enemies":"Champ","floor":33,"turns":8},{"damage":10,"enemies":"Orb Walker","floor":35,"turns":3},{"damage":84,"enemies":"Nemesis","floor":41,"turns":5}],"seed_played":"7056231777972172526","potions_obtained":[{"floor":7,"key":"Dexterity Potion"},{"floor":11,"key":"Swift Potion"},{"floor":12,"key":"FocusPotion"},{"floor":25,"key":"EssenceOfSteel"}],"is_trial":false,"path_per_floor":["M","?","?","$","?","R","E","R","T","?","M","M","R","M","R","B",null,"M","$","$","?","?","E","R","M","T","M","R","?","R","?","R","B",null,"M","?","?","?","$","R","E"],"character_chosen":"DEFECT","items_purchased":["Self Repair","Fruit Juice","Doom and Gloom","Loop","Bronze Scales"],"campfire_rested":6,"item_purchase_floors":[4,19,19,20,39],"current_hp_per_floor":[74,49,42,42,42,64,32,54,54,54,63,71,71,75,75,50,75,71,76,76,76,76,26,50,30,30,2,26,11,36,36,61,52,85,75,64,64,64,64,64,0],"gold":83,"neow_bonus":"UPGRADE_CARD","is_prod":false,"is_daily":false,"chose_seed":false,"campfire_upgraded":3,"win_rate":0,"timestamp":1544680105,"path_taken":["M","?","?","$","?","R","E","R","T","?","M","M","R","M","R","BOSS","M","?","$","?","?","E","R","M","T","M","R","?","R","?","R","BOSS","M","?","?","?","$","R","E"],"build_version":"2018-12-06","purchased_purges":0,"victory":false,"max_hp_per_floor":[75,75,75,75,75,75,75,75,75,75,75,75,75,75,75,75,75,75,80,80,80,80,80,80,80,80,80,80,85,85,85,85,85,85,85,85,85,85,85,85,85],"card_choices":[{"not_picked":["Go for the Eyes","Darkness"],"picked":"Redo","floor":1},{"not_picked":["Hologram","Double Energy"],"picked":"Electrodynamics","floor":7},{"not_picked":["White Noise","Conserve Battery"],"picked":"Ball Lightning","floor":11},{"not_picked":["Steam","Darkness"],"picked":"Recycle","floor":12},{"not_picked":["Cold Snap","Beam Cell"],"picked":"Defragment","floor":14},{"not_picked":["Echo Form","All For One"],"picked":"Multi-Cast","floor":16},{"not_picked":["Compile Driver","FTL"],"picked":"Conserve Battery+1","floor":18},{"not_picked":["Heatsinks+1","Barrage"],"picked":"Darkness","floor":23},{"not_picked":["Leap","Barrage+1"],"picked":"Redo+1","floor":25},{"not_picked":["Turbo","Recycle+1","Barrage"],"picked":"SKIP","floor":27},{"not_picked":["Biased Cognition","Machine Learning"],"picked":"Rainbow","floor":33},{"not_picked":["Redo+1","Coolheaded"],"picked":"Glacier","floor":35}],"player_experience":544432,"relics_obtained":[{"floor":7,"key":"Ornamental Fan"},{"floor":9,"key":"PreservedInsect"},{"floor":23,"key":"Sundial"},{"floor":26,"key":"Anchor"}],"event_choices":[{"damage_healed":0,"gold_gain":0,"player_choice":"Success","damage_taken":25,"relics_obtained":["Art of War"],"max_hp_gain":0,"max_hp_loss":0,"event_name":"Scrap Ooze","floor":2,"gold_loss":0},{"cards_removed":["Strike_B"],"damage_healed":0,"gold_gain":0,"player_choice":"Card Removal","damage_taken":7,"max_hp_gain":0,"max_hp_loss":0,"event_name":"Golden Wing","floor":3,"gold_loss":0},{"damage_healed":0,"gold_gain":0,"player_choice":"Grow","damage_taken":0,"max_hp_gain":0,"max_hp_loss":0,"event_name":"Living Wall","floor":5,"gold_loss":0,"cards_upgraded":["Self Repair"]},{"cards_removed":["Strike_B"],"damage_healed":0,"gold_gain":0,"player_choice":"Purged","damage_taken":0,"max_hp_gain":0,"max_hp_loss":0,"event_name":"Purifier","floor":10,"gold_loss":0},{"cards_removed":["Strike_B"],"damage_healed":0,"gold_gain":0,"player_choice":"Elegance","damage_taken":0,"max_hp_gain":0,"max_hp_loss":0,"event_name":"Back to Basics","floor":21,"gold_loss":0},{"damage_healed":0,"gold_gain":0,"player_choice":"Read","damage_taken":0,"max_hp_gain":0,"max_hp_loss":0,"event_name":"The Library","floor":22,"gold_loss":0,"cards_obtained":["Capacitor"]},{"damage_healed":0,"gold_gain":0,"player_choice":"Shed Blood","damage_taken":20,"max_hp_gain":5,"max_hp_loss":0,"event_name":"Forgotten Altar","floor":29,"gold_loss":0},{"damage_healed":0,"gold_gain":0,"player_choice":"Traded Relic","damage_taken":0,"relics_obtained":["Nloth\u0027s Gift"],"max_hp_gain":0,"max_hp_loss":0,"event_name":"N\u0027loth","floor":31,"relics_lost":["Ornamental Fan"],"gold_loss":0},{"damage_healed":0,"gold_gain":0,"player_choice":"Embrace Madness","damage_taken":11,"max_hp_gain":0,"max_hp_loss":0,"event_name":"Winding Halls","floor":36,"gold_loss":0,"cards_obtained":["Madness","Madness"]},{"damage_healed":0,"gold_gain":0,"player_choice":"Ignored","damage_taken":0,"max_hp_gain":0,"max_hp_loss":0,"event_name":"Tomb of Lord Red Mask","floor":37,"gold_loss":0},{"cards_removed":["Strike_B"],"damage_healed":0,"gold_gain":0,"player_choice":"Offered Basic","damage_taken":0,"max_hp_gain":0,"max_hp_loss":0,"event_name":"Bonfire Elementals","floor":38,"gold_loss":0}],"is_beta":false,"boss_relics":[{"not_picked":["Pandora\u0027s Box","Astrolabe"],"picked":"Lizard Tail"},{"not_picked":["Runic Dome","Runic Pyramid"],"picked":"Velvet Choker"}],"items_purged_floors":[],"is_endless":false,"potions_floor_spawned":[7,11,12,25],"killed_by":"Nemesis","ascension_level":2}