{"gold_per_floor":[111,123,136,148,223,253,53,84,84,103,103,28,38,49,49,152,152,166,81,2,15,29,29,54,71,98,98,126,126,146,158,158,259,259,278,278,288,300,163,194,210,210,235,235,235,246,262,262,262,262],"floor_reached":50,"playtime":3907,"items_purged":["Pain","Normality"],"score":660,"play_id":"f07b594e-04ad-4bc5-8729-31ed71730e45","local_time":"20180802054157","is_ascension_mode":true,"campfire_choices":[{"floor":11,"key":"REST"},{"floor":15,"key":"REST"},{"floor":23,"key":"REST"},{"floor":27,"key":"REST"},{"floor":32,"key":"REST"},{"floor":42,"key":"REST"},{"floor":44,"key":"REST"},{"floor":49,"key":"REST"}],"neow_cost":"NONE","seed_source_timestamp":250440323121638,"circlet_count":0,"master_deck":["Defend_G","Defend_G","Defend_G+1","Defend_G","Defend_G","Strike_G","Strike_G","Strike_G","Strike_G","Strike_G","Survivor","Flying Knee","Blade Dance","Infinite Blades","Escape Plan+1","Venomology","Dagger Spray","Backflip+1","Cloak And Dagger+1","Escape Plan+1","A Thousand Cuts+1","Heel Hook","Blade Dance+1","Dagger Spray","Choke","PiercingWail+1","Phantasmal Killer+1","Blade Dance+1","Blade Dance+1","Leg Sweep+1","Backflip+1","Sucker Punch","Normality","Glass Knife","Deflect+1","Deflect+1","Envenom","Doubt","Clumsy","Escape Plan+1","Thinking Ahead+1","Cloak And Dagger+1","Leg Sweep+1","Footwork","Heel Hook+1","Blur+1","Pain","Cloak And Dagger+1","Finisher+1"],"relics":["Cursed Key","Ancient Tea Set","TwistedFunnel","Toxic Egg 2","Paper Crane","Orrery","Bag of Marbles","War Paint","Boot","Art of War","Calling Bell","Vajra","Letter Opener","Torii","Blood Vial","Bag of Preparation"],"potions_floor_usage":[16,18,18,22,22,25,28,29,29,30,33,33,35,35,38,38,40,41,46,46,50,50,50],"damage_taken":[{"damage":0,"enemies":"Cultist","floor":1,"turns":3},{"damage":4,"enemies":"Jaw Worm","floor":2,"turns":2},{"damage":0,"enemies":"Small Slimes","floor":3,"turns":2},{"damage":0,"enemies":"2 Fungi Beasts","floor":4,"turns":3},{"damage":13,"enemies":"3 Sentries","floor":6,"turns":8},{"damage":24,"enemies":"Lagavulin","floor":8,"turns":7},{"damage":1,"enemies":"3 Louse","floor":10,"turns":2},{"damage":0,"enemies":"Gremlin Gang","floor":13,"turns":2},{"damage":0,"enemies":"2 Fungi Beasts","floor":14,"turns":2},{"damage":23,"enemies":"Hexaghost","floor":16,"turns":11},{"damage":10,"enemies":"Shell Parasite","floor":18,"turns":5},{"damage":26,"enemies":"Spheric Guardian","floor":21,"turns":4},{"damage":0,"enemies":"Centurion and Healer","floor":22,"turns":4},{"damage":10,"enemies":"Gremlin Leader","floor":24,"turns":7},{"damage":6,"enemies":"Sentry and Sphere","floor":25,"turns":6},{"damage":26,"enemies":"Slavers","floor":28,"turns":4},{"damage":0,"enemies":"Snecko","floor":29,"turns":2},{"damage":0,"enemies":"Centurion and Healer","floor":30,"turns":4},{"damage":2,"enemies":"3 Cultists","floor":31,"turns":5},{"damage":9,"enemies":"Automaton","floor":33,"turns":12},{"damage":10,"enemies":"3 Darklings","floor":35,"turns":5},{"damage":1,"enemies":"Orb Walker","floor":37,"turns":3},{"damage":12,"enemies":"3 Darklings","floor":38,"turns":5},{"damage":55,"enemies":"Giant Head","floor":40,"turns":9},{"damage":2,"enemies":"Transient","floor":41,"turns":5},{"damage":1,"enemies":"4 Shapes","floor":46,"turns":3},{"damage":10,"enemies":"Flame Bruiser 2 Orb","floor":47,"turns":3},{"damage":74,"enemies":"Donu and Deca","floor":50,"turns":7}],"seed_played":"-8094536808012383846","potions_obtained":[{"floor":8,"key":"Ancient Potion"},{"floor":10,"key":"GamblersBrew"},{"floor":13,"key":"PowerPotion"},{"floor":14,"key":"GhostInAJar"},{"floor":24,"key":"Strength Potion"},{"floor":25,"key":"Dexterity Potion"},{"floor":33,"key":"SteroidPotion"},{"floor":40,"key":"Explosive Potion"},{"floor":41,"key":"Ancient Potion"}],"is_trial":false,"path_per_floor":["M","M","M","M","?","E","$","E","T","M","R","$","M","M","R","B",null,"M","?","$","M","M","R","E","M","T","R","E","M","M","M","R","B",null,"M","?","M","M","$","E","M","R","T","R","?","M","M","?","R"],"character_chosen":"THE_SILENT","items_purchased":["TwistedFunnel","Blade Dance+1","Footwork"],"campfire_rested":8,"item_purchase_floors":[7,20,39],"current_hp_per_floor":[70,66,66,66,55,42,42,18,18,17,38,38,38,38,59,36,70,60,60,60,34,34,55,45,39,39,60,34,34,34,32,53,44,70,60,60,59,61,61,6,6,27,27,48,48,58,50,50,70,0],"gold":262,"neow_bonus":"BOSS_RELIC","is_prod":false,"is_daily":false,"chose_seed":false,"campfire_upgraded":0,"win_rate":0,"timestamp":1533213717,"path_taken":["M","M","?","M","?","E","$","E","T","M","R","$","M","M","R","BOSS","M","?","$","M","?","R","E","M","T","R","E","M","?","M","R","BOSS","M","?","M","M","$","E","M","R","T","R","?","M","?","?","R","BOSS"],"build_version":"2018-07-26","purchased_purges":2,"victory":false,"max_hp_per_floor":[70,70,70,70,70,70,70,70,70,70,70,70,70,70,70,70,70,70,70,70,70,70,70,70,70,70,70,70,70,70,70,70,70,70,70,70,70,70,70,70,70,70,70,70,70,70,70,70,70,70],"card_choices":[{"not_picked":["Underhanded Strike","Prepared"],"picked":"Flying Knee","floor":1},{"not_picked":["Infinite Blades","Riddle With Holes"],"picked":"Blade Dance","floor":2},{"not_picked":["Acrobatics","Underhanded Strike"],"picked":"Infinite Blades","floor":3},{"not_picked":["Riddle With Holes","Backflip"],"picked":"Escape Plan","floor":4},{"not_picked":["Outmaneuver","Bane"],"picked":"Venomology","floor":6},{"not_picked":["PiercingWail","Setup"],"picked":"Dagger Spray","floor":8},{"not_picked":["Outmaneuver+1","Deadly Poison+1"],"picked":"Backflip+1","floor":10},{"not_picked":["Prepared+1","Underhanded Strike"],"picked":"Cloak And Dagger+1","floor":13},{"not_picked":["Crippling Poison+1","Endless Agony"],"picked":"Escape Plan+1","floor":14},{"not_picked":["Venomology+1","Burst+1"],"picked":"A Thousand Cuts","floor":16},{"not_picked":["Dagger Throw","Flying Knee"],"picked":"Heel Hook","floor":17},{"not_picked":["Flying Knee","Setup+1"],"picked":"Blade Dance+1","floor":17},{"not_picked":["Flying Knee","Noxious Fumes"],"picked":"Dagger Spray","floor":17},{"not_picked":["Tactician+1","Caltrops"],"picked":"Choke","floor":17},{"not_picked":["Underhanded Strike","Acrobatics+1"],"picked":"PiercingWail+1","floor":17},{"not_picked":["Outmaneuver+1","Catalyst+1"],"picked":"Phantasmal Killer+1","floor":18},{"not_picked":["Dagger Spray","Escape Plan+1"],"picked":"Blade Dance+1","floor":21},{"not_picked":["Prepared+1","Acrobatics+1"],"picked":"Leg Sweep+1","floor":22},{"not_picked":["Dagger Throw+1","Corpse Explosion+1"],"picked":"Backflip+1","floor":24},{"not_picked":["Dagger Throw","Heel Hook"],"picked":"Sucker Punch","floor":25},{"not_picked":["Corpse Explosion+1","Poisoned Stab"],"picked":"Glass Knife","floor":28},{"not_picked":["Bane","Acrobatics+1"],"picked":"Deflect+1","floor":30},{"not_picked":["Masterful Stab","PiercingWail+1"],"picked":"Deflect+1","floor":31},{"not_picked":["A Thousand Cuts","Night Terror+1"],"picked":"Envenom","floor":33},{"not_picked":["Deadly Poison+1","Dash"],"picked":"Escape Plan+1","floor":35},{"not_picked":["Dramatic Entrance","Magnetism"],"picked":"Thinking Ahead+1","floor":36},{"not_picked":["Escape Plan+1","Outmaneuver+1"],"picked":"Cloak And Dagger+1","floor":37},{"not_picked":["Calculated Gamble+1","Deadly Poison+1"],"picked":"Leg Sweep+1","floor":38},{"not_picked":["Poisoned Stab","Blade Dance+1"],"picked":"Heel Hook+1","floor":40},{"not_picked":["Finisher","Slice+1"],"picked":"Blur+1","floor":41},{"not_picked":["Expertise+1","Deadly Poison+1"],"picked":"Cloak And Dagger+1","floor":46},{"not_picked":["Deadly Poison+1","Escape Plan+1"],"picked":"Finisher+1","floor":47}],"player_experience":218556,"relics_obtained":[{"floor":6,"key":"Ancient Tea Set"},{"floor":8,"key":"Toxic Egg 2"},{"floor":9,"key":"Paper Crane"},{"floor":24,"key":"War Paint"},{"floor":26,"key":"Boot"},{"floor":28,"key":"Art of War"},{"floor":34,"key":"Vajra"},{"floor":34,"key":"Letter Opener"},{"floor":34,"key":"Torii"},{"floor":40,"key":"Blood Vial"},{"floor":43,"key":"Bag of Preparation"}],"event_choices":[{"event_name":"World of Goop","player_choice":"Gather Gold","floor":5,"damage_taken":0},{"event_name":"Addict","player_choice":"Obtained Relic","floor":19,"damage_taken":0},{"event_name":"SensoryStone","player_choice":"Memory 1","floor":36,"damage_taken":0},{"event_name":"Upgrade Shrine","player_choice":"Upgraded","floor":45,"damage_taken":0},{"event_name":"Falling","player_choice":"Removed Attack","floor":48,"damage_taken":0}],"is_beta":false,"boss_relics":[{"not_picked":["HoveringKite","White Beast Statue"],"picked":"Orrery"},{"not_picked":["Runic Pyramid","Empty Cage"],"picked":"Calling Bell"}],"items_purged_floors":[12,39],"is_endless":false,"potions_floor_spawned":[8,10,13,14,24,25,28,29,31,33,37,40,41],"killed_by":"Donu and Deca","ascension_level":3}