{"gold_per_floor":[114,125,400,416,434,464,479,479,479,490,457,457,1,19,19,115,115,129,129,129,23,23,23,23],"floor_reached":24,"playtime":924,"items_purged":["Regret"],"score":304,"play_id":"d99f6742-2c39-47f7-b968-329a6cfbf091","local_time":"20190405185932","is_ascension_mode":true,"campfire_choices":[{"floor":8,"key":"REST"},{"floor":15,"key":"REST"},{"floor":23,"key":"REST"}],"neow_cost":"NONE","seed_source_timestamp":0,"circlet_count":0,"master_deck":["AscendersBane","Strike_B+1","Strike_B+1","Strike_B+1","Strike_B+1","Defend_B+1","Defend_B+1","Defend_B+1","Defend_B+1","Zap","Dualcast","Scrape","Go for the Eyes","Sunder","Compile Driver","Go for the Eyes","Turbo","Coolheaded","Core Surge","Hyperbeam","Echo Form","Beam Cell","RitualDagger","Glacier","Conserve Battery"],"special_seed":0,"relics":["Cracked Core","Shuriken","Blue Candle","Symbiotic Virus","Busted Crown"],"potions_floor_usage":[6,6,14,24],"damage_taken":[{"damage":9.0,"enemies":"Jaw Worm","floor":1.0,"turns":3.0},{"damage":6.0,"enemies":"Cultist","floor":2.0,"turns":3.0},{"damage":0.0,"enemies":"Small Slimes","floor":4.0,"turns":3.0},{"damage":3.0,"enemies":"Looter","floor":5.0,"turns":2.0},{"damage":46,"enemies":"3 Sentries","floor":6,"turns":8},{"damage":8,"enemies":"Exordium Thugs","floor":7,"turns":4},{"damage":10,"enemies":"3 Louse","floor":10,"turns":2},{"damage":1,"enemies":"Looter","floor":14,"turns":2},{"damage":29,"enemies":"Slime Boss","floor":16,"turns":8},{"damage":23,"enemies":"2 Thieves","floor":18,"turns":4},{"damage":17,"enemies":"Colosseum Slavers","floor":20,"turns":2},{"damage":42,"enemies":"3 Byrds","floor":24,"turns":3}],"seed_played":"2780469768749054056","potions_obtained":[{"floor":1.0,"key":"Fire Potion"},{"floor":2.0,"key":"SpeedPotion"},{"floor":7,"key":"FocusPotion"},{"floor":18,"key":"GamblersBrew"}],"is_trial":false,"path_per_floor":["M","M","?","M","M","E","M","R","T","M","?","T","$","M","R","B",null,"M","?","?","$","?","R","M"],"character_chosen":"DEFECT","items_purchased":["Symbiotic Virus","Core Surge","Glacier","Conserve Battery"],"campfire_rested":3,"item_purchase_floors":[13,13,21,21],"current_hp_per_floor":[66,60,60,60,57,11,3,27,27,17,17,17,17,16,40,11,64,41,35,18,18,18,42,0],"gold":23,"neow_bonus":"TEN_PERCENT_HP_BONUS","is_prod":false,"is_daily":false,"chose_seed":false,"campfire_upgraded":0,"win_rate":0,"timestamp":1554505172,"path_taken":["M","M","?","M","M","E","M","R","T","?","?","?","$","M","R","BOSS","M","?","?","$","?","R","M"],"build_version":"2019-01-23","purchased_purges":1,"victory":false,"max_hp_per_floor":[82,82,82,82,82,82,82,82,82,82,82,82,82,82,82,82,82,82,82,82,82,82,82,82],"card_choices":[{"not_picked":["Doom and Gloom","Sweeping Beam"],"picked":"Scrape","floor":1.0},{"not_picked":["Recycle","Leap"],"picked":"Go for the Eyes","floor":2.0},{"not_picked":["Barrage","Conserve Battery"],"picked":"Sunder","floor":4.0},{"not_picked":["Stack","Sweeping Beam"],"picked":"Compile Driver","floor":5.0},{"not_picked":["Hologram","Chaos"],"picked":"Go for the Eyes","floor":6},{"not_picked":["Stack","Lockon"],"picked":"Turbo","floor":7},{"not_picked":["Force Field","Redo"],"picked":"Coolheaded","floor":10},{"not_picked":["Doom and Gloom","Go for the Eyes"],"picked":"Hyperbeam","floor":14},{"not_picked":["Buffer","Thunder Strike"],"picked":"Echo Form","floor":16},{"not_picked":[],"picked":"Beam Cell","floor":18}],"player_experience":1289786,"relics_obtained":[{"floor":6,"key":"Shuriken"},{"floor":12,"key":"Blue Candle"}],"event_choices":[{"damage_healed":0.0,"max_hp_gain":0.0,"max_hp_loss":0.0,"gold_gain":275.0,"event_name":"Golden Shrine","player_choice":"Desecrate","floor":3.0,"gold_loss":0.0,"damage_taken":0.0,"cards_obtained":["Regret"]},{"damage_healed":0,"gold_gain":0,"player_choice":"Left Gold","damage_taken":0,"max_hp_gain":0,"max_hp_loss":0,"event_name":"World of Goop","floor":11,"gold_loss":33},{"damage_healed":0,"gold_gain":0,"player_choice":"Joined the Cult","damage_taken":6,"max_hp_gain":0,"max_hp_loss":0,"event_name":"Nest","floor":19,"gold_loss":0,"cards_obtained":["RitualDagger"]},{"damage_healed":0,"gold_gain":0,"player_choice":"Fight","damage_taken":0,"max_hp_gain":0,"max_hp_loss":0,"event_name":"Colosseum","floor":20,"gold_loss":0},{"damage_healed":0,"gold_gain":0,"player_choice":"Fled From Nobs","damage_taken":0,"max_hp_gain":0,"max_hp_loss":0,"event_name":"Colosseum","floor":20,"gold_loss":0},{"damage_healed":0,"gold_gain":0,"player_choice":"Simplicity","damage_taken":0,"max_hp_gain":0,"max_hp_loss":0,"event_name":"Back to Basics","floor":22,"gold_loss":0,"cards_upgraded":["Strike_B","Strike_B","Strike_B","Strike_B","Defend_B","Defend_B","Defend_B","Defend_B"]}],"is_beta":false,"boss_relics":[{"not_picked":["White Beast Statue","Empty Cage"],"picked":"Busted Crown"}],"items_purged_floors":[13],"is_endless":false,"potions_floor_spawned":[1,2,7,18,20],"killed_by":"3 Byrds","ascension_level":11}