{"gold_per_floor":[114,129,82,82,97,97,50,69,92,53,84,98,110,110,110,213,213,223,234,159,239,252,252,262,275,301,301,301,108,108],"floor_reached":30,"playtime":870,"items_purged":[],"score":381,"play_id":"83e393fa-49b9-4af8-97df-8956ae50592b","local_time":"20190506233422","is_ascension_mode":true,"campfire_choices":[{"data":"Go for the Eyes","floor":6,"key":"SMITH"},{"floor":15,"key":"REST"},{"data":"Sunder","floor":23,"key":"SMITH"}],"neow_cost":"NONE","seed_source_timestamp":863725323952398,"circlet_count":0,"master_deck":["Strike_B","Strike_B","Strike_B","Defend_B","Defend_B","Defend_B","Defend_B","Zap","Dualcast","Genetic Algorithm","Ball Lightning","Go for the Eyes+1","Sunder+1","Hologram","Rebound","Self Repair","Electrodynamics","Leap","Melter","Machine Learning","Coolheaded","Stack","Reinforced Body"],"relics":["Cracked Core","GremlinMask","Centennial Puzzle","Lantern","Matryoshka","Busted Crown","Potion Belt","Kunai","Ancient Tea Set","Regal Pillow","Toxic Egg 2","ClockworkSouvenir"],"potions_floor_usage":[12,18],"damage_taken":[{"damage":0,"enemies":"Small Slimes","floor":1,"turns":3},{"damage":0,"enemies":"2 Louse","floor":2,"turns":2},{"damage":1,"enemies":"Cultist","floor":5,"turns":4},{"damage":13,"enemies":"Exordium Thugs","floor":8,"turns":5},{"damage":38,"enemies":"3 Sentries","floor":11,"turns":7},{"damage":0,"enemies":"Looter","floor":12,"turns":3},{"damage":4,"enemies":"Exordium Wildlife","floor":13,"turns":4},{"damage":0,"enemies":"Slime Boss","floor":16,"turns":7},{"damage":19,"enemies":"2 Thieves","floor":18,"turns":4},{"damage":1,"enemies":"Spheric Guardian","floor":19,"turns":3},{"damage":14,"enemies":"Centurion and Healer","floor":22,"turns":7},{"damage":18,"enemies":"Snake Plant","floor":24,"turns":4},{"damage":17,"enemies":"3 Cultists","floor":25,"turns":6},{"damage":0,"enemies":"Cultist and Chosen","floor":30,"turns":3}],"seed_played":"7383054480587566102","potions_obtained":[{"floor":5,"key":"EssenceOfSteel"},{"floor":11,"key":"Poison Potion"},{"floor":16,"key":"Poison Potion"},{"floor":18,"key":"EssenceOfSteel"},{"floor":25,"key":"SkillPotion"}],"is_trial":false,"path_per_floor":["M","M","?","?","M","R","$","M","T","$","E","M","M","T","R","B",null,"M","M","?","T","M","R","M","M","T","T","?","$","M"],"character_chosen":"DEFECT","items_purchased":["Hologram","Self Repair","ClockworkSouvenir"],"campfire_rested":1,"item_purchase_floors":[7,10,29],"current_hp_per_floor":[68,68,68,68,67,67,67,54,54,54,23,30,26,26,48,55,70,58,57,57,57,50,50,32,22,22,22,22,22,22],"gold":108,"neow_bonus":"THREE_CARDS","is_prod":false,"is_daily":false,"chose_seed":false,"campfire_upgraded":2,"win_rate":0,"timestamp":1557156862,"path_taken":["M","M","?","?","M","R","$","M","T","$","E","M","?","?","R","BOSS","M","M","?","?","M","R","M","?","T","?","?","$","M"],"build_version":"2019-01-23","purchased_purges":0,"victory":false,"max_hp_per_floor":[75,75,75,75,75,75,75,75,75,75,75,75,75,75,75,75,75,75,75,75,75,75,75,75,75,75,75,75,75,75],"card_choices":[{"not_picked":["Rip and Tear","Go for the Eyes"],"picked":"Genetic Algorithm","floor":0},{"not_picked":["Gash","Storm"],"picked":"Ball Lightning","floor":1},{"not_picked":["Rebound","Hologram"],"picked":"Go for the Eyes","floor":2},{"not_picked":["Cold Snap","Ball Lightning"],"picked":"Sunder","floor":5},{"not_picked":["Compile Driver","Heatsinks"],"picked":"Rebound","floor":8},{"not_picked":["Self Repair","Beam Cell"],"picked":"Electrodynamics","floor":11},{"not_picked":["Ball Lightning","Blizzard"],"picked":"Leap","floor":12},{"not_picked":["Sweeping Beam","Chaos"],"picked":"Melter","floor":13},{"not_picked":["Seek","Buffer"],"picked":"Machine Learning","floor":16},{"not_picked":["Go for the Eyes"],"picked":"SKIP","floor":18},{"not_picked":["Turbo"],"picked":"SKIP","floor":19},{"not_picked":[],"picked":"Coolheaded","floor":22},{"not_picked":[],"picked":"Stack","floor":24},{"not_picked":[],"picked":"Reinforced Body","floor":25}],"player_experience":859618,"relics_obtained":[{"floor":9,"key":"Centennial Puzzle"},{"floor":11,"key":"Lantern"},{"floor":14,"key":"Matryoshka"},{"floor":21,"key":"Potion Belt"},{"floor":21,"key":"Kunai"},{"floor":26,"key":"Ancient Tea Set"},{"floor":26,"key":"Regal Pillow"},{"floor":27,"key":"Toxic Egg 2"}],"event_choices":[{"damage_healed":0,"gold_gain":0,"player_choice":"Left Gold","damage_taken":0,"max_hp_gain":0,"max_hp_loss":0,"event_name":"World of Goop","floor":3,"gold_loss":47},{"damage_healed":0,"gold_gain":0,"player_choice":"Trade","damage_taken":0,"relics_obtained":["GremlinMask"],"max_hp_gain":0,"max_hp_loss":0,"event_name":"FaceTrader","floor":4,"gold_loss":0},{"cards_removed":["Strike_B"],"damage_healed":0,"gold_gain":0,"player_choice":"Gave Gold","damage_taken":0,"max_hp_gain":0,"max_hp_loss":0,"event_name":"Beggar","floor":20,"gold_loss":75},{"damage_healed":0,"gold_gain":0,"player_choice":"Ignored","damage_taken":0,"max_hp_gain":0,"max_hp_loss":0,"event_name":"Ghosts","floor":28,"gold_loss":0}],"is_beta":false,"boss_relics":[{"not_picked":["Snecko Eye","Tiny House"],"picked":"Busted Crown"}],"items_purged_floors":[],"is_endless":false,"potions_floor_spawned":[5,11,16,18,25],"killed_by":"Cultist and Chosen","ascension_level":7}