{"gold_per_floor":[110,121,135,135,147,147,178,24,47,47,67,77,103,115,115,219,219,232,155,175,31,31,31,45,80,104,104,137,57,75,88,88,192,192,211,211,211,229,229,264,264,278,278,291,307,307,318,318,318,318],"floor_reached":50,"playtime":3030,"items_purged":[],"score":603,"play_id":"0040d974-1390-42cc-8e48-62494c75d50b","local_time":"20180803054856","is_ascension_mode":true,"campfire_choices":[{"floor":6,"key":"REST"},{"floor":10,"key":"REST"},{"floor":15,"key":"REST"},{"floor":23,"key":"REST"},{"floor":27,"key":"REST"},{"floor":32,"key":"REST"},{"floor":41,"key":"REST"},{"floor":46,"key":"REST"},{"floor":49,"key":"REST"}],"neow_cost":"NONE","seed_source_timestamp":296367016090023,"circlet_count":0,"master_deck":["Defend_G","Defend_G","Defend_G","Defend_G","Defend_G","Strike_G+1","Strike_G+1","Survivor","Neutralize+1","Accuracy","Escape Plan","Slice","Flying Knee","Quick Slash+1","Quick Slash","Blade Dance","Venomology","Finisher","J.A.X.","Blade Dance+1","Choke","Footwork","Glass Knife+1","Calculated Gamble+1","Caltrops+1","Cloak And Dagger+1","Accuracy","Blur+1","PiercingWail+1","Deflect+1","Cloak And Dagger+1","PiercingWail+1"],"relics":["Busted Crown","Strawberry","Regal Pillow","Pen Nib","Odd Mushroom","Ancient Tea Set","White Beast Statue","Potion Belt","Whetstone","Lantern","Boot","Astrolabe","The Specimen","Happy Flower","Molten Egg 2","Toxic Egg 2"],"potions_floor_usage":[7,13,16,20,24,25,28,28,30,31,33,33,35,36,36,38,39,40,40,42,42,44,44,45,47,47,50,50,50,50],"damage_taken":[{"damage":7,"enemies":"Small Slimes","floor":1,"turns":5},{"damage":0,"enemies":"Cultist","floor":2,"turns":4},{"damage":0,"enemies":"2 Louse","floor":3,"turns":3},{"damage":19,"enemies":"Large Slime","floor":5,"turns":9},{"damage":40,"enemies":"Gremlin Nob","floor":7,"turns":5},{"damage":5,"floor":11,"turns":5},{"damage":11,"enemies":"Lots of Slimes","floor":12,"turns":5},{"damage":12,"enemies":"Lagavulin","floor":13,"turns":5},{"damage":7,"enemies":"Exordium Thugs","floor":14,"turns":5},{"damage":38,"enemies":"Hexaghost","floor":16,"turns":11},{"damage":24,"enemies":"Spheric Guardian","floor":18,"turns":5},{"damage":18,"enemies":"Shell Parasite","floor":20,"turns":5},{"damage":7,"enemies":"Centurion and Healer","floor":24,"turns":5},{"damage":36,"enemies":"Book of Stabbing","floor":25,"turns":5},{"damage":36,"enemies":"Slavers","floor":28,"turns":4},{"damage":3,"enemies":"Snake Plant","floor":30,"turns":2},{"damage":0,"enemies":"3 Cultists","floor":31,"turns":4},{"damage":65,"enemies":"Collector","floor":33,"turns":8},{"damage":6,"enemies":"Orb Walker","floor":35,"turns":3},{"damage":19,"floor":36,"turns":7},{"damage":11,"enemies":"Flame Bruiser 1 Orb","floor":38,"turns":4},{"damage":27,"enemies":"Nemesis","floor":40,"turns":6},{"damage":39,"enemies":"Spire Growth","floor":42,"turns":5},{"damage":0,"enemies":"Flame Bruiser 2 Orb","floor":44,"turns":5},{"damage":11,"enemies":"4 Shapes","floor":45,"turns":3},{"damage":62,"enemies":"Transient","floor":47,"turns":5},{"damage":47,"enemies":"Awakened One","floor":50,"turns":5}],"seed_played":"-5315035379997390071","potions_obtained":[{"floor":5,"key":"Poison Potion"},{"floor":7,"key":"Weak Potion"},{"floor":11,"key":"AttackPotion"},{"floor":12,"key":"Weak Potion"},{"floor":18,"key":"GhostInAJar"},{"floor":24,"key":"Weak Potion"},{"floor":25,"key":"SteroidPotion"},{"floor":28,"key":"Swift Potion"},{"floor":31,"key":"AttackPotion"},{"floor":33,"key":"LiquidBronze"},{"floor":35,"key":"Poison Potion"},{"floor":36,"key":"Dexterity Potion"},{"floor":38,"key":"Fruit Juice"},{"floor":40,"key":"Energy Potion"},{"floor":42,"key":"PowerPotion"},{"floor":44,"key":"Explosive Potion"},{"floor":45,"key":"Poison Potion"},{"floor":47,"key":"Ancient Potion"}],"is_trial":false,"path_per_floor":["M","M","M","?","M","R","E","$","T","R","?","M","E","M","R","B",null,"M","?","M","$","?","R","M","E","T","R","E","$","M","M","R","B",null,"M","?","?","M","$","E","R","M","T","M","M","R","M","T","R"],"character_chosen":"THE_SILENT","items_purchased":["Regal Pillow","Potion Belt","Footwork"],"campfire_rested":9,"item_purchase_floors":[8,21,29],"current_hp_per_floor":[63,63,63,49,30,51,18,18,18,56,51,40,28,21,59,21,77,53,53,35,35,35,73,66,30,30,68,32,32,29,29,67,2,77,71,52,52,41,46,19,58,19,19,19,8,47,8,8,47,0],"gold":318,"neow_bonus":"BOSS_RELIC","is_prod":false,"is_daily":false,"chose_seed":false,"campfire_upgraded":0,"win_rate":0,"timestamp":1533300536,"path_taken":["M","M","M","?","?","R","E","?","T","R","?","M","E","M","R","BOSS","M","?","M","$","?","R","M","E","T","R","E","?","M","M","R","BOSS","M","?","?","?","?","E","R","M","T","?","?","R","M","?","R","BOSS"],"build_version":"2018-08-02","purchased_purges":0,"victory":false,"max_hp_per_floor":[70,70,70,70,70,70,77,77,77,77,77,77,77,77,77,77,77,77,77,77,77,77,77,77,77,77,77,77,77,77,77,77,77,77,77,77,77,77,82,82,82,82,82,82,82,82,82,82,82,82],"card_choices":[{"not_picked":["Underhanded Strike"],"picked":"SKIP","floor":1},{"not_picked":[],"picked":"Accuracy","floor":2},{"not_picked":["Deadly Poison"],"picked":"SKIP","floor":3},{"not_picked":[],"picked":"Escape Plan","floor":5},{"not_picked":[],"picked":"Slice","floor":7},{"not_picked":[],"picked":"Flying Knee","floor":11},{"not_picked":[],"picked":"Quick Slash","floor":12},{"not_picked":[],"picked":"Quick Slash","floor":13},{"not_picked":[],"picked":"Blade Dance","floor":14},{"not_picked":[],"picked":"Venomology","floor":16},{"not_picked":[],"picked":"Finisher","floor":18},{"not_picked":[],"picked":"Blade Dance+1","floor":20},{"not_picked":["Concentrate+1"],"picked":"SKIP","floor":24},{"not_picked":[],"picked":"Choke","floor":25},{"not_picked":["Eviscerate"],"picked":"SKIP","floor":28},{"not_picked":["Dash"],"picked":"SKIP","floor":30},{"not_picked":["Dagger Throw"],"picked":"SKIP","floor":31},{"not_picked":[],"picked":"Cloak And Dagger+1","floor":35},{"not_picked":[],"picked":"Blur+1","floor":38},{"not_picked":[],"picked":"PiercingWail+1","floor":40},{"not_picked":[],"picked":"Deflect+1","floor":42},{"not_picked":[],"picked":"Cloak And Dagger+1","floor":44},{"not_picked":["Deadly Poison+1"],"picked":"SKIP","floor":45},{"not_picked":[],"picked":"PiercingWail+1","floor":47}],"player_experience":233230,"relics_obtained":[{"floor":7,"key":"Strawberry"},{"floor":9,"key":"Pen Nib"},{"floor":11,"key":"Odd Mushroom"},{"floor":13,"key":"Ancient Tea Set"},{"floor":25,"key":"Whetstone"},{"floor":26,"key":"Lantern"},{"floor":28,"key":"Boot"},{"floor":36,"key":"The Specimen"},{"floor":40,"key":"Happy Flower"},{"floor":43,"key":"Molten Egg 2"},{"floor":48,"key":"Toxic Egg 2"}],"event_choices":[{"event_name":"Shining Light","player_choice":"Entered Light","floor":4,"damage_taken":0},{"event_name":"Mushrooms","player_choice":"Fought Mushrooms","floor":11,"damage_taken":0},{"event_name":"Drug Dealer","player_choice":"Got JAXXED","floor":19,"damage_taken":0},{"event_name":"Vampires","player_choice":"Ignored","floor":22,"damage_taken":0},{"event_name":"MindBloom","player_choice":"Fight","floor":36,"damage_taken":0},{"event_name":"Duplicator","player_choice":"One dupe","floor":37,"damage_taken":0}],"is_beta":false,"boss_relics":[{"not_picked":["Runic Pyramid","Philosopher\u0027s Stone"],"picked":"White Beast Statue"},{"not_picked":["Lizard Tail","Empty Cage"],"picked":"Astrolabe"}],"items_purged_floors":[],"is_endless":false,"potions_floor_spawned":[5,7,11,12,18,20,24,25,28,30,31,33,35,36,38,40,42,44,45,47],"killed_by":"Awakened One","ascension_level":3}