{"gold_per_floor":[118,118,129,142,142,142,152,152,177,190,190,190,203,213,213,317,367,382,392,392,140,152,152,181,181,181,193,210,210,221,69,69,164,164,182,182,202,109,123,123],"floor_reached":40,"playtime":1993,"items_purged":[],"score":429,"play_id":"e70bf30f-127f-494f-8314-7f007cc41c51","local_time":"20180724031620","is_ascension_mode":false,"campfire_choices":[{"floor":6,"key":"REST"},{"floor":8,"key":"REST"},{"data":"Defragment","floor":12,"key":"SMITH"},{"floor":15,"key":"REST"},{"floor":23,"key":"REST"},{"floor":29,"key":"REST"},{"floor":32,"key":"REST"}],"neow_cost":"NONE","seed_source_timestamp":545684327437320,"circlet_count":0,"master_deck":["Strike_B","Strike_B+1","Strike_B","Strike_B+1","Defend_B","Defend_B","Defend_B","Defend_B","Zap","Dualcast","Defragment+1","Static Discharge","Coolheaded","Hologram","Turbo","Go for the Eyes+1","Creative AI","Electrodynamics","Genetic Algorithm","Hologram+1","Reinforced Body","Storm","Stack","Conserve Battery+1","Machine Learning","Storm+1","Glacier+1","Undo+1","Capacitor","Hologram+1","Turbo+1","Thunder Strike","Redo+1","Madness+1","Madness+1","Conserve Battery+1","Madness+1","Redo+1"],"relics":["FrozenCore","Boot","Anchor","Mercury Hourglass","Tiny House","Whetstone","Pantograph","Toxic Egg 2"],"potions_floor_usage":[16,16,19,20,24,30,30,33,40,40],"damage_taken":[{"damage":1,"enemies":"Jaw Worm","floor":1,"turns":4},{"damage":14,"enemies":"2 Louse","floor":3,"turns":2},{"damage":8,"enemies":"Small Slimes","floor":4,"turns":3},{"damage":15,"enemies":"Exordium Wildlife","floor":7,"turns":3},{"damage":8,"enemies":"2 Fungi Beasts","floor":10,"turns":3},{"damage":3,"enemies":"Blue Slaver","floor":13,"turns":3},{"damage":10,"enemies":"Exordium Thugs","floor":14,"turns":3},{"damage":31,"enemies":"Hexaghost","floor":16,"turns":9},{"damage":9,"enemies":"Chosen","floor":18,"turns":4},{"damage":11,"enemies":"Spheric Guardian","floor":19,"turns":3},{"damage":12,"enemies":"Snecko","floor":20,"turns":4},{"damage":4,"enemies":"Cultist and Chosen","floor":22,"turns":4},{"damage":15,"enemies":"Gremlin Leader","floor":24,"turns":6},{"damage":15,"enemies":"Slaver and Parasite","floor":27,"turns":5},{"damage":17,"enemies":"Chosen and Byrds","floor":28,"turns":5},{"damage":5,"enemies":"Centurion and Healer","floor":30,"turns":6},{"damage":34,"enemies":"Champ","floor":33,"turns":12},{"damage":5,"enemies":"Orb Walker","floor":35,"turns":4},{"damage":19,"enemies":"Flame Bruiser 1 Orb","floor":37,"turns":6},{"damage":31,"enemies":"Spire Growth","floor":39,"turns":7},{"damage":17,"enemies":"2 Orb Walkers","floor":40,"turns":3}],"seed_played":"-7079561023950324725","potions_obtained":[{"floor":3,"key":"FocusPotion"},{"floor":17,"key":"SmokeBomb"},{"floor":18,"key":"Energy Potion"},{"floor":24,"key":"SteroidPotion"},{"floor":27,"key":"Weak Potion"},{"floor":28,"key":"Energy Potion"},{"floor":30,"key":"Poison Potion"},{"floor":37,"key":"Ancient Potion"},{"floor":39,"key":"PowerPotion"}],"is_trial":false,"path_per_floor":["M","?","M","M","?","R","M","R","T","M","T","R","M","M","R","B",null,"M","M","M","$","M","R","E","?","T","M","M","R","M","$","R","B",null,"M","?","M","$","M"],"character_chosen":"DEFECT","items_purchased":["Storm","Stack","Whetstone","Capacitor","Hologram+1","Turbo+1","Madness+1"],"campfire_rested":6,"item_purchase_floors":[21,21,21,31,31,31,38],"current_hp_per_floor":[74,74,60,52,40,62,47,69,69,61,61,61,58,48,70,39,80,71,60,48,48,44,68,53,53,53,38,21,45,40,40,64,46,80,75,65,46,46,15,0],"gold":123,"neow_bonus":"THREE_SMALL_POTIONS","is_prod":false,"is_daily":false,"chose_seed":false,"campfire_upgraded":1,"win_rate":0,"timestamp":1532373380,"path_taken":["M","?","M","M","?","R","M","R","T","M","?","R","M","?","R","BOSS","M","M","M","$","M","R","E","?","T","M","?","R","M","?","R","BOSS","M","?","M","$","?","E"],"build_version":"2018-07-19v2","purchased_purges":0,"victory":false,"max_hp_per_floor":[75,75,75,75,75,75,75,75,75,75,75,75,75,75,75,75,80,80,80,80,80,80,80,80,80,80,80,80,80,80,80,80,80,80,80,80,80,80,80,80],"card_choices":[{"not_picked":["Stack","Turbo"],"picked":"Defragment","floor":1},{"not_picked":["Conserve Battery","Ball Lightning"],"picked":"Static Discharge","floor":3},{"not_picked":["Ball Lightning","Consume"],"picked":"Coolheaded","floor":4},{"not_picked":["Gash","Sweeping Beam"],"picked":"Hologram","floor":7},{"not_picked":["Steam","Streamline"],"picked":"Turbo","floor":10},{"not_picked":["Gash","Scrape"],"picked":"Go for the Eyes","floor":13},{"not_picked":["Redo","White Noise"],"picked":"Creative AI","floor":14},{"not_picked":["Multi-Cast","Meteor Strike"],"picked":"Electrodynamics","floor":16},{"not_picked":["Doom and Gloom","Redo"],"picked":"Genetic Algorithm","floor":17},{"not_picked":["Rip and Tear+1","Leap"],"picked":"Hologram+1","floor":18},{"not_picked":["Chill","Leap"],"picked":"Reinforced Body","floor":19},{"not_picked":["Rip and Tear","Leap"],"picked":"Conserve Battery+1","floor":22},{"not_picked":["White Noise","Turbo"],"picked":"Machine Learning","floor":24},{"not_picked":["Cold Snap","Coolheaded+1"],"picked":"Storm+1","floor":27},{"not_picked":["Sweeping Beam","Scrape"],"picked":"Glacier+1","floor":28},{"not_picked":["Go for the Eyes","Sunder"],"picked":"Undo+1","floor":30},{"not_picked":["Buffer","Multi-Cast+1"],"picked":"Thunder Strike","floor":33},{"not_picked":["Barrage","Steam+1"],"picked":"Redo+1","floor":35},{"not_picked":["Stack+1","Coolheaded+1"],"picked":"Conserve Battery+1","floor":37},{"not_picked":["Scrape","Rebound"],"picked":"Redo+1","floor":39}],"player_experience":155434,"relics_obtained":[{"floor":9,"key":"Anchor"},{"floor":11,"key":"Mercury Hourglass"},{"floor":24,"key":"Pantograph"},{"floor":26,"key":"Toxic Egg 2"}],"event_choices":[{"event_name":"Liars Game","player_choice":"disagreed","floor":2,"damage_taken":0},{"event_name":"Scrap Ooze","player_choice":"success","floor":5,"damage_taken":12},{"event_name":"Ghosts","player_choice":"Ignored","floor":25,"damage_taken":0},{"event_name":"Winding Halls","player_choice":"Embrace Madness","floor":36,"damage_taken":0}],"is_beta":false,"boss_relics":[{"not_picked":["Eternal Feather","Empty Cage"],"picked":"Tiny House"},{"not_picked":["Cursed Key","Busted Crown"],"picked":"FrozenCore"}],"items_purged_floors":[],"is_endless":false,"potions_floor_spawned":[3,4,14,18,24,27,28,30,37,39],"killed_by":"2 Orb Walkers","ascension_level":0}