{"gold_per_floor":[115,115,85,102,27,52,2,13,313,313],"floor_reached":10,"playtime":1047,"items_purged":["Strike_B"],"score":116,"play_id":"4a3039b7-01eb-42ac-a528-772a69b4692d","local_time":"20190413153330","is_ascension_mode":true,"campfire_choices":[],"neow_cost":"NONE","seed_source_timestamp":309908055121734,"circlet_count":0,"master_deck":["AscendersBane","Strike_B","Strike_B","Strike_B","Defend_B","Defend_B","Defend_B","Defend_B","Zap","Dualcast","Cold Snap","Chill","Seek","Coolheaded","Cold Snap"],"relics":["Cracked Core","Question Card","Ornamental Fan","Old Coin"],"potions_floor_usage":[4,6],"damage_taken":[{"damage":7,"enemies":"Small Slimes","floor":1,"turns":3},{"damage":0,"enemies":"Cultist","floor":4,"turns":4},{"damage":46,"enemies":"Gremlin Nob","floor":6,"turns":7},{"damage":1,"enemies":"2 Louse","floor":8,"turns":3},{"damage":18,"enemies":"Lagavulin","floor":10,"turns":8}],"seed_played":"-2407586164257144183","potions_obtained":[{"floor":1,"key":"Regen Potion"},{"floor":3,"key":"GamblersBrew"},{"floor":6,"key":"Swift Potion"}],"is_trial":false,"path_per_floor":["M","?","?","M","$","E","$","M","T","E"],"character_chosen":"DEFECT","items_purchased":["Coolheaded"],"campfire_rested":0,"item_purchase_floors":[7],"current_hp_per_floor":[64,53,53,65,65,19,19,18,18,0],"gold":313,"neow_bonus":"TEN_PERCENT_HP_BONUS","is_prod":false,"is_daily":false,"chose_seed":false,"campfire_upgraded":0,"win_rate":0,"timestamp":1555184010,"path_taken":["M","?","?","?","$","E","$","M","T","E"],"build_version":"2019-01-23","purchased_purges":1,"victory":false,"max_hp_per_floor":[78,78,78,78,78,78,78,78,78,78],"card_choices":[{"not_picked":["Consume","Barrage"],"picked":"Cold Snap","floor":1},{"not_picked":["Scrape","Go for the Eyes","Beam Cell"],"picked":"Chill","floor":4},{"not_picked":["Ball Lightning","Rebound","Reprogram"],"picked":"Seek","floor":6},{"not_picked":["Skim","Hello World","Double Energy"],"picked":"Cold Snap","floor":8}],"player_experience":1347902,"relics_obtained":[{"floor":6,"key":"Ornamental Fan"},{"floor":9,"key":"Old Coin"}],"event_choices":[{"damage_healed":0,"gold_gain":0,"player_choice":"Success","damage_taken":11,"relics_obtained":["Question Card"],"max_hp_gain":0,"max_hp_loss":0,"event_name":"Scrap Ooze","floor":2,"gold_loss":0},{"damage_healed":0,"gold_gain":0,"player_choice":"Bought 2 Potions","damage_taken":0,"max_hp_gain":0,"max_hp_loss":0,"event_name":"The Woman in Blue","floor":3,"gold_loss":0}],"is_beta":false,"boss_relics":[],"items_purged_floors":[5],"is_endless":false,"potions_floor_spawned":[1,6],"killed_by":"Lagavulin","ascension_level":15}