{"gold_per_floor":[112,112,112,124,136,136,152,181,227,238,253,253,253,264,264,362,362,377,400,410,430,48,48,61,76,76,76,86,86,111,123,123,219,269,288,305,305,305,305],"floor_reached":39,"playtime":2589,"items_purged":[],"score":509,"play_id":"90ce7c46-8e46-439a-aad0-89b5951d1939","local_time":"20180806014345","is_ascension_mode":true,"campfire_choices":[{"data":"Accuracy","floor":6,"key":"SMITH"},{"floor":15,"key":"REST"},{"floor":23,"key":"REST"},{"floor":27,"key":"REST"},{"data":"Cloak And Dagger","floor":29,"key":"SMITH"},{"floor":32,"key":"REST"}],"neow_cost":"NONE","seed_source_timestamp":369971865792089,"circlet_count":0,"master_deck":["Defend_G","Defend_G","Defend_G","Defend_G","Strike_G+1","Strike_G","Strike_G+1","Strike_G","Survivor+1","Neutralize","Accuracy+1","Neutralize","Unload+1","Dash","Deflect","Finisher+1","Backflip","Blade Dance+1","Concentrate","Dagger Spray+1","Unload+1","Blade Dance+1","Sucker Punch+1","Blade Dance+1","Dagger Spray+1","Finisher+1","All Out Attack+1","Cloak And Dagger+1","Quick Slash+1","Corpse Explosion","Unload+1","Endless Agony+1","Poisoned Stab+1","Backflip+1"],"relics":["Ring of the Snake","Molten Egg 2","Bronze Scales","Black Star","Snake Skull","Ice Cream","Meat on the Bone","Whetstone","War Paint","Tiny House"],"potions_floor_usage":[8,16,30,31,33,33,35,39],"damage_taken":[{"damage":0,"enemies":"2 Louse","floor":1,"turns":3},{"damage":7,"enemies":"Cultist","floor":4,"turns":4},{"damage":1,"enemies":"Jaw Worm","floor":5,"turns":3},{"damage":1,"enemies":"Large Slime","floor":7,"turns":6},{"damage":31,"enemies":"Lagavulin","floor":8,"turns":8},{"damage":0,"enemies":"Exordium Thugs","floor":10,"turns":4},{"damage":0,"enemies":"3 Louse","floor":11,"turns":3},{"damage":0,"enemies":"Red Slaver","floor":14,"turns":2},{"damage":51,"enemies":"The Guardian","floor":16,"turns":12},{"damage":10,"enemies":"Spheric Guardian","floor":18,"turns":4},{"damage":1,"enemies":"3 Byrds","floor":20,"turns":4},{"damage":18,"enemies":"Centurion and Healer","floor":21,"turns":9},{"damage":0,"enemies":"3 Cultists","floor":24,"turns":3},{"damage":27,"enemies":"Snake Plant","floor":25,"turns":4},{"damage":18,"enemies":"Centurion and Healer","floor":28,"turns":7},{"damage":43,"enemies":"Gremlin Leader","floor":30,"turns":8},{"damage":0,"enemies":"Sentry and Sphere","floor":31,"turns":3},{"damage":74,"enemies":"Collector","floor":33,"turns":10},{"damage":12,"enemies":"Flame Bruiser 1 Orb","floor":35,"turns":5},{"damage":30,"enemies":"3 Shapes","floor":36,"turns":4},{"damage":39,"enemies":"Transient","floor":39,"turns":5}],"seed_played":"1816768883774391558","potions_obtained":[{"floor":1,"key":"GhostInAJar"},{"floor":2,"key":"LiquidBronze"},{"floor":2,"key":"Ancient Potion"},{"floor":2,"key":"FairyPotion"},{"floor":10,"key":"Regen Potion"},{"floor":21,"key":"SteroidPotion"},{"floor":30,"key":"Swift Potion"},{"floor":31,"key":"AttackPotion"},{"floor":34,"key":"Fire Potion"},{"floor":35,"key":"SpeedPotion"}],"is_trial":false,"path_per_floor":["M","?","?","M","M","R","M","E","T","M","M","?","?","M","R","B",null,"M","T","M","M","$","R","M","M","T","R","M","R","E","M","R","B",null,"M","M","?","?"],"character_chosen":"THE_SILENT","items_purchased":["Ice Cream","Blade Dance","Dagger Spray+1"],"campfire_rested":4,"item_purchase_floors":[22,22,22],"current_hp_per_floor":[77,77,77,70,69,69,68,37,37,37,37,37,37,37,60,24,64,54,54,53,35,35,58,58,31,31,54,48,48,17,29,52,14,66,54,36,36,36,0],"gold":305,"neow_bonus":"TEN_PERCENT_HP_BONUS","is_prod":false,"is_daily":false,"chose_seed":false,"campfire_upgraded":2,"win_rate":0,"timestamp":1533545025,"path_taken":["M","?","?","M","M","R","?","E","T","?","M","?","?","M","R","BOSS","M","?","M","?","$","R","M","M","T","R","M","R","E","M","R","BOSS","M","M","?","?","M"],"build_version":"2018-08-02","purchased_purges":0,"victory":false,"max_hp_per_floor":[77,77,77,77,77,77,77,77,77,77,77,77,77,77,77,77,77,77,77,77,77,77,77,77,77,77,77,77,77,77,77,77,77,82,82,82,82,82,82],"card_choices":[{"not_picked":["Sucker Punch","Blade Dance"],"picked":"Accuracy","floor":1},{"not_picked":["Bane","Prepared"],"picked":"Dash","floor":4},{"not_picked":["Flying Knee","Acrobatics"],"picked":"Deflect","floor":5},{"not_picked":["Choke","Tools of the Trade","Bane"],"picked":"SKIP","floor":7},{"not_picked":["Flying Knee","Underhanded Strike"],"picked":"Finisher","floor":8},{"not_picked":["All Out Attack+1","Skewer+1"],"picked":"Backflip","floor":10},{"not_picked":["Dagger Spray+1","Bouncing Flask"],"picked":"Blade Dance","floor":11},{"not_picked":["Backflip","Die Die Die+1"],"picked":"Dagger Spray+1","floor":14},{"not_picked":["Venomology","Bullet Time"],"picked":"Unload+1","floor":16},{"not_picked":["Distraction","Leg Sweep"],"picked":"Blade Dance+1","floor":18},{"not_picked":["Acrobatics","Crippling Poison","Concentrate"],"picked":"SKIP","floor":20},{"not_picked":["Prepared+1","Endless Agony+1"],"picked":"Sucker Punch+1","floor":21},{"not_picked":["Quick Slash+1","Acrobatics+1"],"picked":"Finisher+1","floor":24},{"not_picked":["Flying Knee+1","Acrobatics"],"picked":"All Out Attack+1","floor":25},{"not_picked":["Slice+1","Dagger Throw+1"],"picked":"Cloak And Dagger","floor":28},{"not_picked":["Backflip","Underhanded Strike+1"],"picked":"Quick Slash+1","floor":30},{"not_picked":["Dagger Throw+1","Bane+1"],"picked":"Corpse Explosion","floor":31},{"not_picked":["Wraith Form v2","Doppelganger"],"picked":"Unload+1","floor":33},{"not_picked":["Predator+1","Outmaneuver"],"picked":"Endless Agony+1","floor":34},{"not_picked":["Dagger Spray+1","Underhanded Strike+1"],"picked":"Poisoned Stab+1","floor":35},{"not_picked":["Deadly Poison+1","Predator+1"],"picked":"Backflip+1","floor":36}],"player_experience":254252,"relics_obtained":[{"floor":8,"key":"Molten Egg 2"},{"floor":9,"key":"Bronze Scales"},{"floor":19,"key":"Snake Skull"},{"floor":26,"key":"Meat on the Bone"},{"floor":30,"key":"Whetstone"},{"floor":30,"key":"War Paint"}],"event_choices":[{"event_name":"The Lab","player_choice":"Got Potions","floor":2,"damage_taken":0},{"event_name":"Match and Keep!","player_choice":"2 cards matched","floor":3,"damage_taken":0},{"event_name":"The Woman in Blue","player_choice":"Bought 0 Potions","floor":12,"damage_taken":0},{"event_name":"Transmorgrifier","player_choice":"Transform","floor":13,"damage_taken":0},{"event_name":"Upgrade Shrine","player_choice":"Upgraded","floor":37,"damage_taken":0},{"event_name":"Falling","player_choice":"Removed Skill","floor":38,"damage_taken":0}],"is_beta":false,"boss_relics":[{"not_picked":["Sozu","Runic Pyramid"],"picked":"Black Star"},{"not_picked":["Snecko Eye","Runic Dome"],"picked":"Tiny House"}],"items_purged_floors":[],"is_endless":false,"potions_floor_spawned":[1,5,10,21,25,28,30,31,35],"killed_by":"Transient","ascension_level":5}