{"gold_per_floor":[113,113,137,153,173,216,216,195,195,195],"floor_reached":10,"playtime":407,"items_purged":[],"score":68,"play_id":"6d0c2dd6-8d55-467c-9251-d31b0b4a2d32","local_time":"20180721085846","is_ascension_mode":false,"campfire_choices":[],"neow_cost":"NONE","seed_source_timestamp":322040299225169,"circlet_count":0,"master_deck":["Strike_R","Strike_R","Strike_R","Strike_R","Strike_R","Defend_R","Defend_R","Defend_R","Defend_R","Bash","Hemokinesis","Injury","Iron Wave","Seeing Red","Heavy Blade","Iron Wave"],"relics":["Mark of Pain","Golden Idol","Anchor","Dream Catcher","Meat on the Bone"],"potions_floor_usage":[6,10],"damage_taken":[{"damage":2,"enemies":"2 Louse","floor":1,"turns":3},{"damage":4,"enemies":"Jaw Worm","floor":3,"turns":2},{"damage":3,"enemies":"Cultist","floor":4,"turns":2},{"damage":25,"enemies":"Exordium Thugs","floor":5,"turns":5},{"damage":23,"enemies":"3 Sentries","floor":6,"turns":7},{"damage":37,"enemies":"Lagavulin","floor":10,"turns":5}],"seed_played":"4107667072979089882","potions_obtained":[{"floor":1,"key":"Fire Potion"},{"floor":6,"key":"LiquidBronze"}],"is_trial":false,"path_per_floor":["M","?","M","M","M","E","T","?","T"],"character_chosen":"IRONCLAD","items_purchased":[],"campfire_rested":0,"item_purchase_floors":[],"current_hp_per_floor":[78,78,74,71,46,23,23,23,23,0],"gold":195,"neow_bonus":"BOSS_RELIC","is_prod":false,"is_daily":false,"chose_seed":false,"campfire_upgraded":0,"win_rate":0,"timestamp":1532188726,"path_taken":["M","?","?","M","M","E","?","?","T","E"],"build_version":"2018-07-19v2","purchased_purges":0,"victory":false,"max_hp_per_floor":[80,80,80,80,80,80,80,80,80,80],"card_choices":[{"not_picked":["Sword Boomerang","Anger"],"picked":"Hemokinesis","floor":1},{"not_picked":["Infernal Blade","Shrug It Off"],"picked":"Iron Wave","floor":3},{"not_picked":["True Grit","Perfected Strike"],"picked":"Seeing Red","floor":4},{"not_picked":["Ghostly Armor","Pommel Strike"],"picked":"Heavy Blade","floor":5},{"not_picked":["Clash","Impervious"],"picked":"Iron Wave","floor":6}],"player_experience":118193,"relics_obtained":[{"floor":6,"key":"Anchor"},{"floor":7,"key":"Dream Catcher"},{"floor":9,"key":"Meat on the Bone"}],"event_choices":[{"event_name":"Golden Idol","player_choice":"Take Wound","floor":2,"damage_taken":0},{"event_name":"World of Goop","player_choice":"Left","floor":8,"damage_taken":0}],"is_beta":false,"boss_relics":[],"items_purged_floors":[],"is_endless":false,"potions_floor_spawned":[1,6],"killed_by":"Lagavulin","ascension_level":0}