{"gold_per_floor":[16,91,104,119,129,154,154,154,203,216,216,227,244,279,279,381,381,398,253,303,74,92,92,109,135,135,135],"floor_reached":27,"playtime":1201,"items_purged":["Parasite"],"score":380,"play_id":"e6a45d76-4448-4232-8f51-7d1dce8e4e61","local_time":"20190405155510","is_ascension_mode":true,"campfire_choices":[{"data":"Sunder","floor":7,"key":"SMITH"},{"data":"Coolheaded","floor":11,"key":"SMITH"},{"floor":15,"key":"REST"},{"data":"Capacitor","floor":23,"key":"SMITH"}],"neow_cost":"NO_GOLD","seed_source_timestamp":1430979069803484,"circlet_count":0,"master_deck":["AscendersBane","Strike_B","Strike_B","Strike_B","Strike_B","Defend_B","Defend_B","Defend_B","Defend_B","Zap","Dualcast","Sweeping Beam","Sunder+1","FTL","Coolheaded+1","Seek","Compile Driver","Rip and Tear","Leap","Tempest","Echo Form","Storm","Capacitor+1","BootSequence","Aggregate","Go for the Eyes","Turbo+1"],"relics":["Cracked Core","Letter Opener","Happy Flower","Bag of Marbles","Nuclear Battery","Potion Belt","Ornamental Fan"],"potions_floor_usage":[6,14,16,22,22,24],"damage_taken":[{"damage":0,"enemies":"Small Slimes","floor":1,"turns":2},{"damage":4,"enemies":"Jaw Worm","floor":3,"turns":3},{"damage":1,"enemies":"Cultist","floor":4,"turns":3},{"damage":4,"enemies":"Red Slaver","floor":5,"turns":3},{"damage":36,"enemies":"Gremlin Nob","floor":6,"turns":5},{"damage":2,"enemies":"3 Louse","floor":10,"turns":2},{"damage":1,"enemies":"2 Fungi Beasts","floor":12,"turns":2},{"damage":0,"enemies":"Exordium Wildlife","floor":13,"turns":1},{"damage":31,"enemies":"Lagavulin","floor":14,"turns":4},{"damage":27,"enemies":"The Guardian","floor":16,"turns":10},{"damage":14,"enemies":"2 Thieves","floor":18,"turns":3},{"damage":14,"enemies":"Shell Parasite","floor":22,"turns":4},{"damage":0,"enemies":"Cultist and Chosen","floor":24,"turns":4},{"damage":23,"enemies":"Slavers","floor":25,"turns":4},{"damage":23,"enemies":"Book of Stabbing","floor":27,"turns":4}],"seed_played":"-6546521995983286309","potions_obtained":[{"floor":5,"key":"Fire Potion"},{"floor":6,"key":"FearPotion"},{"floor":12,"key":"Swift Potion"},{"floor":14,"key":"FearPotion"},{"floor":16,"key":"AttackPotion"},{"floor":22,"key":"LiquidBronze"}],"is_trial":false,"path_per_floor":["M","?","M","M","M","E","R","?","T","M","R","M","M","E","R","B",null,"M","$","?","$","M","R","M","E","T","E"],"character_chosen":"DEFECT","items_purchased":["Capacitor","BootSequence","Potion Belt"],"campfire_rested":1,"item_purchase_floors":[19,21,21],"current_hp_per_floor":[82,71,67,66,62,26,26,48,48,46,46,45,45,14,40,13,70,56,56,56,56,42,42,42,19,19,0],"gold":135,"neow_bonus":"TWENTY_PERCENT_HP_BONUS","is_prod":false,"is_daily":false,"chose_seed":false,"campfire_upgraded":3,"win_rate":0,"timestamp":1554494110,"path_taken":["M","?","M","M","M","E","R","?","T","M","R","M","M","E","R","BOSS","M","$","?","?","M","R","?","E","T","E"],"build_version":"2019-01-23","purchased_purges":1,"victory":false,"max_hp_per_floor":[89,89,89,89,89,89,89,89,89,89,89,89,89,89,89,89,89,89,86,86,86,86,86,86,86,86,86],"card_choices":[{"not_picked":["Leap","Barrage"],"picked":"Sweeping Beam","floor":1},{"not_picked":["Stack","Ball Lightning"],"picked":"Sunder","floor":3},{"not_picked":["Consume","Beam Cell"],"picked":"FTL","floor":4},{"not_picked":["Static Discharge","Barrage"],"picked":"Coolheaded","floor":5},{"not_picked":["FTL","Steam"],"picked":"Seek","floor":6},{"not_picked":["Steam","Rip and Tear"],"picked":"Compile Driver","floor":10},{"not_picked":["Doom and Gloom","Gash"],"picked":"Rip and Tear","floor":12},{"not_picked":["Hologram","Double Energy"],"picked":"Leap","floor":13},{"not_picked":["Redo","Darkness"],"picked":"Tempest","floor":14},{"not_picked":["Fission","Creative AI"],"picked":"Echo Form","floor":16},{"not_picked":["Redo","Aggregate"],"picked":"Storm","floor":18},{"not_picked":["Hello World+1","Coolheaded"],"picked":"Aggregate","floor":22},{"not_picked":["Steam","Lockon"],"picked":"Go for the Eyes","floor":24},{"not_picked":["Gash+1","Hologram"],"picked":"Turbo+1","floor":25}],"player_experience":1288395,"relics_obtained":[{"floor":6,"key":"Letter Opener"},{"floor":9,"key":"Happy Flower"},{"floor":14,"key":"Bag of Marbles"},{"floor":25,"key":"Ornamental Fan"}],"event_choices":[{"damage_healed":0,"gold_gain":75,"player_choice":"Gather Gold","damage_taken":11,"max_hp_gain":0,"max_hp_loss":0,"event_name":"World of Goop","floor":2,"gold_loss":0},{"damage_healed":22,"gold_gain":0,"player_choice":"Healed and dodged fight","damage_taken":0,"max_hp_gain":0,"max_hp_loss":0,"event_name":"Mushrooms","floor":8,"gold_loss":0,"cards_obtained":["Parasite"]},{"damage_healed":0,"gold_gain":100,"player_choice":"Bet on Murderer","damage_taken":0,"max_hp_gain":0,"max_hp_loss":0,"event_name":"The Joust","floor":20,"gold_loss":50}],"is_beta":false,"boss_relics":[{"not_picked":["Velvet Choker","Pandora\u0027s Box"],"picked":"Nuclear Battery"}],"items_purged_floors":[19],"is_endless":false,"potions_floor_spawned":[5,6,12,14,16,22],"killed_by":"Book of Stabbing","ascension_level":11}