{"gold_per_floor":[111,126,145,145,145,178,191,191,272,232,253,287,287,19,19,19],"floor_reached":16,"playtime":839,"items_purged":[],"score":220,"play_id":"59765166-7480-4f1d-bade-1676b01988ad","local_time":"20190602105938","is_ascension_mode":true,"campfire_choices":[{"floor":8,"key":"REST"},{"data":"Noxious Fumes","floor":15,"key":"SMITH"}],"neow_cost":"PERCENT_DAMAGE","seed_source_timestamp":86444836402897,"circlet_count":0,"master_deck":["AscendersBane","Defend_G","Defend_G","Defend_G","Defend_G","Defend_G","Strike_G","Strike_G","Strike_G","Strike_G","Survivor","Neutralize","Dagger Throw","Crippling Poison","Predator","Crippling Poison","Backflip","Noxious Fumes+1","Parasite","Footwork"],"relics":["Ring of the Snake","The Specimen","Golden Idol","Ice Cream","Meat on the Bone","Dream Catcher","Membership Card"],"potions_floor_usage":[6,16],"damage_taken":[{"damage":2,"enemies":"Jaw Worm","floor":1,"turns":6},{"damage":1,"enemies":"Small Slimes","floor":2,"turns":4},{"damage":0,"enemies":"Cultist","floor":3,"turns":4},{"damage":28,"enemies":"Gremlin Nob","floor":6,"turns":5},{"damage":10,"enemies":"Blue Slaver","floor":7,"turns":4},{"damage":1,"enemies":"Looter","floor":10,"turns":4},{"damage":21,"enemies":"Exordium Thugs","floor":11,"turns":6},{"damage":22,"enemies":"Lagavulin","floor":12,"turns":9},{"damage":30,"enemies":"Hexaghost","floor":16,"turns":9}],"seed_played":"6512419751153641875","potions_obtained":[{"floor":1,"key":"Block Potion"},{"floor":3,"key":"LiquidBronze"},{"floor":7,"key":"Weak Potion"}],"is_trial":false,"path_per_floor":["M","M","M","?","?","E","M","R","T","M","M","E","?","$","R","B"],"character_chosen":"THE_SILENT","items_purchased":["Membership Card","Footwork"],"campfire_rested":1,"item_purchase_floors":[14,14],"current_hp_per_floor":[42,41,41,41,41,13,3,21,21,32,23,13,28,28,28,0],"gold":19,"neow_bonus":"ONE_RARE_RELIC","is_prod":false,"is_daily":false,"chose_seed":false,"campfire_upgraded":1,"win_rate":0,"timestamp":1559487578,"path_taken":["M","M","M","?","?","E","?","R","T","M","M","E","?","$","R","BOSS"],"build_version":"2019-01-23","purchased_purges":0,"victory":false,"max_hp_per_floor":[66,66,66,60,60,60,60,60,60,60,60,60,60,60,60,60],"card_choices":[{"not_picked":["Backflip","Flechettes"],"picked":"Dagger Throw","floor":1},{"not_picked":["Prepared","Masterful Stab"],"picked":"Crippling Poison","floor":2},{"not_picked":["Cloak And Dagger","Slice"],"picked":"Predator","floor":3},{"not_picked":["Underhanded Strike","Acrobatics"],"picked":"Crippling Poison","floor":6},{"not_picked":["Accuracy","Riddle With Holes","Dagger Throw"],"picked":"SKIP","floor":7},{"not_picked":["Accuracy","Deflect"],"picked":"Backflip","floor":10},{"not_picked":["Blade Dance","Dodge and Roll","Bane"],"picked":"SKIP","floor":11},{"not_picked":["Caltrops","Bouncing Flask"],"picked":"Noxious Fumes","floor":12}],"player_experience":1361866,"relics_obtained":[{"floor":6,"key":"Ice Cream"},{"floor":9,"key":"Meat on the Bone"},{"floor":12,"key":"Dream Catcher"}],"event_choices":[{"damage_healed":0,"gold_gain":0,"player_choice":"Lose Max HP","damage_taken":0,"relics_obtained":["Golden Idol"],"max_hp_gain":0,"max_hp_loss":6,"event_name":"Golden Idol","floor":4,"gold_loss":0},{"cards_removed":["Strike_G"],"damage_healed":0,"gold_gain":0,"player_choice":"Purged","damage_taken":0,"max_hp_gain":0,"max_hp_loss":0,"event_name":"Purifier","floor":5,"gold_loss":0},{"damage_healed":15,"gold_gain":0,"player_choice":"Healed and dodged fight","damage_taken":0,"max_hp_gain":0,"max_hp_loss":0,"event_name":"Mushrooms","floor":13,"gold_loss":0,"cards_obtained":["Parasite"]}],"is_beta":false,"boss_relics":[],"items_purged_floors":[],"is_endless":false,"potions_floor_spawned":[1,3,7],"killed_by":"Hexaghost","ascension_level":20}