{"gold_per_floor":[368,380,72,82,82,116,116,191,214,19,71,71,104,116,116,116],"floor_reached":16,"playtime":1175,"items_purged":["Strike_R"],"score":216,"play_id":"ecde2204-65f5-4d17-95af-59c845f20da0","local_time":"20190524201215","is_ascension_mode":true,"campfire_choices":[{"data":"Bash","floor":7,"key":"SMITH"},{"data":"Combust","floor":12,"key":"SMITH"},{"floor":15,"key":"REST"}],"neow_cost":"PERCENT_DAMAGE","seed_source_timestamp":150249475736607,"circlet_count":0,"master_deck":["AscendersBane","Strike_R","Strike_R","Strike_R","Strike_R","Defend_R","Defend_R","Defend_R","Defend_R","Bash+1","Combust+1","Iron Wave","Offering","Fiend Fire","Feel No Pain","Corruption","Rampage","Shockwave+1"],"relics":["Burning Blood","Strawberry","Juzu Bracelet","Orichalcum","Pen Nib","Toxic Egg 2"],"potions_floor_usage":[6,13,13,14,16],"damage_taken":[{"damage":7,"enemies":"Cultist","floor":1,"turns":4},{"damage":9,"enemies":"Jaw Worm","floor":2,"turns":5},{"damage":6,"enemies":"2 Louse","floor":4,"turns":3},{"damage":24,"enemies":"Lagavulin","floor":6,"turns":5},{"damage":12,"enemies":"Gremlin Nob","floor":13,"turns":4},{"damage":2,"enemies":"Exordium Wildlife","floor":14,"turns":4},{"damage":44,"enemies":"The Guardian","floor":16,"turns":10}],"seed_played":"-426594434363825013","potions_obtained":[{"floor":1,"key":"Block Potion"},{"floor":4,"key":"EntropicBrew"},{"floor":13,"key":"Fire Potion"}],"is_trial":false,"path_per_floor":["M","M","$","M","?","E","R","?","T","$","T","R","E","M","R","B"],"character_chosen":"IRONCLAD","items_purchased":["Offering","Fiend Fire","Corruption","Rampage"],"campfire_rested":1,"item_purchase_floors":[3,3,10,10],"current_hp_per_floor":[49,46,46,46,48,30,30,19,19,19,19,19,13,17,41,0],"gold":116,"neow_bonus":"TWO_FIFTY_GOLD","is_prod":false,"is_daily":false,"chose_seed":false,"campfire_upgraded":2,"win_rate":0,"timestamp":1558743135,"path_taken":["M","M","$","?","?","E","R","?","T","$","?","R","E","M","R","BOSS"],"build_version":"2019-01-23","purchased_purges":1,"victory":false,"max_hp_per_floor":[75,75,75,75,82,82,82,82,82,82,82,82,82,82,82,82],"card_choices":[{"not_picked":["Second Wind","Sword Boomerang"],"picked":"Combust","floor":1},{"not_picked":["Body Slam","Sentinel"],"picked":"Iron Wave","floor":2},{"not_picked":["Cleave","Entrench","Bloodletting"],"picked":"SKIP","floor":4},{"not_picked":["Combust","Iron Wave"],"picked":"Feel No Pain","floor":6},{"not_picked":["Flex","Rampage"],"picked":"Shockwave","floor":13},{"not_picked":["Warcry+1","Uppercut","Perfected Strike"],"picked":"SKIP","floor":14}],"player_experience":1324029,"relics_obtained":[{"floor":6,"key":"Juzu Bracelet"},{"floor":9,"key":"Orichalcum"},{"floor":11,"key":"Pen Nib"},{"floor":13,"key":"Toxic Egg 2"}],"event_choices":[{"damage_healed":0,"gold_gain":0,"player_choice":"Success","damage_taken":5,"relics_obtained":["Strawberry"],"max_hp_gain":0,"max_hp_loss":0,"event_name":"Scrap Ooze","floor":5,"gold_loss":0},{"damage_healed":0,"gold_gain":75,"player_choice":"Gather Gold","damage_taken":11,"max_hp_gain":0,"max_hp_loss":0,"event_name":"World of Goop","floor":8,"gold_loss":0}],"is_beta":false,"boss_relics":[],"items_purged_floors":[10],"is_endless":false,"potions_floor_spawned":[1,4,13],"killed_by":"The Guardian","ascension_level":20}