{"gold_per_floor":[111,129,129,147,112,126,144,144,168,182,198,178,69,88,88,88],"floor_reached":16,"playtime":465,"items_purged":[],"score":130,"play_id":"151e7932-a7bc-4a8d-976a-810864d07f8e","local_time":"20190507011531","is_ascension_mode":true,"campfire_choices":[{"data":"Stack","floor":8,"key":"SMITH"},{"floor":15,"key":"REST"}],"neow_cost":"NONE","seed_source_timestamp":870199788363911,"circlet_count":0,"master_deck":["Strike_B","Strike_B","Strike_B","Defend_B","Defend_B","Defend_B","Defend_B","Zap","Dualcast","Rebound","Ball Lightning","Glacier","Seek","Stack+1","Sweeping Beam","Gash","Melter","Scrape","Beam Cell"],"relics":["Cracked Core","NeowsBlessing","Centennial Puzzle"],"potions_floor_usage":[7,7,14,16],"damage_taken":[{"damage":0,"enemies":"Small Slimes","floor":1,"turns":1},{"damage":0,"enemies":"Cultist","floor":2,"turns":1},{"damage":0,"enemies":"2 Louse","floor":4,"turns":1},{"damage":6,"enemies":"Looter","floor":6,"turns":3},{"damage":18,"enemies":"Gremlin Gang","floor":7,"turns":6},{"damage":3,"enemies":"Red Slaver","floor":10,"turns":3},{"damage":14,"enemies":"Exordium Thugs","floor":11,"turns":5},{"damage":1,"enemies":"Exordium Wildlife","floor":14,"turns":2},{"damage":54,"enemies":"The Guardian","floor":16,"turns":13}],"seed_played":"4339419941454734449","potions_obtained":[{"floor":2,"key":"FearPotion"},{"floor":6,"key":"SteroidPotion"},{"floor":7,"key":"Explosive Potion"},{"floor":11,"key":"SpeedPotion"},{"floor":12,"key":"FocusPotion"}],"is_trial":false,"path_per_floor":["M","M","?","M","?","M","M","R","T","M","M","?","$","M","R","B"],"character_chosen":"DEFECT","items_purchased":["Melter","Scrape"],"campfire_rested":1,"item_purchase_floors":[13,13],"current_hp_per_floor":[68,68,68,68,68,62,44,44,44,41,27,27,27,26,48,0],"gold":88,"neow_bonus":"THREE_ENEMY_KILL","is_prod":false,"is_daily":false,"chose_seed":false,"campfire_upgraded":1,"win_rate":0,"timestamp":1557162931,"path_taken":["M","M","?","?","?","M","M","R","T","M","M","?","$","M","R","BOSS"],"build_version":"2019-01-23","purchased_purges":0,"victory":false,"max_hp_per_floor":[75,75,75,75,75,75,75,75,75,75,75,75,75,75,75,75],"card_choices":[{"not_picked":["Beam Cell","Steam"],"picked":"Rebound","floor":1},{"not_picked":["Capacitor","Static Discharge"],"picked":"Ball Lightning","floor":2},{"not_picked":["Beam Cell","Leap"],"picked":"Glacier","floor":4},{"not_picked":["Go for the Eyes","Steam Power"],"picked":"Seek","floor":6},{"not_picked":["Rebound","Barrage"],"picked":"Stack","floor":7},{"not_picked":["Storm","Chaos"],"picked":"Sweeping Beam","floor":10},{"not_picked":["Self Repair","Steam"],"picked":"Gash","floor":11},{"not_picked":["Rebound","Steam"],"picked":"Beam Cell","floor":14}],"player_experience":866000,"relics_obtained":[{"floor":9,"key":"Centennial Puzzle"}],"event_choices":[{"cards_removed":["Strike_B"],"damage_healed":0,"gold_gain":0,"player_choice":"Offered Basic","damage_taken":0,"max_hp_gain":0,"max_hp_loss":0,"event_name":"Bonfire Elementals","floor":3,"gold_loss":0},{"damage_healed":0,"gold_gain":0,"player_choice":"Left Gold","damage_taken":0,"max_hp_gain":0,"max_hp_loss":0,"event_name":"World of Goop","floor":5,"gold_loss":35},{"damage_healed":0,"gold_gain":0,"player_choice":"Bought 1 Potion","damage_taken":0,"max_hp_gain":0,"max_hp_loss":0,"event_name":"The Woman in Blue","floor":12,"gold_loss":0}],"is_beta":false,"boss_relics":[],"items_purged_floors":[],"is_endless":false,"potions_floor_spawned":[2,6,7,11],"killed_by":"The Guardian","ascension_level":7}