{"gold_per_floor":[116,136,311,311,321,346,413,89,89,89,108,108,120,140,140,238,238,222,237,237,249,249,274,274,309,347,378,390,428,440,468,480,594,606,629,641,653,684,713,725,757,799,811,855,867,891,938,962,974,986],"floor_reached":51,"playtime":9714,"items_purged":["Doubt"],"score":979,"play_id":"e65f0489-d87b-4738-a8b8-585b002fef82","local_time":"20180805053832","is_ascension_mode":true,"campfire_choices":[{"floor":10,"key":"REST"},{"data":"Crippling Poison","floor":12,"key":"SMITH"},{"floor":15,"key":"REST"},{"data":"Crippling Poison","floor":24,"key":"SMITH"},{"floor":28,"key":"REST"},{"data":"Sucker Punch","floor":30,"key":"SMITH"},{"floor":32,"key":"REST"},{"floor":40,"key":"REST"},{"floor":45,"key":"REST"},{"floor":49,"key":"REST"}],"neow_cost":"NONE","seed_source_timestamp":345505733090840,"circlet_count":0,"master_deck":["Defend_G","Defend_G","Defend_G","Defend_G","Defend_G","Strike_G","Strike_G","Strike_G","Strike_G","Survivor","Neutralize","Backflip","Crippling Poison+1","Sucker Punch+1","Underhanded Strike","Backflip","Sucker Punch","Dodge and Roll","Bullet Time","Blur","Flechettes","Dodge and Roll+1","Crippling Poison+1","Underhanded Strike","Distraction","Eviscerate","Dagger Spray","Madness","Madness","Dodge and Roll+1","Envenom","Heel Hook","Quick Slash","Catalyst+1"],"relics":["Snecko Eye","Blue Candle","Shuriken","Omamori","Busted Crown","Oddly Smooth Stone","MawBank","Orichalcum","The Courier","Cursed Key","FaceOfCleric","Pear","Ornamental Fan","Happy Flower","Dream Catcher"],"potions_floor_usage":[6,16,29,41,42,42,42,42,42,44,47,48,50],"damage_taken":[{"damage":4,"enemies":"Jaw Worm","floor":1,"turns":6},{"damage":0,"enemies":"2 Louse","floor":2,"turns":2},{"damage":2,"enemies":"Cultist","floor":5,"turns":5},{"damage":62,"enemies":"Gremlin Nob","floor":6,"turns":8},{"damage":0,"enemies":"2 Fungi Beasts","floor":11,"turns":3},{"damage":2,"enemies":"Gremlin Gang","floor":13,"turns":3},{"damage":0,"enemies":"Looter","floor":14,"turns":3},{"damage":28,"enemies":"Slime Boss","floor":16,"turns":10},{"damage":4,"enemies":"2 Thieves","floor":18,"turns":4},{"damage":2,"enemies":"3 Byrds","floor":19,"turns":4},{"damage":6,"enemies":"Slaver and Parasite","floor":21,"turns":5},{"damage":14,"enemies":"Gremlin Leader","floor":23,"turns":8},{"damage":3,"enemies":"Book of Stabbing","floor":25,"turns":6},{"damage":0,"enemies":"Snecko","floor":27,"turns":4},{"damage":0,"enemies":"Gremlin Leader","floor":29,"turns":5},{"damage":5,"enemies":"Centurion and Healer","floor":31,"turns":6},{"damage":38,"enemies":"Collector","floor":33,"turns":9},{"damage":0,"enemies":"3 Darklings","floor":35,"turns":5},{"damage":13,"enemies":"Orb Walker","floor":38,"turns":4},{"damage":12,"enemies":"Spire Growth","floor":39,"turns":5},{"damage":0,"enemies":"Sphere and 2 Shapes","floor":41,"turns":5},{"damage":45,"enemies":"Giant Head","floor":42,"turns":8},{"damage":8,"enemies":"Nemesis","floor":44,"turns":7},{"damage":11,"enemies":"Maw","floor":46,"turns":8},{"damage":16,"enemies":"2 Orb Walkers","floor":47,"turns":6},{"damage":12,"enemies":"Flame Bruiser 2 Orb","floor":48,"turns":5},{"damage":32,"enemies":"Awakened One","floor":50,"turns":13}],"seed_played":"-8773268903708774576","potions_obtained":[{"floor":2,"key":"Weak Potion"},{"floor":6,"key":"Strength Potion"},{"floor":14,"key":"Weak Potion"},{"floor":19,"key":"Energy Potion"},{"floor":21,"key":"SpeedPotion"},{"floor":25,"key":"AttackPotion"},{"floor":33,"key":"SkillPotion"},{"floor":38,"key":"EntropicBrew"},{"floor":41,"key":"Explosive Potion"},{"floor":42,"key":"GamblersBrew"},{"floor":48,"key":"Poison Potion"}],"is_trial":false,"path_per_floor":["M","M","?","?","M","E","?","$","T","R","M","R","M","M","R","B",null,"M","M","?","M","?","E","R","E","T","M","R","E","R","M","R","B",null,"M","?","?","M","M","R","M","E","T","E","R","M","E","M","R","B"],"character_chosen":"THE_SILENT","items_purchased":["Shuriken"],"campfire_rested":7,"item_purchase_floors":[8],"current_hp_per_floor":[66,66,66,66,64,2,2,2,2,23,23,23,21,21,42,14,70,66,64,64,58,58,44,44,41,41,41,62,62,62,57,70,32,70,70,70,61,49,38,59,60,26,26,19,44,34,19,8,34,3],"gold":998,"neow_bonus":"BOSS_RELIC","is_prod":false,"is_daily":false,"chose_seed":false,"campfire_upgraded":3,"win_rate":0,"timestamp":1533472712,"path_taken":["M","M","?","?","M","E","?","?","T","R","M","R","M","M","R","BOSS","M","M","?","M","?","E","R","E","T","M","R","E","R","?","R","BOSS","M","?","?","M","M","R","?","E","T","E","R","M","E","?","R","BOSS"],"build_version":"2018-08-02","purchased_purges":1,"victory":true,"max_hp_per_floor":[70,70,70,70,70,70,70,70,70,70,70,70,70,70,70,70,70,70,70,70,70,70,70,70,70,70,70,70,70,70,70,70,70,70,70,70,70,71,72,72,73,84,84,85,85,86,87,88,88,89],"card_choices":[{"not_picked":["Poisoned Stab","Crippling Poison"],"picked":"Backflip","floor":1},{"not_picked":["Sucker Punch","Blade Dance"],"picked":"Crippling Poison","floor":2},{"not_picked":["Finisher","Storm of Steel","Footwork"],"picked":"SKIP","floor":5},{"not_picked":["Deadly Poison","Infinite Blades"],"picked":"Underhanded Strike","floor":6},{"not_picked":["Bane","Calculated Gamble"],"picked":"Backflip","floor":11},{"not_picked":["Bane","Slice"],"picked":"Sucker Punch","floor":13},{"not_picked":["Skewer","Well Laid Plans"],"picked":"Dodge and Roll","floor":14},{"not_picked":["Doppelganger","Unload"],"picked":"Bullet Time","floor":16},{"not_picked":[],"picked":"Blur","floor":18},{"not_picked":[],"picked":"Flechettes","floor":19},{"not_picked":[],"picked":"Dodge and Roll+1","floor":21},{"not_picked":["Grand Finale"],"picked":"SKIP","floor":23},{"not_picked":["Accuracy"],"picked":"SKIP","floor":25},{"not_picked":[],"picked":"Underhanded Strike","floor":27},{"not_picked":[],"picked":"Distraction","floor":29},{"not_picked":[],"picked":"Eviscerate","floor":31},{"not_picked":[],"picked":"Dagger Spray","floor":35},{"not_picked":[],"picked":"Dodge and Roll+1","floor":38},{"not_picked":["Expertise+1"],"picked":"SKIP","floor":39},{"not_picked":["Slice"],"picked":"SKIP","floor":41},{"not_picked":["Slice+1"],"picked":"SKIP","floor":42},{"not_picked":[],"picked":"Envenom","floor":44},{"not_picked":[],"picked":"Heel Hook","floor":46},{"not_picked":[],"picked":"Quick Slash","floor":47},{"not_picked":["Masterful Stab"],"picked":"SKIP","floor":48},{"not_picked":[],"picked":"Catalyst+1","floor":49}],"player_experience":244538,"relics_obtained":[{"floor":6,"key":"Blue Candle"},{"floor":9,"key":"Omamori"},{"floor":23,"key":"Oddly Smooth Stone"},{"floor":25,"key":"MawBank"},{"floor":26,"key":"Orichalcum"},{"floor":29,"key":"The Courier"},{"floor":42,"key":"Pear"},{"floor":43,"key":"Ornamental Fan"},{"floor":44,"key":"Happy Flower"},{"floor":47,"key":"Dream Catcher"}],"event_choices":[{"event_name":"Liars Game","player_choice":"agreed","floor":3,"damage_taken":0},{"event_name":"Transmorgrifier","player_choice":"Transform","floor":4,"damage_taken":0},{"event_name":"Golden Wing","player_choice":"Gained Gold","floor":7,"damage_taken":0},{"event_name":"Drug Dealer","player_choice":"Ignored","floor":20,"damage_taken":0},{"event_name":"The Library","player_choice":"Read","floor":22,"damage_taken":0},{"event_name":"FaceTrader","player_choice":"Trade","floor":36,"damage_taken":0},{"event_name":"Winding Halls","player_choice":"Embrace Madness","floor":37,"damage_taken":0}],"is_beta":false,"boss_relics":[{"not_picked":["Lizard Tail","Coffee Dripper"],"picked":"Busted Crown"},{"not_picked":["WristBlade","HoveringKite"],"picked":"Cursed Key"}],"items_purged_floors":[8],"is_endless":false,"potions_floor_spawned":[2,6,14,19,21,25,33,38,41,42,48],"ascension_level":4}