{"gold_per_floor":[15,34,51,68,79,79,41,58,58,76,91,91,91,111,111,215,265,276,276,276,276,287,287,298,317,373,390,390,404,423,436,436,436],"floor_reached":33,"playtime":1582,"items_purged":[],"score":249,"play_id":"3e8b29f3-5415-4092-804a-4846b6b481db","local_time":"20180812014331","is_ascension_mode":false,"campfire_choices":[{"floor":6,"key":"REST"},{"floor":12,"key":"REST"},{"data":"Go for the Eyes","floor":15,"key":"SMITH"},{"floor":23,"key":"REST"},{"floor":28,"key":"REST"},{"floor":32,"key":"REST"}],"neow_cost":"NO_GOLD","seed_source_timestamp":36483612442103,"circlet_count":0,"master_deck":["Strike_B","Strike_B","Strike_B","Strike_B","Defend_B","Defend_B","Defend_B","Defend_B","Zap","Dualcast","Static Discharge+1","Cold Snap","Redo","Melter","Compile Driver","Capacitor","Ball Lightning","BootSequence","Go for the Eyes+1","Barrage","Rainbow+1","Leap","Storm","FTL","Cold Snap","Sweeping Beam+1","Reinforced Body","Reinforced Body","Barrage","Glacier"],"relics":["Cracked Core","Thread and Needle","Kunai","Tiny House","Nilry\u0027s Codex","Tiny Chest"],"potions_floor_usage":[10,16,16,22,24,31,33,33],"damage_taken":[{"damage":0,"enemies":"Cultist","floor":1,"turns":4},{"damage":0,"enemies":"2 Louse","floor":2,"turns":3},{"damage":1,"enemies":"Jaw Worm","floor":3,"turns":3},{"damage":12,"enemies":"Exordium Thugs","floor":4,"turns":5},{"damage":15,"enemies":"Large Slime","floor":5,"turns":4},{"damage":1,"enemies":"Blue Slaver","floor":8,"turns":4},{"damage":12,"enemies":"Lots of Slimes","floor":10,"turns":3},{"damage":0,"enemies":"Looter","floor":11,"turns":3},{"damage":3,"enemies":"Blue Slaver","floor":14,"turns":3},{"damage":25,"enemies":"The Guardian","floor":16,"turns":7},{"damage":7,"enemies":"Spheric Guardian","floor":18,"turns":4},{"damage":14,"enemies":"2 Thieves","floor":22,"turns":4},{"damage":12,"enemies":"Centurion and Healer","floor":24,"turns":6},{"damage":7,"enemies":"Snecko","floor":25,"turns":6},{"damage":16,"enemies":"Cultist and Chosen","floor":27,"turns":6},{"damage":0,"enemies":"Chosen and Byrds","floor":29,"turns":6},{"damage":17,"enemies":"Snake Plant","floor":30,"turns":5},{"damage":0,"enemies":"Centurion and Healer","floor":31,"turns":8},{"damage":82,"enemies":"Collector","floor":33,"turns":7}],"seed_played":"3422768501993181117","potions_obtained":[{"floor":1,"key":"Swift Potion"},{"floor":2,"key":"Strength Potion"},{"floor":5,"key":"Ancient Potion"},{"floor":8,"key":"FocusPotion"},{"floor":16,"key":"Dexterity Potion"},{"floor":17,"key":"EssenceOfSteel"},{"floor":29,"key":"Weak Potion"},{"floor":30,"key":"Weak Potion"},{"floor":31,"key":"Block Potion"}],"is_trial":false,"path_per_floor":["M","M","M","M","M","R","$","M","T","M","M","R","?","M","R","B",null,"M","?","?","?","M","R","M","M","T","M","R","M","M","M","R"],"character_chosen":"DEFECT","items_purchased":["Capacitor"],"campfire_rested":5,"item_purchase_floors":[7],"current_hp_per_floor":[75,75,74,62,47,69,69,68,68,56,56,75,75,72,72,47,80,73,73,58,42,35,60,48,41,41,25,50,50,33,33,58,0],"gold":436,"neow_bonus":"ONE_RARE_RELIC","is_prod":false,"is_daily":false,"chose_seed":false,"campfire_upgraded":1,"win_rate":0,"timestamp":1534009411,"path_taken":["M","M","M","M","M","R","$","M","T","M","?","R","?","M","R","BOSS","M","?","?","?","M","R","?","?","T","M","R","M","?","M","R","BOSS"],"build_version":"2018-08-09","purchased_purges":0,"victory":false,"max_hp_per_floor":[75,75,75,75,75,75,75,75,75,75,75,75,75,75,75,75,80,80,80,85,85,85,85,85,85,85,85,85,85,85,85,85,85],"card_choices":[{"not_picked":["Reprogram","BootSequence"],"picked":"Static Discharge","floor":1},{"not_picked":["Steam Power","Leap"],"picked":"Cold Snap","floor":2},{"not_picked":["Go for the Eyes","Chill"],"picked":"Redo","floor":3},{"not_picked":["Rip and Tear","Fusion"],"picked":"Melter","floor":4},{"not_picked":["Hologram","Steam"],"picked":"Compile Driver","floor":5},{"not_picked":["Double Energy","Barrage"],"picked":"Ball Lightning","floor":8},{"not_picked":["Gash","Blizzard"],"picked":"BootSequence","floor":10},{"not_picked":["Streamline","Leap"],"picked":"Go for the Eyes","floor":11},{"not_picked":["Steam","Reboot"],"picked":"Barrage","floor":14},{"not_picked":["Buffer","All For One"],"picked":"Rainbow","floor":16},{"not_picked":["Gash","Consume"],"picked":"Leap","floor":17},{"not_picked":["Tempest","Turbo"],"picked":"Storm","floor":18},{"not_picked":["Go for the Eyes","Undo"],"picked":"FTL","floor":22},{"not_picked":["Streamline+1","Blizzard+1"],"picked":"Cold Snap","floor":24},{"not_picked":["Double Energy","Steam+1"],"picked":"Sweeping Beam+1","floor":25},{"not_picked":["Tempest","Streamline"],"picked":"Reinforced Body","floor":27},{"not_picked":["Sunder","FTL"],"picked":"Reinforced Body","floor":29},{"not_picked":["Sunder+1","Steam+1"],"picked":"Barrage","floor":30},{"not_picked":["Rebound","Leap+1"],"picked":"Glacier","floor":31}],"player_experience":262318,"relics_obtained":[{"floor":9,"key":"Kunai"},{"floor":21,"key":"Nilry\u0027s Codex"},{"floor":26,"key":"Tiny Chest"}],"event_choices":[{"event_name":"Living Wall","player_choice":"Grow","floor":13,"damage_taken":0},{"event_name":"Ghosts","player_choice":"Ignored","floor":19,"damage_taken":0},{"event_name":"Forgotten Altar","player_choice":"Shed Blood","floor":20,"damage_taken":0},{"event_name":"Cursed Tome","player_choice":"Obtained Book","floor":21,"damage_taken":0}],"is_beta":false,"boss_relics":[{"not_picked":["Eternal Feather","Philosopher\u0027s Stone"],"picked":"Tiny House"}],"items_purged_floors":[],"is_endless":false,"potions_floor_spawned":[1,2,5,8,16,29,30,31],"killed_by":"Collector","ascension_level":0}