{"gold_per_floor":[114,128,128,128,53,53,69,69,96,138,112,124,167,193,205,314,326,356,276,288,288,288],"floor_reached":22,"playtime":654,"items_purged":[],"score":202,"play_id":"93d596a8-d3df-47d1-b993-2901c1de0c7a","local_time":"20181026202833","is_ascension_mode":true,"campfire_choices":[{"data":"Capacitor","floor":6,"key":"SMITH"},{"floor":8,"key":"REST"},{"floor":15,"key":"REST"}],"neow_cost":"NONE","seed_source_timestamp":296741054875927,"circlet_count":0,"master_deck":["Strike_B","Strike_B","Strike_B","Strike_B","Defend_B","Defend_B","Defend_B","Defend_B","Zap","Dualcast","Redo+1","Ball Lightning","Capacitor+1","Creative AI","Storm","Cold Snap","Rainbow","Doom and Gloom","Defragment","Conserve Battery"],"relics":["Cracked Core","Omamori","Blood Vial","MawBank","Centennial Puzzle","Bag of Preparation","Nuclear Battery","Necronomicon"],"potions_floor_usage":[13,13,16],"damage_taken":[{"damage":1,"enemies":"Cultist","floor":1,"turns":3},{"damage":2,"enemies":"2 Louse","floor":2,"turns":2},{"damage":2,"enemies":"Small Slimes","floor":7,"turns":3},{"damage":35,"enemies":"3 Sentries","floor":10,"turns":6},{"damage":31,"enemies":"Gremlin Nob","floor":13,"turns":5},{"damage":12,"enemies":"Exordium Wildlife","floor":14,"turns":3},{"damage":16,"enemies":"Slime Boss","floor":16,"turns":8},{"damage":31,"enemies":"2 Thieves","floor":18,"turns":4},{"damage":16,"enemies":"Spheric Guardian","floor":20,"turns":4},{"damage":17,"enemies":"Snake Plant","floor":22,"turns":2}],"seed_played":"8350935106491322342","potions_obtained":[{"floor":2,"key":"SpeedPotion"},{"floor":7,"key":"Swift Potion"},{"floor":10,"key":"Energy Potion"},{"floor":14,"key":"Strength Potion"},{"floor":20,"key":"Weak Potion"}],"is_trial":false,"path_per_floor":["M","M","?","?","$","R","M","R","T","E","?","?","E","M","R","B",null,"M","$","M","?"],"character_chosen":"DEFECT","items_purchased":["Capacitor","Defragment","Conserve Battery"],"campfire_rested":2,"item_purchase_floors":[5,19,19],"current_hp_per_floor":[74,72,72,65,65,65,65,75,75,40,40,40,11,1,23,9,75,44,44,30,14,0],"gold":288,"neow_bonus":"RANDOM_COMMON_RELIC","is_prod":false,"is_daily":false,"chose_seed":false,"campfire_upgraded":1,"win_rate":0,"timestamp":1540556913,"path_taken":["M","?","?","?","$","R","M","R","T","E","?","?","E","M","R","BOSS","M","$","M","?","M"],"build_version":"2018-10-25v2","purchased_purges":0,"victory":false,"max_hp_per_floor":[75,75,75,75,75,75,75,75,75,75,75,75,75,75,75,75,75,75,75,75,75,75],"card_choices":[{"not_picked":["Leap","Force Field"],"picked":"Redo","floor":1},{"not_picked":["Steam Power","Hello World"],"picked":"Ball Lightning","floor":2},{"not_picked":["Reprogram","Undo","Hologram"],"picked":"SKIP","floor":7},{"not_picked":["Hello World","Steam"],"picked":"Creative AI","floor":10},{"not_picked":["Stack","Double Energy"],"picked":"Storm","floor":13},{"not_picked":["Turbo","Reprogram"],"picked":"Cold Snap","floor":14},{"not_picked":["Thunder Strike","All For One"],"picked":"Rainbow","floor":16},{"not_picked":["Steam","Sweeping Beam"],"picked":"Doom and Gloom","floor":18},{"not_picked":["Steam","Ball Lightning","Hello World"],"picked":"SKIP","floor":20}],"player_experience":400777,"relics_obtained":[{"floor":9,"key":"MawBank"},{"floor":10,"key":"Centennial Puzzle"},{"floor":13,"key":"Bag of Preparation"},{"floor":21,"key":"Necronomicon"}],"event_choices":[{"damage_healed":0,"gold_gain":0,"player_choice":"Grow","damage_taken":0,"max_hp_gain":0,"max_hp_loss":0,"event_name":"Living Wall","floor":3,"gold_loss":0,"cards_upgraded":["Redo"]},{"damage_healed":0,"gold_gain":0,"player_choice":"Success","damage_taken":7,"relics_obtained":["Blood Vial"],"max_hp_gain":0,"max_hp_loss":0,"event_name":"Scrap Ooze","floor":4,"gold_loss":0},{"damage_healed":0,"gold_gain":0,"player_choice":"Left Gold","damage_taken":0,"max_hp_gain":0,"max_hp_loss":0,"event_name":"World of Goop","floor":11,"gold_loss":38},{"damage_healed":0,"gold_gain":0,"player_choice":"Ignored","damage_taken":0,"max_hp_gain":0,"max_hp_loss":0,"event_name":"Golden Idol","floor":12,"gold_loss":0},{"damage_healed":0,"gold_gain":0,"player_choice":"Obtained Book","damage_taken":16,"max_hp_gain":0,"max_hp_loss":0,"event_name":"Cursed Tome","floor":21,"gold_loss":0}],"is_beta":false,"boss_relics":[{"not_picked":["Snecko Eye","Tiny House"],"picked":"Nuclear Battery"}],"items_purged_floors":[],"is_endless":false,"potions_floor_spawned":[2,7,10,14,20],"killed_by":"Snake Plant","ascension_level":1}