{"gold_per_floor":[116,67,85,85,85,85,85,85,110,129,148,164,192,217,217,314,314,332,350,361,361,379,379,393,393,393,393,393,407,421,346,346,445,475,490,501,236,1235,534,534,534],"floor_reached":41,"playtime":2503,"items_purged":["Normality"],"score":443,"play_id":"04d40db8-acdf-4bf9-bced-bdf45ee0c630","local_time":"20180719025934","is_ascension_mode":false,"campfire_choices":[{"floor":6,"key":"REST"},{"data":"Redo","floor":8,"key":"SMITH"},{"floor":15,"key":"REST"},{"floor":23,"key":"REST"},{"floor":25,"key":"REST"},{"data":"Fission","floor":28,"key":"SMITH"},{"floor":32,"key":"REST"},{"floor":40,"key":"REST"}],"neow_cost":"","seed_source_timestamp":112140090032353,"circlet_count":0,"master_deck":["Strike_B","Strike_B","Strike_B","Strike_B","Defend_B","Defend_B","Defend_B","Defend_B+1","Zap","Dualcast","Redo","Cold Snap","Hologram+1","Redo+1","Hello World","Sweeping Beam","BootSequence","Melter","Darkness","Fission+1","Go for the Eyes+1","Turbo+1","Double Energy+1","FTL","Skim+1","Conserve Battery","Glacier+1","Stack+1","Multi-Cast","Cold Snap","Leap","Conserve Battery+1","Doom and Gloom","Lockon","Normality","Reinforced Body","Thinking Ahead"],"relics":["Cracked Core","Vajra","Odd Mushroom","Bottled Tornado","Eternal Feather","Enchiridion","Mummified Hand","Tiny House","War Paint","Lantern","Bag of Marbles"],"potions_floor_usage":[13,14,14,16,16,22,22,30,33,33,41,41],"damage_taken":[{"damage":2,"enemies":"2 Louse","floor":1,"turns":2},{"damage":1,"enemies":"Jaw Worm","floor":3,"turns":4},{"damage":0,"enemies":"Small Slimes","floor":10,"turns":2},{"damage":7,"enemies":"3 Louse","floor":11,"turns":3},{"damage":7,"enemies":"Blue Slaver","floor":12,"turns":3},{"damage":20,"floor":13,"turns":3},{"damage":8,"enemies":"3 Sentries","floor":14,"turns":6},{"damage":20,"enemies":"Slime Boss","floor":16,"turns":12},{"damage":0,"enemies":"Spheric Guardian","floor":18,"turns":2},{"damage":2,"enemies":"Chosen","floor":19,"turns":5},{"damage":35,"enemies":"Snake Plant","floor":20,"turns":9},{"damage":17,"enemies":"Centurion and Healer","floor":22,"turns":3},{"damage":2,"enemies":"Chosen and Byrds","floor":24,"turns":5},{"damage":26,"enemies":"Snake Plant","floor":29,"turns":4},{"damage":6,"enemies":"Centurion and Healer","floor":30,"turns":5},{"damage":36,"enemies":"Champ","floor":33,"turns":13},{"damage":9,"enemies":"Orb Walker","floor":35,"turns":3},{"damage":27,"enemies":"3 Shapes","floor":36,"turns":6},{"damage":88,"enemies":"2 Orb Walkers","floor":41,"turns":6}],"seed_played":"-8009965541358255595","potions_obtained":[{"floor":3,"key":"EntropicBrew"},{"floor":11,"key":"AttackPotion"},{"floor":12,"key":"LiquidBronze"},{"floor":16,"key":"LiquidBronze"},{"floor":18,"key":"Fire Potion"},{"floor":19,"key":"PowerPotion"},{"floor":22,"key":"Dexterity Potion"},{"floor":30,"key":"PowerPotion"},{"floor":34,"key":"SmokeBomb"},{"floor":35,"key":"AttackPotion"}],"is_trial":false,"path_per_floor":["M","$","M","?","?","R","?","R","T","M","M","M","?","E","R","B",null,"M","M","M","?","M","R","M","R","T","?","R","M","M","?","R","B",null,"M","M","$","?","$","R"],"character_chosen":"DEFECT","items_purchased":["Cold Snap","War Paint","Doom and Gloom","Lockon","Lantern","Reinforced Body","Thinking Ahead","Bag of Marbles","Dexterity Potion"],"campfire_rested":6,"item_purchase_floors":[2,37,37,37,39,39,39,39,39],"current_hp_per_floor":[73,73,72,57,57,75,75,75,75,75,68,61,41,33,55,35,75,75,73,38,22,5,37,35,67,67,67,75,49,43,43,75,39,80,71,44,44,44,44,80,0],"gold":534,"neow_bonus":"","is_prod":false,"is_daily":false,"chose_seed":false,"campfire_upgraded":2,"win_rate":0.0,"timestamp":1531940374,"path_taken":["M","$","M","?","?","R","?","R","T","M","M","M","?","E","R","BOSS","M","M","M","?","M","R","M","R","T","?","R","M","M","?","R","BOSS","M","M","$","?","$","R","E"],"build_version":"2018-07-12","purchased_purges":1,"victory":false,"max_hp_per_floor":[75,75,75,75,75,75,75,75,75,75,75,75,75,75,75,75,75,75,75,75,75,75,75,75,75,75,75,75,75,75,75,75,75,80,80,80,80,80,80,80,80],"card_choices":[{"not_picked":["Leap","Self Repair"],"picked":"Redo","floor":1},{"not_picked":["Rebound","Rip and Tear"],"picked":"Hologram","floor":3},{"not_picked":["Hologram","Scrape"],"picked":"Hello World","floor":10},{"not_picked":["Undo","Double Energy"],"picked":"Sweeping Beam","floor":11},{"not_picked":["Lockon","Gash"],"picked":"BootSequence","floor":12},{"not_picked":["Consume","Streamline"],"picked":"Melter","floor":13},{"not_picked":["Coolheaded","Conserve Battery"],"picked":"Darkness","floor":14},{"not_picked":["Machine Learning","Amplify"],"picked":"Fission","floor":16},{"not_picked":["Leap","Reprogram"],"picked":"Go for the Eyes","floor":18},{"not_picked":["Stack","Genetic Algorithm"],"picked":"Turbo+1","floor":19},{"not_picked":["Hologram","Compile Driver+1"],"picked":"Double Energy","floor":20},{"not_picked":["Gash","Stack"],"picked":"FTL","floor":22},{"not_picked":["Coolheaded+1","Leap"],"picked":"Skim+1","floor":24},{"not_picked":["Skim","Fusion"],"picked":"Glacier+1","floor":29},{"not_picked":["Gash","Hologram"],"picked":"Stack+1","floor":30},{"not_picked":["Electrodynamics","Biased Cognition"],"picked":"Multi-Cast","floor":33},{"not_picked":["Consume","Beam Cell"],"picked":"Cold Snap","floor":34},{"not_picked":["Stack","Compile Driver+1"],"picked":"Leap","floor":35},{"not_picked":["Force Field+1","Gash"],"picked":"Conserve Battery","floor":36}],"player_experience":91685,"relics_obtained":[{"floor":9,"key":"Vajra"},{"floor":13,"key":"Odd Mushroom"},{"floor":14,"key":"Bottled Tornado"},{"floor":21,"key":"Enchiridion"},{"floor":26,"key":"Mummified Hand"}],"event_choices":[{"event_name":"Shining Light","player_choice":"Entered Light","floor":4,"damage_taken":0},{"event_name":"Liars Game","player_choice":"disagreed","floor":5,"damage_taken":0},{"event_name":"Match and Keep!","player_choice":"2 cards matched","floor":7,"damage_taken":0},{"event_name":"Mushrooms","player_choice":"Fought Mushrooms","floor":13,"damage_taken":0},{"event_name":"Cursed Tome","player_choice":"Obtained Book","floor":21,"damage_taken":0},{"event_name":"Match and Keep!","player_choice":"1 cards matched","floor":27,"damage_taken":0},{"event_name":"Beggar","player_choice":"Gave Gold","floor":31,"damage_taken":0},{"event_name":"MindBloom","player_choice":"Gold","floor":38,"damage_taken":0}],"boss_relics":[{"not_picked":["Runic Pyramid","Coffee Dripper"],"picked":"Eternal Feather"},{"not_picked":["Busted Crown","Black Star"],"picked":"Tiny House"}],"items_purged_floors":[39],"is_endless":false,"potions_floor_spawned":[3,11,12,16,18,19,22,30,35],"killed_by":"2 Orb Walkers","ascension_level":0}