{"gold_per_floor":[110,110,129,204,221,221,255,270,322,322],"floor_reached":10,"playtime":1629,"items_purged":[],"score":88,"play_id":"4c0521ed-cade-474e-a023-13a0d8fb24c9","local_time":"20180930194753","is_ascension_mode":true,"campfire_choices":[{"data":"Neutralize","floor":6,"key":"SMITH"}],"neow_cost":"NONE","seed_source_timestamp":131620240606634,"circlet_count":0,"master_deck":["Defend_G","Defend_G","Defend_G","Defend_G","Defend_G","Strike_G","Strike_G","Strike_G","Survivor","Neutralize+1","Dagger Throw","PiercingWail","Catalyst","Eviscerate+1"],"relics":["Ring of the Snake","Molten Egg 2","Blood Vial"],"potions_floor_usage":[7,10],"damage_taken":[{"damage":3,"enemies":"2 Louse","floor":1,"turns":6},{"damage":0,"enemies":"Cultist","floor":3,"turns":4},{"damage":2,"enemies":"Small Slimes","floor":5,"turns":5},{"damage":13,"enemies":"3 Sentries","floor":7,"turns":13},{"damage":1,"enemies":"Blue Slaver","floor":8,"turns":4},{"damage":28,"enemies":"Large Slime","floor":10,"turns":12}],"seed_played":"4337359615730471782","potions_obtained":[{"floor":1,"key":"Fire Potion"},{"floor":7,"key":"SteroidPotion"}],"is_trial":false,"path_per_floor":["M","?","M","?","M","R","E","M","T"],"character_chosen":"THE_SILENT","items_purchased":[],"campfire_rested":0,"item_purchase_floors":[],"current_hp_per_floor":[60,53,53,42,40,40,27,26,26,0],"gold":322,"neow_bonus":"REMOVE_CARD","is_prod":false,"is_daily":false,"chose_seed":false,"campfire_upgraded":1,"win_rate":0,"timestamp":1538362073,"path_taken":["M","?","M","?","M","R","E","M","T","M"],"build_version":"2018-09-27","purchased_purges":0,"victory":false,"max_hp_per_floor":[70,70,70,70,70,70,70,70,70,70],"card_choices":[{"not_picked":["Dagger Throw","All Out Attack","Deadly Poison"],"picked":"SKIP","floor":1},{"not_picked":["Outmaneuver","Bane"],"picked":"Dagger Throw","floor":3},{"not_picked":["Outmaneuver","Caltrops"],"picked":"PiercingWail","floor":5},{"not_picked":["Concentrate","Setup"],"picked":"Catalyst","floor":7},{"not_picked":["Poisoned Stab+1","PiercingWail"],"picked":"Eviscerate+1","floor":8}],"player_experience":297927,"relics_obtained":[{"floor":7,"key":"Molten Egg 2"},{"floor":9,"key":"Blood Vial"}],"event_choices":[{"event_name":"Golden Wing","player_choice":"Card Removal","floor":2,"damage_taken":0},{"event_name":"World of Goop","player_choice":"Gather Gold","floor":4,"damage_taken":0}],"is_beta":false,"boss_relics":[],"items_purged_floors":[],"is_endless":false,"potions_floor_spawned":[1,7],"killed_by":"Large Slime","ascension_level":6}