{"gold_per_floor":[115,290,303,303,318,346,362,362],"floor_reached":8,"playtime":453,"items_purged":[],"score":99,"play_id":"7089ce61-f0bf-40ce-93d5-c4bb07a282d8","local_time":"20190413010018","is_ascension_mode":true,"campfire_choices":[],"neow_cost":"NONE","seed_source_timestamp":258103707107786,"circlet_count":0,"master_deck":["AscendersBane","Strike_B","Strike_B","Strike_B","Strike_B","Defend_B","Defend_B","Defend_B","Defend_B","Zap","Dualcast","White Noise","Doubt","Storm","Ball Lightning","Cold Snap"],"relics":["Velvet Choker","Lantern"],"potions_floor_usage":[6,7],"damage_taken":[{"damage":0,"enemies":"Jaw Worm","floor":1,"turns":3},{"damage":0,"enemies":"Small Slimes","floor":3,"turns":3},{"damage":1,"enemies":"Cultist","floor":5,"turns":3},{"damage":27,"enemies":"3 Sentries","floor":6,"turns":6},{"damage":15,"enemies":"Gremlin Gang","floor":7,"turns":4},{"damage":23,"enemies":"Lagavulin","floor":8,"turns":5}],"seed_played":"-8929309286445868518","potions_obtained":[{"floor":5,"key":"SpeedPotion"},{"floor":6,"key":"LiquidBronze"}],"is_trial":false,"path_per_floor":["M","?","M","?","M","E","M","E"],"character_chosen":"DEFECT","items_purchased":[],"campfire_rested":0,"item_purchase_floors":[],"current_hp_per_floor":[64,64,64,64,63,36,21,0],"gold":362,"neow_bonus":"BOSS_RELIC","is_prod":false,"is_daily":false,"chose_seed":false,"campfire_upgraded":0,"win_rate":0,"timestamp":1555131618,"path_taken":["M","?","M","?","M","E","M","E"],"build_version":"2019-01-23","purchased_purges":0,"victory":false,"max_hp_per_floor":[71,71,71,71,71,71,71,71],"card_choices":[{"not_picked":["Coolheaded","Cold Snap"],"picked":"White Noise","floor":1},{"not_picked":["Hologram","Scrape","Heatsinks"],"picked":"SKIP","floor":3},{"not_picked":["Conserve Battery","Beam Cell","Leap"],"picked":"SKIP","floor":5},{"not_picked":["Hyperbeam","Sweeping Beam","Blizzard"],"picked":"SKIP","floor":6},{"not_picked":["White Noise","Steam Power"],"picked":"Cold Snap","floor":7}],"player_experience":1337310,"relics_obtained":[{"floor":6,"key":"Lantern"}],"event_choices":[{"damage_healed":0,"gold_gain":175,"player_choice":"AGREE","damage_taken":0,"max_hp_gain":0,"max_hp_loss":0,"event_name":"Liars Game","floor":2,"gold_loss":0,"cards_obtained":["Doubt"]},{"damage_healed":0,"gold_gain":0,"player_choice":"2 cards matched","damage_taken":0,"max_hp_gain":0,"max_hp_loss":0,"event_name":"Match and Keep!","floor":4,"gold_loss":0,"cards_obtained":["Storm","Ball Lightning"]}],"is_beta":false,"boss_relics":[],"items_purged_floors":[],"is_endless":false,"potions_floor_spawned":[5,6],"killed_by":"Lagavulin","ascension_level":14}