{"gold_per_floor":[110,123,133,133,198,198,198,198,250,280,293,303,303,95,95,172,172,185,144,144,44,44,44,70,89,146,146,156,189,189,189,189,263,263,278,153,153,173,192,192,225,241,265,598,598,598,598,617,617,617,617,617,617,75,106,106],"floor_reached":57,"playtime":5762,"items_purged":["Strike_G","Strike_G","Strike_G","Strike_G+1"],"score":2971,"play_id":"53164850-1141-4176-b8a2-6e099a33cdc9","local_time":"20190525103124","is_ascension_mode":true,"campfire_choices":[{"floor":6,"key":"REST"},{"data":"Neutralize","floor":8,"key":"SMITH"},{"floor":13,"key":"REST"},{"data":"Backstab","floor":15,"key":"SMITH"},{"data":"Backstab","floor":23,"key":"SMITH"},{"data":"Corpse Explosion","floor":27,"key":"SMITH"},{"data":"Deadly Poison","floor":32,"key":"SMITH"},{"data":"Ghostly","floor":40,"key":"SMITH"},{"floor":49,"key":"RECALL"},{"floor":53,"key":"REST"}],"neow_cost":"NONE","seed_source_timestamp":23625464941553,"circlet_count":0,"master_deck":["AscendersBane","Defend_G+1","Defend_G+1","Defend_G+1","Defend_G+1","Defend_G+1","Strike_G+1","Survivor+1","Neutralize+1","Backstab+1","Backflip+1","PiercingWail+1","Caltrops+1","Footwork+1","Backstab+1","Wraith Form v2+1","Dodge and Roll+1","PiercingWail+1","Ghostly+1","Ghostly+1","Ghostly+1","Corpse Explosion+1","Deadly Poison+1","Deflect+1","Burst+1","Prepared+1","Deflect+1","Leg Sweep+1","Dodge and Roll+1"],"relics":["Ring of the Snake","Omamori","Oddly Smooth Stone","Frozen Egg 2","Runic Pyramid","Bronze Scales","Tiny Chest","Strawberry","Sozu","Snake Skull","Old Coin","Mark of the Bloom","HandDrill","Pen Nib","Art of War"],"potions_floor_usage":[33,38,56],"damage_taken":[{"damage":0,"enemies":"Small Slimes","floor":1,"turns":5},{"damage":1,"enemies":"2 Louse","floor":2,"turns":3},{"damage":24,"enemies":"Jaw Worm","floor":3,"turns":8},{"damage":35,"enemies":"3 Sentries","floor":10,"turns":15},{"damage":0,"enemies":"Looter","floor":11,"turns":4},{"damage":3,"enemies":"2 Fungi Beasts","floor":12,"turns":3},{"damage":6,"enemies":"The Guardian","floor":16,"turns":18},{"damage":0,"enemies":"Chosen","floor":18,"turns":6},{"damage":11,"enemies":"2 Thieves","floor":19,"turns":5},{"damage":2,"enemies":"Book of Stabbing","floor":24,"turns":6},{"damage":8,"enemies":"Centurion and Healer","floor":25,"turns":11},{"damage":0,"enemies":"Snake Plant","floor":28,"turns":5},{"damage":5,"enemies":"Gremlin Leader","floor":29,"turns":11},{"damage":14,"enemies":"Champ","floor":33,"turns":15},{"damage":5,"enemies":"Orb Walker","floor":35,"turns":5},{"damage":0,"enemies":"3 Shapes","floor":38,"turns":7},{"damage":0,"enemies":"Writhing Mass","floor":39,"turns":7},{"damage":0,"enemies":"Nemesis","floor":41,"turns":11},{"damage":0,"enemies":"Sphere and 2 Shapes","floor":42,"turns":6},{"damage":9,"enemies":"Reptomancer","floor":44,"turns":11},{"damage":0,"enemies":"4 Shapes","floor":48,"turns":8},{"damage":0,"enemies":"Awakened One","floor":50,"turns":26},{"damage":0,"enemies":"Donu and Deca","floor":51,"turns":11},{"damage":0,"enemies":"Shield and Spear","floor":55,"turns":12},{"damage":7,"enemies":"The Heart","floor":56,"turns":12}],"seed_played":"5557183839571920844","potions_obtained":[{"floor":3,"key":"Strength Potion"},{"floor":11,"key":"SteroidPotion"},{"floor":12,"key":"PowerPotion"},{"floor":33,"key":"Regen Potion"}],"is_trial":false,"path_per_floor":["M","M","M","?","?","R","T","R","T","E","M","M","R","$","R","B",null,"M","M","?","$","?","R","E","M","T","R","M","E","?","?","R","B",null,"M","$","?","M","M","R","E","M","T","E","?","?","?","M","R","B","B",null,"R","$","E","B",null],"character_chosen":"THE_SILENT","items_purchased":["Footwork+1","Backstab","HandDrill","Pen Nib"],"campfire_rested":3,"item_purchase_floors":[14,14,54,54],"current_hp_per_floor":[65,64,40,18,18,39,39,39,39,4,4,1,22,22,22,16,58,58,47,36,36,36,36,34,26,26,26,26,28,18,18,18,4,37,32,32,32,47,47,47,47,47,47,38,38,48,48,48,48,48,48,48,48,48,48,41],"gold":106,"neow_bonus":"TEN_PERCENT_HP_BONUS","is_prod":false,"is_daily":false,"chose_seed":false,"campfire_upgraded":6,"win_rate":0,"timestamp":1558794684,"path_taken":["M","M","M","?","?","R","?","R","T","E","M","M","R","$","R","BOSS","M","M","?","$","?","R","E","M","T","R","?","E","?","?","R","BOSS","M","$","?","M","M","R","E","M","T","E","?","?","?","M","R","BOSS","BOSS","R","$","E","BOSS"],"build_version":"2019-01-23","purchased_purges":4,"victory":true,"max_hp_per_floor":[72,72,72,72,72,72,72,72,72,72,72,72,72,72,72,72,72,72,72,36,36,36,36,36,36,36,36,36,43,48,48,48,48,48,48,48,48,48,48,48,48,48,48,48,48,48,48,48,48,48,48,48,48,48,48,48],"card_choices":[{"not_picked":["Underhanded Strike","Outmaneuver"],"picked":"Backstab","floor":1},{"not_picked":["Sucker Punch","Outmaneuver","Backflip"],"picked":"SKIP","floor":2},{"not_picked":["Setup","Heel Hook"],"picked":"Backflip","floor":3},{"not_picked":["Skewer","Caltrops"],"picked":"PiercingWail","floor":10},{"not_picked":["Backstab","Bane"],"picked":"Caltrops+1","floor":11},{"not_picked":["Blade Dance","Expertise","Flying Knee"],"picked":"SKIP","floor":12},{"not_picked":["Blade Dance","Expertise","Flying Knee"],"picked":"SKIP","floor":12},{"not_picked":["Tools of the Trade+1","Phantasmal Killer"],"picked":"Wraith Form v2+1","floor":16},{"not_picked":["Flying Knee","Slice"],"picked":"Dodge and Roll+1","floor":18},{"not_picked":["Quick Slash","Acrobatics+1"],"picked":"PiercingWail","floor":19},{"not_picked":["Underhanded Strike","Endless Agony"],"picked":"Corpse Explosion","floor":24},{"not_picked":["Slice","Outmaneuver+1"],"picked":"Deadly Poison","floor":25},{"not_picked":["Slice","Flying Knee","Skewer"],"picked":"SKIP","floor":28},{"not_picked":["Distraction+1","Blade Dance"],"picked":"Deflect","floor":29},{"not_picked":["Unload","A Thousand Cuts+1"],"picked":"Burst","floor":33},{"not_picked":["Cloak And Dagger","Dagger Throw+1"],"picked":"Prepared+1","floor":35},{"not_picked":["Eviscerate","Flechettes+1","Sucker Punch+1"],"picked":"SKIP","floor":38},{"not_picked":["Riddle With Holes","Quick Slash"],"picked":"Deflect+1","floor":39},{"not_picked":["Calculated Gamble","Prepared"],"picked":"Leg Sweep+1","floor":41},{"not_picked":["Dagger Throw","Storm of Steel","Well Laid Plans+1"],"picked":"SKIP","floor":42},{"not_picked":["Quick Slash","Storm of Steel"],"picked":"Dodge and Roll+1","floor":44},{"not_picked":["Bane","Calculated Gamble","Underhanded Strike"],"picked":"SKIP","floor":48},{"not_picked":["Glass Knife","Underhanded Strike","Prepared+1"],"picked":"SKIP","floor":55}],"player_experience":1332321,"relics_obtained":[{"floor":7,"key":"Omamori"},{"floor":9,"key":"Oddly Smooth Stone"},{"floor":10,"key":"Frozen Egg 2"},{"floor":24,"key":"Bronze Scales"},{"floor":26,"key":"Tiny Chest"},{"floor":29,"key":"Strawberry"},{"floor":41,"key":"Snake Skull"},{"floor":44,"key":"Old Coin"},{"floor":55,"key":"Art of War"}],"event_choices":[{"damage_healed":0,"gold_gain":0,"player_choice":"Entered Light","damage_taken":22,"max_hp_gain":0,"max_hp_loss":0,"event_name":"Shining Light","floor":4,"gold_loss":0,"cards_upgraded":["Strike_G","Strike_G"]},{"damage_healed":0,"gold_gain":65,"player_choice":"Gained Gold","damage_taken":0,"max_hp_gain":0,"max_hp_loss":0,"event_name":"Golden Wing","floor":5,"gold_loss":0},{"damage_healed":0,"gold_gain":0,"player_choice":"Became a Ghost","damage_taken":0,"max_hp_gain":0,"max_hp_loss":36,"event_name":"Ghosts","floor":20,"gold_loss":0,"cards_obtained":["Ghostly","Ghostly","Ghostly"]},{"damage_healed":0,"gold_gain":0,"player_choice":"Ignored","damage_taken":0,"max_hp_gain":0,"max_hp_loss":0,"event_name":"Beggar","floor":22,"gold_loss":0},{"damage_healed":0,"gold_gain":0,"player_choice":"Shed Blood","damage_taken":15,"max_hp_gain":5,"max_hp_loss":0,"event_name":"Forgotten Altar","floor":30,"gold_loss":0},{"damage_healed":0,"gold_gain":0,"player_choice":"Ignored","damage_taken":0,"max_hp_gain":0,"max_hp_loss":0,"event_name":"Vampires","floor":31,"gold_loss":0},{"damage_healed":0,"gold_gain":0,"player_choice":"Ignored","damage_taken":0,"max_hp_gain":0,"max_hp_loss":0,"event_name":"Tomb of Lord Red Mask","floor":37,"gold_loss":0},{"damage_healed":0,"gold_gain":0,"player_choice":"Memory 1","damage_taken":0,"max_hp_gain":0,"max_hp_loss":0,"event_name":"SensoryStone","floor":45,"gold_loss":0},{"damage_healed":10,"gold_gain":0,"player_choice":"Writhe","damage_taken":0,"max_hp_gain":0,"max_hp_loss":0,"event_name":"Winding Halls","floor":46,"gold_loss":0,"cards_obtained":["Writhe"]},{"damage_healed":0,"gold_gain":0,"player_choice":"Upgrade","damage_taken":0,"relics_obtained":["Mark of the Bloom"],"max_hp_gain":0,"max_hp_loss":0,"event_name":"MindBloom","floor":47,"gold_loss":0,"cards_upgraded":["Defend_G","Defend_G","Defend_G","Defend_G","Defend_G","Survivor","Backflip","PiercingWail","PiercingWail","Ghostly","Ghostly","Deflect","Burst"]}],"is_beta":false,"boss_relics":[{"not_picked":["Philosopher\u0027s Stone","Eternal Feather"],"picked":"Runic Pyramid"},{"not_picked":["Ring of the Serpent","Runic Dome"],"picked":"Sozu"}],"items_purged_floors":[14,21,36,54],"is_endless":false,"potions_floor_spawned":[3,11,12,19,28,33,35,39,48],"ascension_level":20}