{"gold_per_floor":[116,116,116,191,191,217,217,235,312,325,338,338,365,384,384,482,482,500,500,500,515,530,564,584,220,288,304,219,219,246,271,271,371,421,433,451,76,86,86,118,118,118,118,149,169,189,206,206,206,206],"floor_reached":51,"playtime":2217,"items_purged":["Regret"],"score":890,"play_id":"cdec7cb0-fdbb-4bf3-944d-c0c0378d1300","local_time":"20180928073137","is_ascension_mode":true,"campfire_choices":[{"floor":7,"key":"REST"},{"floor":12,"key":"REST"},{"floor":15,"key":"REST"},{"floor":29,"key":"REST"},{"floor":32,"key":"REST"},{"floor":41,"key":"REST"},{"floor":42,"key":"REST"},{"data":"Double Energy","floor":49,"key":"SMITH"}],"neow_cost":"","seed_source_timestamp":58177199231777,"circlet_count":0,"master_deck":["Strike_B+1","Strike_B","Strike_B","Strike_B","Defend_B","Defend_B","Defend_B","Defend_B","Zap","Dualcast","Leap","Barrage","Barrage","Beam Cell","Barrage+1","Ball Lightning+1","Beam Cell+1","Chill","Beam Cell+1","Defragment","Thunder Strike+1","Cold Snap+1","RitualDagger+1","Barrage+1","Streamline+1","Cold Snap+1","Double Energy","Defragment+1","Blizzard+1","Capacitor+1","Go for the Eyes+1","Core Surge+1","Storm+1","Scrape+1","Turbo","Heatsinks+1","Defragment+1","Magnetism+1","Turbo+1","Double Energy+1","Cold Snap+1","Melter+1","Go for the Eyes+1","Barrage+1","Barrage+1"],"relics":["Cracked Core","Gremlin Horn","Thread and Needle","Dream Catcher","Molten Egg 2","Kunai","Nuclear Battery","Peace Pipe","Ginger","Incense Burner","Frozen Egg 2","WingedGreaves","Bottled Flame","PreservedInsect","Tiny House","Mummified Hand","Orichalcum","Cables","Regal Pillow"],"potions_floor_usage":[6,13,16,23,23,23,27,27,27,40,50,50,50],"damage_taken":[{"damage":0,"enemies":"2 Louse","floor":1,"turns":1},{"damage":39,"enemies":"Gremlin Nob","floor":6,"turns":5},{"damage":4,"enemies":"Cultist","floor":8,"turns":3},{"damage":0,"enemies":"Small Slimes","floor":10,"turns":2},{"damage":15,"enemies":"Exordium Thugs","floor":11,"turns":4},{"damage":20,"enemies":"3 Sentries","floor":13,"turns":5},{"damage":0,"enemies":"2 Fungi Beasts","floor":14,"turns":3},{"damage":34,"enemies":"Hexaghost","floor":16,"turns":8},{"damage":0,"enemies":"3 Byrds","floor":18,"turns":3},{"damage":11,"enemies":"2 Thieves","floor":21,"turns":3},{"damage":2,"enemies":"Cultist and Chosen","floor":22,"turns":4},{"damage":32,"enemies":"Slavers","floor":23,"turns":3},{"damage":12,"enemies":"Snake Plant","floor":24,"turns":3},{"damage":18,"enemies":"Shelled Parasite and Fungi","floor":27,"turns":6},{"damage":2,"enemies":"Book of Stabbing","floor":30,"turns":4},{"damage":30,"enemies":"Slavers","floor":31,"turns":4},{"damage":32,"enemies":"Collector","floor":33,"turns":9},{"damage":0,"enemies":"Orb Walker","floor":35,"turns":2},{"damage":16,"enemies":"3 Shapes","floor":36,"turns":4},{"damage":14,"enemies":"Maw","floor":38,"turns":5},{"damage":25,"enemies":"Nemesis","floor":40,"turns":5},{"damage":0,"enemies":"Giant Head","floor":44,"turns":5},{"damage":29,"enemies":"3 Darklings","floor":45,"turns":5},{"damage":0,"enemies":"Transient","floor":46,"turns":5},{"damage":6,"enemies":"Sphere and 2 Shapes","floor":47,"turns":3},{"damage":51,"enemies":"Donu and Deca","floor":50,"turns":9}],"seed_played":"-6215681407740846815","potions_obtained":[{"floor":2,"key":"Fire Potion"},{"floor":2,"key":"GamblersBrew"},{"floor":2,"key":"EntropicBrew"},{"floor":6,"key":"Regen Potion"},{"floor":10,"key":"Dexterity Potion"},{"floor":14,"key":"EssenceOfSteel"},{"floor":18,"key":"Strength Potion"},{"floor":24,"key":"Regen Potion"},{"floor":33,"key":"Dexterity Potion"},{"floor":34,"key":"SteroidPotion"},{"floor":35,"key":"Weak Potion"},{"floor":45,"key":"Ancient Potion"}],"is_trial":false,"path_per_floor":["M","?","T","?","?","E","R","M","T","M","M","R","E","M","R","B",null,"M","?","?","M","M","E","M","$","T","M","?","R","E","E","R","B",null,"M","M","$","M","?","E","R","R","T","E","M","M","M","?","R","B"],"character_chosen":"DEFECT","items_purchased":["Incense Burner","Regen Potion","Mummified Hand","Heatsinks+1"],"campfire_rested":7,"item_purchase_floors":[25,25,37,37],"current_hp_per_floor":[75,75,75,64,64,25,47,43,43,43,28,50,44,44,66,32,75,75,75,69,58,56,24,12,12,12,34,34,56,54,24,46,14,80,80,64,64,50,50,25,49,73,73,73,44,44,38,70,70,19],"gold":206,"neow_bonus":"","is_prod":false,"is_daily":false,"chose_seed":false,"campfire_upgraded":1,"win_rate":0,"timestamp":1538145097,"path_taken":["M","?","?","?","?","E","R","M","T","?","?","R","E","?","R","BOSS","M","?","?","M","M","E","?","$","T","M","?","R","E","E","R","BOSS","M","M","$","M","?","E","R","R","T","E","M","M","?","?","R","BOSS"],"build_version":"2018-09-27","purchased_purges":1,"victory":true,"max_hp_per_floor":[75,75,75,75,75,75,75,75,75,75,75,75,75,75,75,75,75,75,75,75,75,75,75,75,75,75,75,75,75,75,75,75,75,80,80,80,80,80,80,80,80,80,80,80,80,80,80,70,70,70],"card_choices":[{"not_picked":["Hologram","Lockon"],"picked":"Leap","floor":1},{"not_picked":["Rebound","Machine Learning"],"picked":"Barrage","floor":6},{"not_picked":["Turbo","Stack"],"picked":"Barrage","floor":7},{"not_picked":["Coolheaded","Chaos"],"picked":"Beam Cell","floor":8},{"not_picked":["Stack","Leap"],"picked":"Barrage+1","floor":10},{"not_picked":["Steam","Rebound+1"],"picked":"Ball Lightning+1","floor":11},{"not_picked":["Redo","Double Energy"],"picked":"Beam Cell+1","floor":12},{"not_picked":["Conserve Battery","Genetic Algorithm"],"picked":"Chill","floor":13},{"not_picked":["Leap","Lockon+1"],"picked":"Beam Cell+1","floor":14},{"not_picked":["Blizzard+1","Hyperbeam+1"],"picked":"Defragment","floor":15},{"not_picked":["Echo Form","Biased Cognition"],"picked":"Thunder Strike+1","floor":16},{"not_picked":["Tempest","Genetic Algorithm+1"],"picked":"Cold Snap+1","floor":18},{"not_picked":["Turbo+1","Leap"],"picked":"Barrage+1","floor":21},{"not_picked":["Glacier","Undo"],"picked":"Streamline+1","floor":22},{"not_picked":["Self Repair","Coolheaded+1"],"picked":"Cold Snap+1","floor":23},{"not_picked":["Coolheaded","Hello World+1"],"picked":"Double Energy","floor":24},{"not_picked":["Hologram","Conserve Battery","Heatsinks+1"],"picked":"SKIP","floor":27},{"not_picked":["Rebound+1","Streamline+1"],"picked":"Defragment+1","floor":29},{"not_picked":["Thunder Strike+1","Undo+1"],"picked":"Blizzard+1","floor":30},{"not_picked":["Darkness+1","Cold Snap+1"],"picked":"Capacitor+1","floor":31},{"not_picked":["Steam+1","Rebound+1"],"picked":"Go for the Eyes+1","floor":32},{"not_picked":["Machine Learning+1","Creative AI+1"],"picked":"Core Surge+1","floor":33},{"not_picked":["Ball Lightning+1","Hologram"],"picked":"Storm+1","floor":34},{"not_picked":["Compile Driver+1","Force Field"],"picked":"Scrape+1","floor":35},{"not_picked":["Reinforced Body+1","Steam+1"],"picked":"Turbo","floor":36},{"not_picked":["Auto Shields+1","Streamline+1"],"picked":"Defragment+1","floor":38},{"not_picked":["Good Instincts","Blind"],"picked":"Magnetism+1","floor":39},{"not_picked":["Sweeping Beam+1","Rebound+1"],"picked":"Turbo+1","floor":40},{"not_picked":["Steam","Sweeping Beam+1"],"picked":"Double Energy","floor":41},{"not_picked":["Steam+1","Hologram+1"],"picked":"Cold Snap+1","floor":42},{"not_picked":["Chill","Turbo"],"picked":"Melter+1","floor":44},{"not_picked":["Leap+1","Rebound+1"],"picked":"Go for the Eyes+1","floor":45},{"not_picked":["Sunder+1","Multi-Cast"],"picked":"Barrage+1","floor":46},{"not_picked":["Melter+1","Lockon+1"],"picked":"Barrage+1","floor":47}],"player_experience":286984,"relics_obtained":[{"floor":3,"key":"Gremlin Horn"},{"floor":6,"key":"Dream Catcher"},{"floor":9,"key":"Molten Egg 2"},{"floor":13,"key":"Kunai"},{"floor":23,"key":"Ginger"},{"floor":26,"key":"Frozen Egg 2"},{"floor":30,"key":"Bottled Flame"},{"floor":31,"key":"PreservedInsect"},{"floor":40,"key":"Orichalcum"},{"floor":43,"key":"Cables"},{"floor":44,"key":"Regal Pillow"}],"event_choices":[{"event_name":"The Lab","player_choice":"Got Potions","floor":2,"damage_taken":0},{"event_name":"World of Goop","player_choice":"Gather Gold","floor":4,"damage_taken":0},{"event_name":"Big Fish","player_choice":"Box","floor":5,"damage_taken":0},{"event_name":"WeMeetAgain","player_choice":"Potion","floor":19,"damage_taken":0},{"event_name":"Nest","player_choice":"Joined the Cult","floor":20,"damage_taken":0},{"event_name":"Addict","player_choice":"Obtained Relic","floor":28,"damage_taken":0},{"event_name":"SensoryStone","player_choice":"Memory 1","floor":39,"damage_taken":0},{"event_name":"The Moai Head","player_choice":"Heal","floor":48,"damage_taken":0}],"is_beta":false,"boss_relics":[{"not_picked":["Orrery","Runic Pyramid"],"picked":"Nuclear Battery"},{"not_picked":["Astrolabe","Coffee Dripper"],"picked":"Tiny House"}],"items_purged_floors":[37],"is_endless":false,"potions_floor_spawned":[6,10,14,18,24,33,35,36,45],"ascension_level":1}