{"gold_per_floor":[111,121,121,71,81,106,106,134,134,145,165,181,198,198,198,297,297,314,330,330,330,343,343,670,670,670,726,311,339,352,367,367,469,469,481,531,531,179,179,209,41,67,67,84,84,98,110,110,110,110],"floor_reached":51,"playtime":5043,"items_purged":["Normality"],"score":838,"play_id":"ae2170c2-fac4-45a3-b360-752546267198","local_time":"20180724061706","is_ascension_mode":true,"campfire_choices":[{"floor":7,"key":"REST"},{"floor":15,"key":"REST"},{"floor":23,"key":"REST"},{"floor":25,"key":"REST"},{"floor":32,"key":"REST"},{"floor":45,"key":"REST"},{"floor":49,"key":"REST"}],"neow_cost":"NONE","seed_source_timestamp":60091747449630,"circlet_count":0,"master_deck":["Defend_G","Defend_G","Defend_G","Strike_G","Strike_G","Survivor","Neutralize","Poisoned Stab","Dagger Throw","Cloak And Dagger","Dagger Spray","Sucker Punch","Flechettes","Malaise+1","Sucker Punch","Distraction","Footwork","Backflip","Cloak And Dagger+1","Dagger Throw+1","All Out Attack+1","Corpse Explosion","Dodge and Roll+1","Cloak And Dagger+1","Escape Plan","Prepared+1","Cloak And Dagger","Sucker Punch+1","Flechettes+1","Quick Slash+1","Backstab+1","Die Die Die+1","Backstab+1","Burst+1","After Image+1","Backflip+1","Prepared+1","Poisoned Stab+1","Bandage Up+1","Poisoned Stab+1","Escape Plan+1","Flash of Steel+1","Flechettes+1","Footwork+1","Bouncing Flask+1","Cloak And Dagger+1"],"relics":["Orrery","Happy Flower","Molten Egg 2","Oddly Smooth Stone","Lizard Tail","CultistMask","Nunchaku","Old Coin","Dodecahedron","Tiny Chest","Thread and Needle","Strawberry","Astrolabe","Du-Vu Doll","Toxic Egg 2","Vajra","War Paint","Mercury Hourglass","Bird Faced Urn","Centennial Puzzle"],"potions_floor_usage":[10,11,24,27,27,33,33,40,50,50],"damage_taken":[{"damage":10,"enemies":"Small Slimes","floor":1,"turns":2},{"damage":0,"enemies":"Cultist","floor":2,"turns":3},{"damage":0,"enemies":"Jaw Worm","floor":5,"turns":4},{"damage":29,"enemies":"Lagavulin","floor":6,"turns":8},{"damage":14,"enemies":"3 Sentries","floor":8,"turns":7},{"damage":1,"enemies":"Exordium Thugs","floor":10,"turns":5},{"damage":6,"enemies":"Large Slime","floor":11,"turns":5},{"damage":0,"enemies":"Lots of Slimes","floor":12,"turns":2},{"damage":4,"enemies":"Exordium Wildlife","floor":13,"turns":4},{"damage":25,"enemies":"Slime Boss","floor":16,"turns":12},{"damage":13,"enemies":"Shell Parasite","floor":18,"turns":9},{"damage":23,"enemies":"2 Thieves","floor":19,"turns":3},{"damage":7,"enemies":"Snecko","floor":22,"turns":7},{"damage":33,"enemies":"Book of Stabbing","floor":24,"turns":10},{"damage":14,"enemies":"Gremlin Leader","floor":27,"turns":10},{"damage":11,"enemies":"Book of Stabbing","floor":29,"turns":11},{"damage":0,"enemies":"Snake Plant","floor":30,"turns":8},{"damage":1,"enemies":"3 Cultists","floor":31,"turns":6},{"damage":56,"enemies":"Collector","floor":33,"turns":18},{"damage":2,"enemies":"Orb Walker","floor":35,"turns":3},{"damage":6,"floor":36,"turns":6},{"damage":57,"enemies":"Giant Head","floor":40,"turns":14},{"damage":8,"enemies":"Nemesis","floor":42,"turns":9},{"damage":10,"enemies":"3 Shapes","floor":44,"turns":3},{"damage":4,"enemies":"Flame Bruiser 2 Orb","floor":46,"turns":3},{"damage":3,"enemies":"Sphere and 2 Shapes","floor":47,"turns":2},{"damage":65,"enemies":"Awakened One","floor":50,"turns":16}],"seed_played":"-6826092866898479786","potions_obtained":[{"floor":2,"key":"SkillPotion"},{"floor":5,"key":"SpeedPotion"},{"floor":8,"key":"Poison Potion"},{"floor":10,"key":"AttackPotion"},{"floor":22,"key":"Regen Potion"},{"floor":24,"key":"SteroidPotion"},{"floor":29,"key":"SpeedPotion"},{"floor":35,"key":"Regen Potion"},{"floor":42,"key":"FearPotion"},{"floor":44,"key":"Block Potion"}],"is_trial":false,"path_per_floor":["M","M","?","?","M","E","R","E","T","M","M","M","M","?","R","B",null,"M","M","?","?","M","R","E","R","T","E","$","E","M","M","R","B",null,"M","?","T","$","?","E","$","E","T","M","R","M","M","$","R","B"],"character_chosen":"THE_SILENT","items_purchased":["Thread and Needle","Sucker Punch+1","Vajra","War Paint","Poisoned Stab+1","Escape Plan+1","Flash of Steel+1"],"campfire_rested":7,"item_purchase_floors":[28,28,38,38,38,41,41],"current_hp_per_floor":[60,60,60,60,60,31,52,38,38,37,31,31,27,27,48,23,70,57,34,34,34,27,48,30,51,51,37,37,33,33,32,55,38,77,75,69,69,69,69,30,30,28,28,28,51,57,56,56,77,22],"gold":110,"neow_bonus":"BOSS_RELIC","is_prod":false,"is_daily":false,"chose_seed":false,"campfire_upgraded":0,"win_rate":0,"timestamp":1532438226,"path_taken":["M","M","?","?","M","E","R","E","T","M","M","M","?","?","R","BOSS","M","M","?","?","M","R","E","R","T","E","$","E","M","?","R","BOSS","M","?","?","$","?","E","?","E","T","M","R","M","M","$","R","BOSS"],"build_version":"2018-07-19v2","purchased_purges":1,"victory":true,"max_hp_per_floor":[70,70,70,70,70,70,70,70,70,70,70,70,70,70,70,70,70,70,70,70,70,70,70,70,70,70,70,70,77,77,77,77,77,77,77,77,77,77,77,77,77,77,77,77,77,77,77,77,77,77],"card_choices":[{"not_picked":["Escape Plan","Bouncing Flask"],"picked":"Poisoned Stab","floor":0},{"not_picked":["Accuracy","Footwork"],"picked":"Dagger Throw","floor":0},{"not_picked":["Acrobatics","Predator"],"picked":"Cloak And Dagger","floor":0},{"not_picked":["Dagger Throw","Dash"],"picked":"Dagger Spray","floor":0},{"not_picked":["All Out Attack","Predator"],"picked":"Sucker Punch","floor":0},{"not_picked":["Venomology","Sucker Punch"],"picked":"Flechettes","floor":1},{"not_picked":["Calculated Gamble","PiercingWail","Bane"],"picked":"SKIP","floor":2},{"not_picked":["Slice","Prepared"],"picked":"Sucker Punch","floor":5},{"not_picked":["Blur","Storm of Steel"],"picked":"Distraction","floor":6},{"not_picked":["Bane","All Out Attack"],"picked":"Footwork","floor":8},{"not_picked":["Acrobatics","Slice+1"],"picked":"Backflip","floor":10},{"not_picked":["Bane+1","Underhanded Strike+1"],"picked":"Cloak And Dagger","floor":11},{"not_picked":["PiercingWail","Concentrate"],"picked":"Dagger Throw+1","floor":12},{"not_picked":["Finisher+1","Bane+1"],"picked":"All Out Attack+1","floor":13},{"not_picked":["Burst","After Image"],"picked":"Corpse Explosion","floor":16},{"not_picked":["Setup","Outmaneuver"],"picked":"Dodge and Roll+1","floor":18},{"not_picked":["Underhanded Strike+1","Choke+1"],"picked":"Cloak And Dagger+1","floor":19},{"not_picked":["Cloak And Dagger","Poisoned Stab+1"],"picked":"Escape Plan","floor":22},{"not_picked":["Endless Agony+1","Finisher+1"],"picked":"Prepared+1","floor":24},{"not_picked":["Bullet Time","Sucker Punch+1"],"picked":"Cloak And Dagger","floor":27},{"not_picked":["Well Laid Plans","Prepared+1"],"picked":"Flechettes+1","floor":29},{"not_picked":["Tactician","Poisoned Stab+1"],"picked":"Quick Slash+1","floor":30},{"not_picked":["Slice+1","Choke+1"],"picked":"Backstab+1","floor":31},{"not_picked":["Wraith Form v2","Storm of Steel"],"picked":"Die Die Die+1","floor":33},{"not_picked":["Flying Knee+1","Riddle With Holes+1"],"picked":"Backflip+1","floor":35},{"not_picked":["Outmaneuver+1","Deflect"],"picked":"Prepared+1","floor":36},{"not_picked":["Sadistic Nature","Good Instincts+1"],"picked":"Bandage Up+1","floor":39},{"not_picked":["Expertise+1","Sucker Punch+1"],"picked":"Poisoned Stab+1","floor":40},{"not_picked":["Concentrate+1","Underhanded Strike+1"],"picked":"Flechettes+1","floor":42},{"not_picked":["Sucker Punch+1","Underhanded Strike+1"],"picked":"Footwork+1","floor":44},{"not_picked":["Finisher+1","Leg Sweep+1"],"picked":"Bouncing Flask+1","floor":46},{"not_picked":["Footwork+1","Dodge and Roll+1"],"picked":"Cloak And Dagger+1","floor":47}],"player_experience":144447,"relics_obtained":[{"floor":6,"key":"Happy Flower"},{"floor":8,"key":"Molten Egg 2"},{"floor":9,"key":"Oddly Smooth Stone"},{"floor":24,"key":"Old Coin"},{"floor":26,"key":"Dodecahedron"},{"floor":27,"key":"Tiny Chest"},{"floor":29,"key":"Strawberry"},{"floor":36,"key":"Du-Vu Doll"},{"floor":37,"key":"Toxic Egg 2"},{"floor":40,"key":"Mercury Hourglass"},{"floor":42,"key":"Bird Faced Urn"},{"floor":43,"key":"Centennial Puzzle"}],"event_choices":[{"event_name":"Match and Keep!","player_choice":"1 cards matched","floor":3,"damage_taken":0},{"event_name":"The Cleric","player_choice":"Card Removal","floor":4,"damage_taken":0},{"event_name":"Bonfire Elementals","player_choice":"BASIC","floor":14,"damage_taken":0},{"event_name":"FaceTrader","player_choice":"Trade","floor":20,"damage_taken":0},{"event_name":"Accursed Blacksmith","player_choice":"Rummage","floor":21,"damage_taken":0},{"event_name":"Mysterious Sphere","player_choice":"Fight","floor":36,"damage_taken":0},{"event_name":"SensoryStone","player_choice":"Memory 1","floor":39,"damage_taken":0}],"is_beta":false,"boss_relics":[{"not_picked":["Tiny House","Snecko Eye"],"picked":"Lizard Tail"},{"not_picked":["Calling Bell","Coffee Dripper"],"picked":"Astrolabe"}],"items_purged_floors":[28],"is_endless":false,"potions_floor_spawned":[2,5,8,10,22,24,29,35,42,44],"ascension_level":1}