{"gold_per_floor":[215,215,235,259,284,284,318,318,344,344,369,96,134,134],"floor_reached":14,"playtime":495,"items_purged":["Strike_R"],"score":115,"play_id":"f2e5d3f4-53f7-4973-bebb-d8b4307f65b4","local_time":"20180926085848","is_ascension_mode":true,"campfire_choices":[{"floor":6,"key":"REST"},{"data":"Spot Weakness","floor":8,"key":"SMITH"},{"floor":10,"key":"REST"}],"neow_cost":"NONE","seed_source_timestamp":1538815776007017,"circlet_count":0,"master_deck":["Strike_R","Strike_R","Strike_R","Strike_R","Defend_R","Defend_R","Defend_R","Defend_R","Bash","Spot Weakness+1","Feel No Pain","Flex","Rampage","Battle Trance","Intimidate"],"relics":["Burning Blood","Golden Idol","Happy Flower","Smiling Mask","Blood Vial","Bag of Marbles"],"potions_floor_usage":[7],"damage_taken":[{"damage":12,"enemies":"2 Louse","floor":1,"turns":3},{"damage":0,"enemies":"Small Slimes","floor":3,"turns":3},{"damage":16,"enemies":"Cultist","floor":4,"turns":4},{"damage":16,"enemies":"2 Fungi Beasts","floor":5,"turns":3},{"damage":27,"enemies":"Lagavulin","floor":7,"turns":7},{"damage":20,"enemies":"Large Slime","floor":11,"turns":4},{"damage":49,"enemies":"Gremlin Nob","floor":13,"turns":5},{"damage":29,"enemies":"Gremlin Nob","floor":14,"turns":3}],"seed_played":"-5171191855214054873","potions_obtained":[{"floor":1,"key":"FearPotion"},{"floor":5,"key":"SkillPotion"},{"floor":7,"key":"SpeedPotion"}],"is_trial":false,"path_per_floor":["M","?","M","M","M","R","E","R","T","R","M","$","E"],"character_chosen":"IRONCLAD","items_purchased":["Blood Vial","Intimidate"],"campfire_rested":2,"item_purchase_floors":[12,12],"current_hp_per_floor":[74,54,60,50,40,64,43,43,43,67,53,53,12,0],"gold":134,"neow_bonus":"HUNDRED_GOLD","is_prod":false,"is_daily":false,"chose_seed":false,"campfire_upgraded":1,"win_rate":0,"timestamp":1537977528,"path_taken":["M","?","M","M","M","R","E","R","T","R","M","$","E","?"],"build_version":"2018-09-20","purchased_purges":1,"victory":false,"max_hp_per_floor":[80,80,80,80,80,80,80,80,80,80,80,80,80,80],"card_choices":[{"not_picked":["Iron Wave","Warcry"],"picked":"Spot Weakness","floor":1},{"not_picked":["Intimidate","Uppercut"],"picked":"Feel No Pain","floor":3},{"not_picked":["Power Through","Uppercut"],"picked":"Flex","floor":4},{"not_picked":["Clothesline","Pommel Strike"],"picked":"Rampage","floor":5},{"not_picked":["Iron Wave","Bloodletting"],"picked":"Battle Trance","floor":7},{"not_picked":["Headbutt","Clash","Shockwave"],"picked":"SKIP","floor":11},{"not_picked":["Warcry","Burning Pact","Bloodletting"],"picked":"SKIP","floor":13}],"player_experience":271931,"relics_obtained":[{"floor":7,"key":"Happy Flower"},{"floor":9,"key":"Smiling Mask"},{"floor":13,"key":"Bag of Marbles"}],"event_choices":[{"event_name":"Golden Idol","player_choice":"Take Damage","floor":2,"damage_taken":0},{"event_name":"Dead Adventurer","player_choice":"Searched \u00271\u0027 times","floor":14,"damage_taken":0}],"is_beta":false,"boss_relics":[],"items_purged_floors":[12],"is_endless":false,"potions_floor_spawned":[1,5,7,14],"killed_by":"Gremlin Nob","ascension_level":3}