{"gold_per_floor":[117,117,136,146,160,189,289,264,264,279,345,355,355,373,373,478,478,495,495,495,511,31,31,51,51,75,105,2,15,30,43,43,43],"floor_reached":33,"playtime":1774,"items_purged":["Clumsy"],"score":321,"play_id":"77496242-6fde-4eb7-905e-720465fca349","local_time":"20180713041618","is_ascension_mode":false,"campfire_choices":[{"floor":13,"key":"REST"},{"data":"Cloak And Dagger","floor":15,"key":"SMITH"},{"floor":23,"key":"REST"},{"data":"Corpse Explosion","floor":32,"key":"SMITH"}],"neow_cost":"NONE","seed_source_timestamp":163794433367991,"circlet_count":0,"master_deck":["Defend_G+1","Defend_G+1","Defend_G","Defend_G","Defend_G","Survivor","Neutralize","Cloak And Dagger+1","Sucker Punch","Dagger Spray","Dagger Throw","Flying Knee","Choke","Quick Slash","Corpse Explosion+1","Dagger Spray","Bite","Bite","Bite","Bite","Bite","Accuracy","Wraith Form v2","Parasite","Blade Dance+1","Bane+1"],"relics":["Cursed Key","Turnip","Paper Crane","White Beast Statue","Enchiridion","Question Card","Bag of Marbles","Oddly Smooth Stone","Ornamental Fan"],"potions_floor_usage":[6,16,24,27,29,33,33],"damage_taken":[{"damage":2,"enemies":"2 Louse","floor":1,"turns":4},{"damage":0,"enemies":"Cultist","floor":3,"turns":5},{"damage":0,"enemies":"Small Slimes","floor":4,"turns":3},{"damage":10,"enemies":"Exordium Thugs","floor":5,"turns":5},{"damage":8,"enemies":"Gremlin Nob","floor":6,"turns":5},{"damage":4,"enemies":"Blue Slaver","floor":10,"turns":3},{"damage":0,"enemies":"Large Slime","floor":12,"turns":4},{"damage":0,"enemies":"Exordium Wildlife","floor":14,"turns":2},{"damage":40,"enemies":"The Guardian","floor":16,"turns":13},{"damage":7,"enemies":"Chosen","floor":18,"turns":6},{"damage":15,"enemies":"Spheric Guardian","floor":21,"turns":4},{"damage":4,"enemies":"Centurion and Healer","floor":24,"turns":3},{"damage":21,"enemies":"Gremlin Leader","floor":27,"turns":8},{"damage":12,"enemies":"Snake Plant","floor":29,"turns":6},{"damage":0,"enemies":"3 Cultists","floor":30,"turns":2},{"damage":12,"enemies":"Cultist and Chosen","floor":31,"turns":3},{"damage":60,"enemies":"Collector","floor":33,"turns":6}],"seed_played":"-7984722443424687487","potions_obtained":[{"floor":4,"key":"Energy Potion"},{"floor":5,"key":"Poison Potion"},{"floor":10,"key":"GhostInAJar"},{"floor":14,"key":"GamblersBrew"},{"floor":16,"key":"Dexterity Potion"},{"floor":18,"key":"FearPotion"},{"floor":24,"key":"Block Potion"},{"floor":27,"key":"Regen Potion"},{"floor":29,"key":"Dexterity Potion"},{"floor":31,"key":"Poison Potion"}],"is_trial":false,"path_per_floor":["M","?","M","M","M","E","?","$","T","M","?","M","R","M","R","B",null,"M","?","?","M","$","R","M","?","T","E","$","M","M","M","R"],"character_chosen":"THE_SILENT","items_purchased":["Flying Knee","Question Card","Bag of Marbles","Fruit Juice"],"campfire_rested":2,"item_purchase_floors":[8,22,22,28],"current_hp_per_floor":[68,54,54,54,44,36,36,36,36,32,32,32,53,53,53,13,70,63,49,33,28,28,42,44,44,44,41,41,46,54,50,50,2],"gold":43,"neow_bonus":"BOSS_RELIC","is_prod":false,"is_daily":false,"chose_seed":false,"campfire_upgraded":2,"win_rate":0,"timestamp":1531480578,"path_taken":["M","?","M","M","?","E","?","$","T","M","?","?","R","M","R","BOSS","M","?","?","M","$","R","M","?","T","E","?","M","M","M","R","BOSS"],"build_version":"2018-07-12","purchased_purges":1,"victory":false,"max_hp_per_floor":[70,70,70,70,70,70,70,70,70,70,70,70,70,70,70,70,70,70,49,49,49,49,49,49,49,49,49,49,54,54,54,54,54],"card_choices":[{"not_picked":["Slice","Backstab"],"picked":"Cloak And Dagger","floor":1},{"not_picked":["Crippling Poison","Outmaneuver","Blur"],"picked":"SKIP","floor":3},{"not_picked":["PiercingWail","Wraith Form v2"],"picked":"Sucker Punch","floor":4},{"not_picked":["Underhanded Strike","Sucker Punch"],"picked":"Dagger Spray","floor":5},{"not_picked":["Malaise","Acrobatics"],"picked":"Dagger Throw","floor":6},{"not_picked":["Slice","All Out Attack"],"picked":"Choke","floor":10},{"not_picked":["Bane","Outmaneuver"],"picked":"Quick Slash","floor":12},{"not_picked":["Quick Slash","Dagger Throw"],"picked":"Distraction","floor":14},{"not_picked":["Tactician","A Thousand Cuts"],"picked":"Corpse Explosion","floor":16},{"not_picked":["Distraction","Malaise"],"picked":"Dagger Spray","floor":18},{"not_picked":["Deadly Poison","Underhanded Strike","Setup+1"],"picked":"SKIP","floor":21},{"not_picked":["Blade Dance","Dagger Spray","Flechettes+1"],"picked":"Accuracy","floor":24},{"not_picked":["Backflip","Flechettes","Bane","Slice"],"picked":"SKIP","floor":27},{"not_picked":["Outmaneuver","Choke","Tactician","Dodge and Roll"],"picked":"SKIP","floor":29},{"not_picked":["Bane+1","Dagger Spray","Acrobatics"],"picked":"Blade Dance+1","floor":30},{"not_picked":["Reflex","Blur","Heel Hook"],"picked":"Bane+1","floor":31}],"player_experience":84599,"relics_obtained":[{"floor":6,"key":"Turnip"},{"floor":9,"key":"Paper Crane"},{"floor":20,"key":"Enchiridion"},{"floor":26,"key":"Oddly Smooth Stone"},{"floor":27,"key":"Ornamental Fan"}],"event_choices":[{"event_name":"Shining Light","player_choice":"Entered Light","floor":2,"damage_taken":0},{"event_name":"Wheel of Change","player_choice":"Gold","floor":7,"damage_taken":0},{"event_name":"Golden Wing","player_choice":"Gained Gold","floor":11,"damage_taken":0},{"event_name":"Vampires","player_choice":"Became a vampire","floor":19,"damage_taken":0},{"event_name":"Cursed Tome","player_choice":"Obtained Book","floor":20,"damage_taken":0},{"event_name":"Transmorgrifier","player_choice":"Transform","floor":25,"damage_taken":0}],"boss_relics":[{"not_picked":["Philosopher\u0027s Stone","Velvet Choker"],"picked":"White Beast Statue"}],"items_purged_floors":[22],"is_endless":false,"potions_floor_spawned":[4,5,10,14,16,18,21,24,27,29,30,31],"killed_by":"Collector","ascension_level":0}