{"gold_per_floor":[119,119,135,149,149,149,184,184,209,220,239,257,106,56,56,153,153,170,188,199,199,199,225,238,263,336,366,366,366,266,141,141,245,245,263,263],"floor_reached":36,"playtime":1679,"items_purged":["Strike_R","Writhe","Strike_R+1"],"score":487,"play_id":"7a08cb30-3c90-49ff-8fa1-a2dd57d032d5","local_time":"20190525185145","is_ascension_mode":true,"campfire_choices":[{"data":"Body Slam","floor":6,"key":"SMITH"},{"data":"Bash","floor":8,"key":"SMITH"},{"data":"Hemokinesis","floor":15,"key":"SMITH"},{"floor":29,"key":"REST"},{"data":"Barricade","floor":32,"key":"SMITH"}],"neow_cost":"PERCENT_DAMAGE","seed_source_timestamp":1276328461650515,"circlet_count":0,"master_deck":["Strike_R+1","Defend_R+1","Defend_R+1","Defend_R+1","Defend_R+1","Bash+1","Body Slam+1","Cleave","Blood for Blood","Metallicize","Hemokinesis+1","Berserk","Ghostly Armor","Body Slam+1","Uppercut+1","Dropkick","Twin Strike","Barricade+1","Rage","Limit Break+1","Headbutt+1"],"relics":["Burning Blood","StoneCalendar","Potion Belt","Whetstone","Velvet Choker","Du-Vu Doll","PreservedInsect","Happy Flower","Mummified Hand","Red Mask","Toxic Egg 2","Black Star"],"potions_floor_usage":[16,20,23,23,27,33,33],"damage_taken":[{"damage":9,"enemies":"2 Louse","floor":1,"turns":2},{"damage":1,"enemies":"Cultist","floor":3,"turns":3},{"damage":0,"enemies":"Small Slimes","floor":4,"turns":3},{"damage":25,"enemies":"3 Sentries","floor":7,"turns":7},{"damage":6,"enemies":"Blue Slaver","floor":10,"turns":3},{"damage":32,"enemies":"Exordium Thugs","floor":11,"turns":5},{"damage":0,"enemies":"2 Fungi Beasts","floor":12,"turns":3},{"damage":28,"enemies":"The Guardian","floor":16,"turns":9},{"damage":6,"enemies":"Chosen","floor":18,"turns":3},{"damage":28,"enemies":"2 Thieves","floor":19,"turns":4},{"damage":19,"enemies":"Cultist and Chosen","floor":20,"turns":5},{"damage":5,"enemies":"Gremlin Leader","floor":23,"turns":5},{"damage":10,"enemies":"Snecko","floor":24,"turns":5},{"damage":26,"enemies":"Book of Stabbing","floor":25,"turns":4},{"damage":17,"enemies":"Masked Bandits","floor":27,"turns":3},{"damage":27,"enemies":"Automaton","floor":33,"turns":8},{"damage":28,"enemies":"3 Shapes","floor":35,"turns":4},{"damage":85,"enemies":"2 Orb Walkers","floor":36,"turns":5}],"seed_played":"7897900551955868594","potions_obtained":[{"floor":3,"key":"SkillPotion"},{"floor":7,"key":"SteroidPotion"},{"floor":11,"key":"SkillPotion"},{"floor":16,"key":"Block Potion"},{"floor":18,"key":"FearPotion"},{"floor":19,"key":"PowerPotion"},{"floor":24,"key":"SkillPotion"},{"floor":25,"key":"Strength Potion"},{"floor":27,"key":"LiquidBronze"},{"floor":35,"key":"Energy Potion"}],"is_trial":false,"path_per_floor":["M","?","M","M","T","R","E","R","T","M","M","M","$","?","R","B",null,"M","M","M","?","T","E","M","E","T","?","?","R","$","$","R","B",null,"M","?"],"character_chosen":"IRONCLAD","items_purchased":["Hemokinesis"],"campfire_rested":1,"item_purchase_floors":[13],"current_hp_per_floor":[69,69,74,80,80,80,61,61,61,61,35,41,41,41,41,19,96,96,74,61,61,61,62,58,38,38,27,27,55,55,55,55,34,96,74,0],"gold":263,"neow_bonus":"TWENTY_PERCENT_HP_BONUS","is_prod":false,"is_daily":false,"chose_seed":false,"campfire_upgraded":4,"win_rate":0,"timestamp":1558835505,"path_taken":["M","?","M","?","?","R","E","R","T","?","M","M","$","?","R","BOSS","M","M","M","?","?","E","M","E","T","?","?","R","?","$","R","BOSS","M","?"],"build_version":"2019-01-23","purchased_purges":3,"victory":false,"max_hp_per_floor":[96,96,96,96,96,96,96,96,96,96,96,96,96,96,96,96,96,96,96,96,96,96,96,96,96,96,96,96,96,96,96,96,96,96,96,96],"card_choices":[{"not_picked":["Heavy Blade","Dropkick","Sword Boomerang"],"picked":"SKIP","floor":1},{"not_picked":["Bloodletting","Pommel Strike"],"picked":"Body Slam","floor":3},{"not_picked":["Wild Strike","Clash"],"picked":"Cleave","floor":4},{"not_picked":["Feed","Combust","Power Through"],"picked":"SKIP","floor":7},{"not_picked":["Bloodletting","Warcry"],"picked":"Blood for Blood","floor":10},{"not_picked":["Intimidate","Cleave"],"picked":"Metallicize","floor":11},{"not_picked":["Heavy Blade","Uppercut","Sever Soul"],"picked":"SKIP","floor":12},{"not_picked":["Double Tap","Exhume"],"picked":"Berserk","floor":16},{"not_picked":["Havoc+1","Shockwave"],"picked":"Ghostly Armor","floor":18},{"not_picked":["Entrench","Carnage"],"picked":"Body Slam+1","floor":19},{"not_picked":["Cleave","Spot Weakness"],"picked":"Uppercut+1","floor":20},{"not_picked":["Bloodletting","Power Through"],"picked":"Dropkick","floor":23},{"not_picked":["Body Slam","Disarm"],"picked":"Twin Strike","floor":24},{"not_picked":["Fire Breathing","Evolve"],"picked":"Barricade","floor":25},{"not_picked":["Warcry","Sword Boomerang"],"picked":"Rage","floor":27},{"not_picked":["Feed","Immolate"],"picked":"Limit Break+1","floor":33},{"not_picked":["Cleave+1","Pommel Strike"],"picked":"Headbutt+1","floor":35}],"player_experience":315942,"relics_obtained":[{"floor":5,"key":"StoneCalendar"},{"floor":7,"key":"Potion Belt"},{"floor":9,"key":"Whetstone"},{"floor":22,"key":"Du-Vu Doll"},{"floor":23,"key":"PreservedInsect"},{"floor":25,"key":"Happy Flower"},{"floor":26,"key":"Mummified Hand"},{"floor":27,"key":"Red Mask"}],"event_choices":[{"cards_removed":["Strike_R"],"damage_healed":0,"gold_gain":0,"player_choice":"Offered Basic","damage_taken":0,"max_hp_gain":0,"max_hp_loss":0,"event_name":"Bonfire Elementals","floor":2,"gold_loss":0},{"cards_removed":["Strike_R"],"damage_healed":0,"gold_gain":0,"player_choice":"Card Removal","damage_taken":0,"max_hp_gain":0,"max_hp_loss":0,"event_name":"The Cleric","floor":14,"gold_loss":50},{"damage_healed":0,"gold_gain":0,"player_choice":"Simplicity","damage_taken":0,"max_hp_gain":0,"max_hp_loss":0,"event_name":"Back to Basics","floor":21,"gold_loss":0,"cards_upgraded":["Defend_R","Defend_R","Defend_R","Defend_R"]},{"damage_healed":0,"gold_gain":0,"player_choice":"Fought Bandits","damage_taken":0,"max_hp_gain":0,"max_hp_loss":0,"event_name":"Masked Bandits","floor":27,"gold_loss":0},{"damage_healed":0,"gold_gain":0,"player_choice":"Opened","damage_taken":0,"relics_obtained":["Toxic Egg 2"],"max_hp_gain":0,"max_hp_loss":0,"event_name":"The Mausoleum","floor":28,"gold_loss":0,"cards_obtained":["Writhe"]},{"damage_healed":0,"gold_gain":0,"player_choice":"Fight","damage_taken":0,"max_hp_gain":0,"max_hp_loss":0,"event_name":"Mysterious Sphere","floor":36,"gold_loss":0}],"is_beta":false,"boss_relics":[{"not_picked":["Runic Pyramid","Eternal Feather"],"picked":"Velvet Choker"},{"not_picked":["Empty Cage","Astrolabe"],"picked":"Black Star"}],"items_purged_floors":[13,30,31],"is_endless":false,"potions_floor_spawned":[3,7,11,16,18,19,24,25,27,35],"killed_by":"2 Orb Walkers","ascension_level":3}