{"gold_per_floor":[116,94,113,113,113,142,142,160,160,171,189,189,200,219,219,323,323,340,340,265,35,35,35,66,66,143,155,187,7,25,25],"floor_reached":31,"playtime":881,"items_purged":["Strike_B+1"],"score":405,"play_id":"5b88828d-363f-4e52-b993-e9a06c69e5f3","local_time":"20190506151600","is_ascension_mode":true,"campfire_choices":[{"data":"Dualcast","floor":7,"key":"SMITH"},{"data":"Zap","floor":12,"key":"SMITH"},{"data":"Beam Cell","floor":15,"key":"SMITH"},{"data":"Redo","floor":23,"key":"SMITH"},{"data":"Recycle","floor":25,"key":"SMITH"}],"neow_cost":"NONE","seed_source_timestamp":833810703050077,"circlet_count":0,"master_deck":["Defend_B+1","Defend_B+1","Defend_B+1","Defend_B+1","Zap+1","Dualcast+1","Sweeping Beam","Redo+1","Rebound","Scrape","Beam Cell+1","Recycle+1","Go for the Eyes","Static Discharge","Cold Snap","All For One","Seek","Conserve Battery+1","Defragment","Stack","Rainbow"],"relics":["Cracked Core","NeowsBlessing","Regal Pillow","Singing Bowl","Eternal Feather","Bronze Scales","The Courier","Symbiotic Virus","Strawberry","Oddly Smooth Stone"],"potions_floor_usage":[24,24,24,28],"damage_taken":[{"damage":0,"enemies":"Jaw Worm","floor":1,"turns":1},{"damage":0,"enemies":"2 Louse","floor":3,"turns":1},{"damage":0,"enemies":"Lagavulin","floor":6,"turns":1},{"damage":0,"enemies":"Cultist","floor":8,"turns":2},{"damage":6,"enemies":"Looter","floor":10,"turns":2},{"damage":7,"enemies":"Blue Slaver","floor":11,"turns":3},{"damage":1,"enemies":"Exordium Wildlife","floor":13,"turns":3},{"damage":0,"enemies":"2 Fungi Beasts","floor":14,"turns":3},{"damage":34,"enemies":"Hexaghost","floor":16,"turns":8},{"damage":0,"enemies":"Spheric Guardian","floor":18,"turns":3},{"damage":22,"enemies":"Slavers","floor":24,"turns":4},{"damage":2,"enemies":"Shell Parasite","floor":27,"turns":3},{"damage":34,"enemies":"Gremlin Leader","floor":28,"turns":5},{"damage":24,"enemies":"Shelled Parasite and Fungi","floor":30,"turns":3},{"damage":16,"enemies":"Chosen and Byrds","floor":31,"turns":4}],"seed_played":"-6827381145598581992","potions_obtained":[{"floor":8,"key":"Swift Potion"},{"floor":10,"key":"Explosive Potion"},{"floor":13,"key":"GamblersBrew"},{"floor":16,"key":"Block Potion"},{"floor":24,"key":"PowerPotion"},{"floor":27,"key":"Strength Potion"}],"is_trial":false,"path_per_floor":["M","$","M","?","?","E","R","M","T","M","M","R","M","M","R","B",null,"M","?","?","$","?","R","E","R","T","M","E","$","M","M"],"character_chosen":"DEFECT","items_purchased":["Redo","Bronze Scales","Defragment","Oddly Smooth Stone"],"campfire_rested":0,"item_purchase_floors":[2,21,21,29],"current_hp_per_floor":[68,68,68,68,68,68,68,68,68,62,55,55,54,54,54,20,61,61,61,61,61,61,73,51,63,63,63,36,36,14,0],"gold":25,"neow_bonus":"THREE_ENEMY_KILL","is_prod":false,"is_daily":false,"chose_seed":false,"campfire_upgraded":5,"win_rate":0,"timestamp":1557126960,"path_taken":["M","$","M","?","?","E","R","M","T","M","M","R","?","M","R","BOSS","M","?","?","?","?","R","E","R","T","?","E","$","M","M"],"build_version":"2019-01-23","purchased_purges":1,"victory":false,"max_hp_per_floor":[75,75,75,75,75,75,75,75,75,75,75,75,75,75,75,75,75,75,75,75,75,75,75,75,75,75,77,84,84,86,86],"card_choices":[{"not_picked":["Streamline","Chill"],"picked":"Sweeping Beam","floor":1},{"not_picked":["Cold Snap","Leap"],"picked":"Rebound","floor":3},{"not_picked":["White Noise","Force Field"],"picked":"Beam Cell","floor":6},{"not_picked":["Beam Cell","BootSequence"],"picked":"Recycle","floor":8},{"not_picked":["Redo","Cold Snap"],"picked":"Go for the Eyes","floor":10},{"not_picked":["Streamline","Cold Snap"],"picked":"Static Discharge","floor":11},{"not_picked":["Force Field","Scrape"],"picked":"Cold Snap","floor":13},{"not_picked":["Redo","Ball Lightning"],"picked":"All For One","floor":14},{"not_picked":["Buffer","Amplify"],"picked":"Seek","floor":16},{"not_picked":["Blizzard","Steam"],"picked":"Conserve Battery+1","floor":18},{"not_picked":["Streamline","Barrage"],"picked":"Stack","floor":24},{"not_picked":["Conserve Battery","Leap","Redo"],"picked":"Singing Bowl","floor":27},{"not_picked":["Sunder+1","Redo"],"picked":"Rainbow","floor":28},{"not_picked":["Turbo","Skim","Conserve Battery"],"picked":"Singing Bowl","floor":30}],"player_experience":854776,"relics_obtained":[{"floor":6,"key":"Regal Pillow"},{"floor":9,"key":"Singing Bowl"},{"floor":24,"key":"The Courier"},{"floor":26,"key":"Symbiotic Virus"},{"floor":28,"key":"Strawberry"}],"event_choices":[{"damage_healed":0,"gold_gain":0,"player_choice":"Ignored","damage_taken":0,"max_hp_gain":0,"max_hp_loss":0,"event_name":"Liars Game","floor":4,"gold_loss":0},{"damage_healed":0,"gold_gain":0,"cards_transformed":["Strike_B"],"player_choice":"Transformed","damage_taken":0,"max_hp_gain":0,"max_hp_loss":0,"event_name":"Transmorgrifier","floor":5,"gold_loss":0,"cards_obtained":["Scrape"]},{"damage_healed":0,"gold_gain":0,"player_choice":"Simplicity","damage_taken":0,"max_hp_gain":0,"max_hp_loss":0,"event_name":"Back to Basics","floor":19,"gold_loss":0,"cards_upgraded":["Strike_B","Strike_B","Strike_B","Defend_B","Defend_B","Defend_B","Defend_B"]},{"cards_removed":["Strike_B"],"damage_healed":0,"gold_gain":0,"player_choice":"Gave Gold","damage_taken":0,"max_hp_gain":0,"max_hp_loss":0,"event_name":"Beggar","floor":20,"gold_loss":75},{"cards_removed":["Strike_B"],"damage_healed":0,"gold_gain":0,"player_choice":"Purged","damage_taken":0,"max_hp_gain":0,"max_hp_loss":0,"event_name":"Purifier","floor":22,"gold_loss":0}],"is_beta":false,"boss_relics":[{"not_picked":["Cursed Key","White Beast Statue"],"picked":"Eternal Feather"}],"items_purged_floors":[29],"is_endless":false,"potions_floor_spawned":[8,10,13,16,18,24,27],"killed_by":"Chosen and Byrds","ascension_level":7}