{"gold_per_floor":[115,64,74,89,105,105,124,141,167,180,180,197,197,257,257,358,358,375,22,112,112],"floor_reached":21,"playtime":695,"items_purged":[],"score":199,"play_id":"2a36f321-46ef-4e4b-a659-d2876c50b60d","local_time":"20180926110300","is_ascension_mode":true,"campfire_choices":[{"data":"Havoc","floor":6,"key":"SMITH"},{"floor":15,"key":"REST"}],"neow_cost":"","seed_source_timestamp":1546067145246609,"circlet_count":0,"master_deck":["Strike_R","Strike_R","Defend_R","Defend_R","Defend_R","Defend_R","Bash","Twin Strike","Clash","Havoc+1","True Grit","Clash","Headbutt","Headbutt","Immolate","Combust+1","Sentinel+1","Burning Pact+1","The Bomb"],"relics":["Burning Blood","Smiling Mask","Juzu Bracelet","Astrolabe","Boot"],"potions_floor_usage":[16],"damage_taken":[{"damage":11,"enemies":"Cultist","floor":1,"turns":4},{"damage":12,"enemies":"2 Louse","floor":3,"turns":2},{"damage":15,"enemies":"Small Slimes","floor":4,"turns":3},{"damage":11,"enemies":"2 Fungi Beasts","floor":5,"turns":3},{"damage":16,"enemies":"Blue Slaver","floor":7,"turns":3},{"damage":0,"enemies":"Large Slime","floor":8,"turns":2},{"damage":11,"enemies":"Gremlin Gang","floor":10,"turns":6},{"damage":8,"enemies":"3 Louse","floor":12,"turns":2},{"damage":66,"enemies":"The Guardian","floor":16,"turns":13},{"damage":27,"enemies":"Spheric Guardian","floor":18,"turns":4},{"damage":0,"enemies":"3 Byrds","floor":21,"turns":1}],"seed_played":"-5033068505599016734","potions_obtained":[{"floor":3,"key":"SkillPotion"},{"floor":8,"key":"Energy Potion"},{"floor":12,"key":"BloodPotion"},{"floor":16,"key":"AttackPotion"}],"is_trial":false,"path_per_floor":["M","$","M","M","M","R","M","M","T","M","$","M","?","?","R","B",null,"M","$","?"],"character_chosen":"IRONCLAD","items_purchased":["Clash","Boot","The Bomb"],"campfire_rested":1,"item_purchase_floors":[2,19,19],"current_hp_per_floor":[75,75,69,60,55,55,45,51,51,46,46,44,44,44,68,8,80,59,59,43,43],"gold":112,"neow_bonus":"","is_prod":false,"is_daily":false,"chose_seed":false,"campfire_upgraded":1,"win_rate":0,"timestamp":1537984980,"path_taken":["M","$","M","M","M","R","M","M","T","M","$","?","?","?","R","BOSS","M","$","?","M"],"build_version":"2018-09-20","purchased_purges":0,"victory":false,"max_hp_per_floor":[80,80,80,80,80,80,80,80,80,80,80,80,80,80,80,80,80,80,80,80,80],"card_choices":[{"not_picked":["Thunderclap","Iron Wave"],"picked":"Twin Strike","floor":1},{"not_picked":["Perfected Strike","Sword Boomerang"],"picked":"Havoc","floor":3},{"not_picked":["Rupture","Anger"],"picked":"True Grit","floor":4},{"not_picked":["Anger","Clothesline"],"picked":"Clash","floor":5},{"not_picked":["Reckless Charge","Pommel Strike","Uppercut"],"picked":"SKIP","floor":7},{"not_picked":["Intimidate","Wild Strike","Hemokinesis"],"picked":"SKIP","floor":8},{"not_picked":["Body Slam","Twin Strike"],"picked":"Headbutt","floor":10},{"not_picked":["True Grit","Intimidate"],"picked":"Headbutt","floor":12},{"not_picked":["Exhume","Barricade"],"picked":"Immolate","floor":16},{"not_picked":["Pommel Strike","Havoc","Spot Weakness"],"picked":"SKIP","floor":18}],"player_experience":279039,"relics_obtained":[{"floor":9,"key":"Smiling Mask"},{"floor":13,"key":"Juzu Bracelet"}],"event_choices":[{"event_name":"Wheel of Change","player_choice":"Relic","floor":13,"damage_taken":0},{"event_name":"Golden Wing","player_choice":"Gained Gold","floor":14,"damage_taken":0},{"event_name":"Knowing Skull","player_choice":"GOLD ","floor":20,"damage_taken":0}],"is_beta":false,"boss_relics":[{"not_picked":["Mark of Pain","Black Star"],"picked":"Astrolabe"}],"items_purged_floors":[],"is_endless":false,"potions_floor_spawned":[3,8,12,16],"killed_by":"3 Byrds","ascension_level":3}