{"gold_per_floor":[115,290,303,380,396,422,190,219,219,230,263,213,213,227,227,227],"floor_reached":16,"playtime":905,"items_purged":["Doubt"],"score":160,"play_id":"9c4ea54e-548e-4fe6-a538-046da88d7f18","local_time":"20180727050508","is_ascension_mode":true,"campfire_choices":[{"floor":15,"key":"REST"}],"neow_cost":"NONE","seed_source_timestamp":113337505187527,"circlet_count":0,"master_deck":["Defend_G","Defend_G","Defend_G","Defend_G","Defend_G","Strike_G","Strike_G","Strike_G","Strike_G","Strike_G","Survivor","Neutralize","Dagger Spray","Masterful Stab","Dodge and Roll","Underhanded Strike","Slice","Dagger Throw","Bullet Time+1","Dagger Throw"],"relics":["WristBlade","Blood Vial","Juzu Bracelet","Sundial","Pear","StoneCalendar"],"potions_floor_usage":[11,16],"damage_taken":[{"damage":0,"enemies":"Small Slimes","floor":1,"turns":3},{"damage":10,"enemies":"Jaw Worm","floor":3,"turns":4},{"damage":0,"enemies":"2 Louse","floor":5,"turns":3},{"damage":32,"enemies":"Lagavulin","floor":6,"turns":8},{"damage":19,"enemies":"Gremlin Nob","floor":8,"turns":5},{"damage":0,"enemies":"Blue Slaver","floor":10,"turns":3},{"damage":0,"enemies":"3 Sentries","floor":11,"turns":2},{"damage":23,"enemies":"Gremlin Gang","floor":14,"turns":4},{"damage":23,"enemies":"The Guardian","floor":16,"turns":9}],"seed_played":"3733439973479460887","potions_obtained":[{"floor":3,"key":"SteroidPotion"},{"floor":5,"key":"Energy Potion"},{"floor":11,"key":"SteroidPotion"}],"is_trial":false,"path_per_floor":["M","?","M","?","M","E","$","E","T","M","E","$","?","M","R"],"character_chosen":"THE_SILENT","items_purchased":["Juzu Bracelet","Dagger Throw"],"campfire_rested":1,"item_purchase_floors":[7,12],"current_hp_per_floor":[70,70,60,60,60,28,28,11,21,23,25,25,25,4,28,7],"gold":227,"neow_bonus":"BOSS_RELIC","is_prod":false,"is_daily":false,"chose_seed":false,"campfire_upgraded":0,"win_rate":0,"timestamp":1532693108,"path_taken":["M","?","M","?","M","E","$","E","T","M","E","$","?","M","R","BOSS"],"build_version":"2018-07-26","purchased_purges":1,"victory":false,"max_hp_per_floor":[70,70,70,70,70,70,70,70,80,80,80,80,80,80,80,80],"card_choices":[{"not_picked":["All Out Attack","Accuracy"],"picked":"Dagger Spray","floor":1},{"not_picked":["Eviscerate","Distraction"],"picked":"Masterful Stab","floor":3},{"not_picked":["Heel Hook","Masterful Stab"],"picked":"Dodge and Roll","floor":5},{"not_picked":["Bane","Sucker Punch"],"picked":"Underhanded Strike","floor":6},{"not_picked":["Tactician","Bane"],"picked":"Slice","floor":8},{"not_picked":["Endless Agony","Burst"],"picked":"Dagger Throw","floor":10},{"not_picked":["Doppelganger","Quick Slash"],"picked":"Bullet Time","floor":11},{"not_picked":["Expertise","PiercingWail","Riddle With Holes"],"picked":"SKIP","floor":14}],"player_experience":162920,"relics_obtained":[{"floor":6,"key":"Blood Vial"},{"floor":8,"key":"Sundial"},{"floor":9,"key":"Pear"},{"floor":11,"key":"StoneCalendar"}],"event_choices":[{"event_name":"Liars Game","player_choice":"agreed","floor":2,"damage_taken":0},{"event_name":"Golden Wing","player_choice":"Gained Gold","floor":4,"damage_taken":0},{"event_name":"Accursed Blacksmith","player_choice":"Forge","floor":13,"damage_taken":0}],"is_beta":false,"boss_relics":[],"items_purged_floors":[7],"is_endless":false,"potions_floor_spawned":[3,5,11],"killed_by":"The Guardian","ascension_level":2}