{"gold_per_floor":[115,129,0,13,26,26,56,26,26,52,2,15,0,0,0,0],"floor_reached":16,"playtime":682,"items_purged":["Strike_B","Strike_B"],"score":149,"play_id":"8a38ada3-0c3d-4631-8295-c60fae042cd8","local_time":"20190504094403","is_ascension_mode":true,"campfire_choices":[{"data":"Go for the Eyes","floor":6,"key":"SMITH"},{"floor":15,"key":"REST"}],"neow_cost":"NONE","seed_source_timestamp":641289191392801,"circlet_count":0,"master_deck":["Strike_B","Defend_B","Defend_B","Defend_B","Defend_B","Zap","Dualcast","Genetic Algorithm","Gash","Coolheaded","Sweeping Beam","Go for the Eyes+1","Glacier","Reboot"],"relics":["Cracked Core","Bag of Marbles","Smiling Mask","Dodecahedron"],"potions_floor_usage":[10,12,16],"damage_taken":[{"damage":1,"enemies":"Cultist","floor":1,"turns":3},{"damage":2,"enemies":"Small Slimes","floor":2,"turns":4},{"damage":0,"enemies":"Jaw Worm","floor":4,"turns":5},{"damage":2,"enemies":"Exordium Wildlife","floor":5,"turns":5},{"damage":27,"enemies":"3 Sentries","floor":7,"turns":8},{"damage":7,"enemies":"Gremlin Nob","floor":10,"turns":5},{"damage":8,"enemies":"Gremlin Gang","floor":12,"turns":3},{"damage":77,"enemies":"Hexaghost","floor":16,"turns":18}],"seed_played":"-3481306871278277881","potions_obtained":[{"floor":5,"key":"FearPotion"},{"floor":8,"key":"PowerPotion"},{"floor":8,"key":"GamblersBrew"},{"floor":10,"key":"Energy Potion"}],"is_trial":false,"path_per_floor":["M","M","$","M","M","R","E","?","T","E","$","M","?","?","R","B"],"character_chosen":"DEFECT","items_purchased":["Coolheaded"],"campfire_rested":1,"item_purchase_floors":[3],"current_hp_per_floor":[67,65,65,65,63,63,36,36,36,29,29,21,21,46,68,0],"gold":0,"neow_bonus":"REMOVE_CARD","is_prod":false,"is_daily":false,"chose_seed":false,"campfire_upgraded":1,"win_rate":0,"timestamp":1556934243,"path_taken":["M","M","$","M","M","R","E","?","T","E","$","?","?","?","R","BOSS"],"build_version":"2019-01-23","purchased_purges":2,"victory":false,"max_hp_per_floor":[75,75,75,75,75,75,75,75,75,75,75,75,75,75,75,75],"card_choices":[{"not_picked":["Redo","Go for the Eyes"],"picked":"Genetic Algorithm","floor":1},{"not_picked":["Streamline","Capacitor"],"picked":"Gash","floor":2},{"not_picked":["Leap","Static Discharge"],"picked":"Sweeping Beam","floor":4},{"not_picked":["Barrage","Tempest"],"picked":"Go for the Eyes","floor":5},{"not_picked":["Barrage","Reboot"],"picked":"Glacier","floor":7},{"not_picked":["Stack","Lockon"],"picked":"Reboot","floor":10},{"not_picked":["Turbo","Beam Cell","Cold Snap"],"picked":"SKIP","floor":12}],"player_experience":850134,"relics_obtained":[{"floor":7,"key":"Bag of Marbles"},{"floor":9,"key":"Smiling Mask"},{"floor":10,"key":"Dodecahedron"}],"event_choices":[{"damage_healed":0,"gold_gain":0,"player_choice":"Bought 2 Potions","damage_taken":0,"max_hp_gain":0,"max_hp_loss":0,"event_name":"The Woman in Blue","floor":8,"gold_loss":0},{"damage_healed":0,"gold_gain":0,"player_choice":"Left Gold","damage_taken":0,"max_hp_gain":0,"max_hp_loss":0,"event_name":"World of Goop","floor":13,"gold_loss":15},{"damage_healed":25,"gold_gain":0,"player_choice":"Banana","damage_taken":0,"max_hp_gain":0,"max_hp_loss":0,"event_name":"Big Fish","floor":14,"gold_loss":0}],"is_beta":false,"boss_relics":[],"items_purged_floors":[3,11],"is_endless":false,"potions_floor_spawned":[5,10],"killed_by":"Hexaghost","ascension_level":7}