{"gold_per_floor":[118,132,55,73,73,73,101,116,140,173,25,37,51,51,51,148,148,161,180,6,6,19,47,47,86,158,158],"floor_reached":27,"playtime":1375,"items_purged":[],"score":380,"play_id":"ab983be5-d976-4143-81f7-b764c1c70874","local_time":"20190203173106","is_ascension_mode":true,"campfire_choices":[{"floor":6,"key":"REST"},{"floor":15,"key":"REST"},{"floor":24,"key":"REST"}],"neow_cost":"PERCENT_DAMAGE","seed_source_timestamp":2135040016521481,"circlet_count":0,"master_deck":["AscendersBane","Strike_B","Strike_B","Strike_B","Strike_B+1","Defend_B","Defend_B","Defend_B","Defend_B","Zap","Dualcast+1","Secret Technique","Bandage Up+1","Ball Lightning","Go for the Eyes","White Noise","Ball Lightning","Conserve Battery","Beam Cell","Capacitor","Core Surge","Scrape","Scrape","All For One","Biased Cognition","Chaos+1","Loop","HandOfGreed","Conserve Battery+1","Capacitor+1","Consume+1"],"relics":["Cracked Core","Ancient Tea Set","Bag of Preparation","DataDisk","Fusion Hammer","Mummified Hand","Gremlin Horn"],"potions_floor_usage":[8,13,16,16,23],"damage_taken":[{"damage":1,"enemies":"Cultist","floor":1,"turns":3},{"damage":3,"enemies":"2 Louse","floor":2,"turns":2},{"damage":4,"enemies":"Jaw Worm","floor":4,"turns":2},{"damage":30,"enemies":"3 Sentries","floor":7,"turns":5},{"damage":8,"enemies":"Gremlin Gang","floor":8,"turns":4},{"damage":10,"enemies":"Gremlin Nob","floor":10,"turns":3},{"damage":16,"enemies":"3 Louse","floor":12,"turns":4},{"damage":1,"enemies":"Blue Slaver","floor":13,"turns":3},{"damage":39,"enemies":"The Guardian","floor":16,"turns":9},{"damage":12,"enemies":"Shell Parasite","floor":18,"turns":3},{"damage":5,"enemies":"Chosen","floor":19,"turns":3},{"damage":40,"enemies":"Snake Plant","floor":22,"turns":5},{"damage":20,"enemies":"Slavers","floor":23,"turns":4},{"damage":31,"enemies":"Shelled Parasite and Fungi","floor":25,"turns":6},{"damage":6,"enemies":"3 Cultists","floor":27,"turns":2}],"seed_played":"3507162135671211475","potions_obtained":[{"floor":2,"key":"FearPotion"},{"floor":7,"key":"Fire Potion"},{"floor":12,"key":"PowerPotion"},{"floor":13,"key":"Regen Potion"},{"floor":19,"key":"SpeedPotion"},{"floor":22,"key":"Energy Potion"}],"is_trial":false,"path_per_floor":["M","M","$","M","?","R","E","M","T","E","$","M","M","?","R","B",null,"M","M","$","?","M","E","R","M","T","M"],"character_chosen":"DEFECT","items_purchased":["White Noise","Core Surge","Scrape","HandOfGreed"],"campfire_rested":3,"item_purchase_floors":[3,11,11,20],"current_hp_per_floor":[53,50,50,46,31,53,29,27,27,17,17,7,12,12,34,16,60,54,55,55,55,21,7,29,4,4,0],"gold":158,"neow_bonus":"RANDOM_COLORLESS_2","is_prod":false,"is_daily":false,"chose_seed":false,"campfire_upgraded":0,"win_rate":0,"timestamp":1549233066,"path_taken":["M","M","?","?","?","R","E","M","T","E","$","M","M","?","R","BOSS","M","M","$","?","M","E","R","M","T","M"],"build_version":"2019-01-23","purchased_purges":0,"victory":false,"max_hp_per_floor":[75,75,75,75,75,75,75,75,75,75,75,75,75,75,75,75,75,75,75,75,75,75,75,75,75,75,75],"card_choices":[{"not_picked":["Streamline","Gash"],"picked":"Ball Lightning","floor":1},{"not_picked":["Hologram","Gash"],"picked":"Go for the Eyes","floor":2},{"not_picked":["Steam","Hyperbeam"],"picked":"Ball Lightning","floor":4},{"not_picked":["Rebound","Beam Cell"],"picked":"Conserve Battery","floor":7},{"not_picked":["Fusion","Steam"],"picked":"Beam Cell","floor":8},{"not_picked":["Chaos","Beam Cell"],"picked":"Capacitor","floor":10},{"not_picked":["Steam","Go for the Eyes"],"picked":"Scrape","floor":12},{"not_picked":["Fusion","Turbo"],"picked":"All For One","floor":13},{"not_picked":["Reboot","Fission"],"picked":"Biased Cognition","floor":16},{"not_picked":["Hologram","Conserve Battery"],"picked":"Chaos+1","floor":18},{"not_picked":["Steam","Streamline"],"picked":"Loop","floor":19},{"not_picked":["Barrage","Loop"],"picked":"Conserve Battery+1","floor":22},{"not_picked":["Machine Learning","Leap+1"],"picked":"Capacitor+1","floor":23},{"not_picked":["Coolheaded","Hologram"],"picked":"Consume+1","floor":25}],"player_experience":853054,"relics_obtained":[{"floor":7,"key":"Ancient Tea Set"},{"floor":9,"key":"Bag of Preparation"},{"floor":10,"key":"DataDisk"},{"floor":23,"key":"Mummified Hand"},{"floor":26,"key":"Gremlin Horn"}],"event_choices":[{"damage_healed":0,"gold_gain":0,"player_choice":"Entered Light","damage_taken":15,"max_hp_gain":0,"max_hp_loss":0,"event_name":"Shining Light","floor":5,"gold_loss":0,"cards_upgraded":["Bandage Up","Strike_B"]},{"damage_healed":0,"gold_gain":0,"player_choice":"Ignored","damage_taken":0,"max_hp_gain":0,"max_hp_loss":0,"event_name":"Liars Game","floor":14,"gold_loss":0},{"damage_healed":0,"gold_gain":0,"player_choice":"Forge","damage_taken":0,"max_hp_gain":0,"max_hp_loss":0,"event_name":"Accursed Blacksmith","floor":21,"gold_loss":0,"cards_upgraded":["Dualcast"]}],"is_beta":false,"boss_relics":[{"not_picked":["Velvet Choker","Tiny House"],"picked":"Fusion Hammer"}],"items_purged_floors":[],"is_endless":false,"potions_floor_spawned":[2,7,12,13,19,22],"killed_by":"3 Cultists","ascension_level":11}