{"gold_per_floor":[118,134,202,377,396,424,124,139,139,139,149,149,174,186,198,315,327,350,378,402,432,444,456],"floor_reached":23,"playtime":1186,"items_purged":["Doubt"],"score":239,"play_id":"26bbadd6-07f0-4184-add0-0a26e867abed","local_time":"20180721094704","is_ascension_mode":true,"campfire_choices":[{"data":"Hemokinesis","floor":10,"key":"SMITH"},{"data":"Bash","floor":15,"key":"SMITH"}],"neow_cost":"NONE","seed_source_timestamp":324158470781329,"circlet_count":0,"master_deck":["Strike_R","Strike_R","Strike_R","Strike_R","Strike_R","Defend_R","Defend_R","Defend_R","Defend_R","Bash+1","Pummel","Dropkick","Hemokinesis+1","Thunderclap","Dropkick","Flex+1","Flash of Steel","Seeing Red+1","Dual Wield+1","Clash","Pummel","Regret","Fiend Fire","Thunderclap","Twin Strike","Whirlwind","Clash+1","Power Through+1"],"relics":["Burning Blood","Toxic Egg 2","Matryoshka","Potion Belt","MawBank","Ancient Tea Set","Black Star"],"potions_floor_usage":[6,23,23,23,23],"damage_taken":[{"damage":2,"enemies":"Small Slimes","floor":1,"turns":4},{"damage":2,"enemies":"2 Louse","floor":2,"turns":2},{"damage":9,"enemies":"Jaw Worm","floor":5,"turns":4},{"damage":17,"enemies":"Gremlin Nob","floor":6,"turns":3},{"damage":7,"enemies":"Exordium Wildlife","floor":8,"turns":3},{"damage":10,"enemies":"Looter","floor":11,"turns":2},{"damage":2,"enemies":"Lagavulin","floor":13,"turns":2},{"damage":16,"enemies":"Slime Boss","floor":16,"turns":6},{"damage":7,"enemies":"Spheric Guardian","floor":18,"turns":3},{"damage":4,"enemies":"Chosen","floor":19,"turns":4},{"damage":24,"enemies":"Snecko","floor":20,"turns":4},{"damage":47,"enemies":"3 Cultists","floor":21,"turns":5},{"damage":9,"enemies":"Gremlin Leader","floor":23,"turns":5}],"seed_played":"3521116482756073648","potions_obtained":[{"floor":1,"key":"Ancient Potion"},{"floor":5,"key":"Strength Potion"},{"floor":13,"key":"GamblersBrew"},{"floor":16,"key":"Weak Potion"},{"floor":20,"key":"Energy Potion"},{"floor":21,"key":"BloodPotion"}],"is_trial":false,"path_per_floor":["M","M","?","?","M","E","$","M","T","R","M","?","E","?","R","B",null,"M","M","M","M","?"],"character_chosen":"IRONCLAD","items_purchased":["Flex+1","Flash of Steel","Seeing Red+1"],"campfire_rested":0,"item_purchase_floors":[7,7,7],"current_hp_per_floor":[80,80,80,80,77,66,66,65,65,65,61,49,53,53,53,43,80,79,80,62,21,21,20],"gold":456,"neow_bonus":"THREE_CARDS","is_prod":false,"is_daily":false,"chose_seed":false,"campfire_upgraded":2,"win_rate":0,"timestamp":1532191624,"path_taken":["M","M","?","?","M","E","$","M","T","R","?","?","E","?","R","BOSS","M","M","?","M","?","E"],"build_version":"2018-07-19v2","purchased_purges":1,"victory":false,"max_hp_per_floor":[80,80,80,80,80,80,80,80,80,80,80,80,80,80,80,80,80,80,80,80,80,80,80],"card_choices":[{"not_picked":["True Grit","Perfected Strike"],"picked":"Pummel","floor":0},{"not_picked":["True Grit","Twin Strike"],"picked":"Dropkick","floor":1},{"not_picked":["Anger","Bloodletting"],"picked":"Hemokinesis","floor":2},{"not_picked":["Armaments","Combust"],"picked":"Thunderclap","floor":5},{"not_picked":["True Grit","Anger"],"picked":"Dropkick","floor":6},{"not_picked":["Flex+1","True Grit+1"],"picked":"Dual Wield+1","floor":8},{"not_picked":["Corruption","Ghostly Armor+1"],"picked":"Clash","floor":11},{"not_picked":["Battle Trance+1","Ghostly Armor+1"],"picked":"Pummel","floor":13},{"not_picked":["Double Tap+1","Reaper"],"picked":"Fiend Fire","floor":16},{"not_picked":["Shrug It Off+1","Perfected Strike"],"picked":"Thunderclap","floor":18},{"not_picked":["Reckless Charge+1","Dual Wield+1"],"picked":"Twin Strike","floor":19},{"not_picked":["Juggernaut","Combust"],"picked":"Whirlwind","floor":20},{"not_picked":["Dropkick","Combust"],"picked":"Clash+1","floor":21}],"player_experience":120272,"relics_obtained":[{"floor":6,"key":"Toxic Egg 2"},{"floor":9,"key":"Matryoshka"},{"floor":13,"key":"MawBank"}],"event_choices":[{"event_name":"Golden Wing","player_choice":"Gained Gold","floor":3,"damage_taken":0},{"event_name":"Liars Game","player_choice":"agreed","floor":4,"damage_taken":0},{"event_name":"Scrap Ooze","player_choice":"success","floor":12,"damage_taken":12},{"event_name":"Big Fish","player_choice":"Box","floor":14,"damage_taken":0},{"event_name":"The Library","player_choice":"Read","floor":22,"damage_taken":0}],"is_beta":false,"boss_relics":[{"not_picked":["Runic Pyramid","White Beast Statue"],"picked":"Black Star"}],"items_purged_floors":[7],"is_endless":false,"potions_floor_spawned":[1,5,13,16,20,21],"killed_by":"Gremlin Leader","ascension_level":1}