{"gold_per_floor":[116,116,191,191,203,203,203,203,227,242,255,288,308,341,341,439,439,459,475,475,269,269,301,301,334,334,334,349,367,367,397,397,494,494,506,517,517,530,530,530],"floor_reached":40,"playtime":2825,"items_purged":[],"score":527,"play_id":"0e51a398-0246-487d-98e7-1efc2f62578f","local_time":"20180728204631","is_ascension_mode":true,"campfire_choices":[{"floor":6.0,"key":"REST"},{"data":"Intimidate","floor":8.0,"key":"SMITH"},{"floor":15.0,"key":"REST"},{"floor":24.0,"key":"REST"},{"floor":27.0,"key":"REST"},{"floor":30.0,"key":"REST"},{"floor":32.0,"key":"REST"}],"neow_cost":"NONE","seed_source_timestamp":0,"circlet_count":0,"master_deck":["Strike_R","Strike_R","Strike_R","Strike_R","Strike_R","Defend_R+1","Defend_R","Defend_R","Defend_R","Bash","Feed","Intimidate+1","Inflame","Inflame","Armaments","Spot Weakness+1","Headbutt","Shrug It Off","Shrug It Off","Clothesline","RitualDagger","Headbutt+1","Flame Barrier","Iron Wave+1","Immolate","Pummel+1","Iron Wave+1"],"special_seed":0,"relics":["Burning Blood","Blood Vial","Boot","Omamori","Bag of Marbles","Incense Burner","Calling Bell","Oddly Smooth Stone","Letter Opener","Torii","Toolbox","Darkstone Periapt","War Paint","Blue Candle","Red Mask","Black Star"],"potions_floor_usage":[33,33],"damage_taken":[{"damage":11.0,"enemies":"2 Louse","floor":1.0,"turns":4.0},{"damage":6.0,"enemies":"Small Slimes","floor":5.0,"turns":4.0},{"damage":9.0,"enemies":"Jaw Worm","floor":10.0,"turns":2.0},{"damage":6.0,"enemies":"Looter","floor":11.0,"turns":3.0},{"damage":25.0,"enemies":"Gremlin Nob","floor":12.0,"turns":4.0},{"damage":0.0,"enemies":"Large Slime","floor":13.0,"turns":5.0},{"damage":26.0,"enemies":"Lagavulin","floor":14.0,"turns":6.0},{"damage":56.0,"enemies":"Hexaghost","floor":16.0,"turns":8.0},{"damage":26.0,"enemies":"3 Byrds","floor":18.0,"turns":9.0},{"damage":29.0,"enemies":"2 Thieves","floor":19.0,"turns":5.0},{"damage":69.0,"enemies":"Slavers","floor":23.0,"turns":9.0},{"damage":44.0,"enemies":"Gremlin Leader","floor":25.0,"turns":10.0},{"damage":9.0,"enemies":"Cultist and Chosen","floor":28.0,"turns":7.0},{"damage":34.0,"enemies":"3 Cultists","floor":29.0,"turns":8.0},{"damage":22.0,"floor":31.0,"turns":6.0},{"damage":79,"enemies":"Collector","floor":33,"turns":11},{"damage":2,"enemies":"Orb Walker","floor":35,"turns":3},{"damage":8,"enemies":"3 Shapes","floor":36,"turns":1},{"damage":25,"enemies":"Spire Growth","floor":38,"turns":5},{"damage":114,"enemies":"Giant Head","floor":40,"turns":9}],"seed_played":"-4467121316581841724","potions_obtained":[{"floor":1.0,"key":"LiquidBronze"},{"floor":12.0,"key":"Swift Potion"},{"floor":13.0,"key":"Regen Potion"},{"floor":14.0,"key":"FearPotion"},{"floor":18.0,"key":"Fruit Juice"},{"floor":19.0,"key":"BloodPotion"},{"floor":23.0,"key":"Swift Potion"},{"floor":28.0,"key":"BloodPotion"},{"floor":36,"key":"FearPotion"}],"is_trial":false,"path_per_floor":["M","?","?","$","M","R","T","R","T","M","M","E","M","E","R","B",null,"M","M","?","$","?","E","R","E","T","R","M","M","R","?","R","B",null,"M","M","$","M","?"],"character_chosen":"IRONCLAD","items_purchased":["Toolbox"],"campfire_rested":6,"item_purchase_floors":[21],"current_hp_per_floor":[78,45,34,34,39,64,64,64,64,63,65,51,62,44,71,23,92,75,62,56,56,56,14,46,10,10,42,41,15,47,33,65,14,107,110,108,108,91,91,0],"gold":530,"neow_bonus":"ONE_RANDOM_RARE_CARD","is_prod":false,"is_daily":false,"chose_seed":false,"campfire_upgraded":1,"win_rate":0,"timestamp":1532835991,"path_taken":["M","?","?","$","?","R","?","R","T","M","M","E","M","E","R","BOSS","M","M","?","$","?","E","R","E","T","R","M","?","R","?","R","BOSS","M","M","$","?","?","E"],"build_version":"2018-07-26","purchased_purges":0,"victory":false,"max_hp_per_floor":[83,83,83,83,86,86,86,86,86,86,86,89,92,92,92,92,92,95,103,103,103,103,107,107,107,107,107,107,107,107,107,107,107,107,110,110,110,110,110,110],"card_choices":[{"not_picked":["Burning Pact","Anger"],"picked":"Intimidate","floor":1.0},{"not_picked":["True Grit","Perfected Strike"],"picked":"Inflame","floor":5.0},{"not_picked":["True Grit","Flex"],"picked":"Inflame","floor":10.0},{"not_picked":["Havoc","Clothesline"],"picked":"Armaments","floor":11.0},{"not_picked":["Limit Break","Battle Trance"],"picked":"Spot Weakness","floor":12.0},{"not_picked":["Sword Boomerang","Combust"],"picked":"Headbutt","floor":13.0},{"not_picked":["Dual Wield","Pommel Strike"],"picked":"Shrug It Off","floor":14.0},{"not_picked":["Disarm","True Grit"],"picked":"Shrug It Off","floor":18.0},{"not_picked":["Rupture","Fire Breathing"],"picked":"Clothesline","floor":19.0},{"not_picked":["Power Through","Reckless Charge"],"picked":"Headbutt+1","floor":23.0},{"not_picked":["True Grit","Havoc","Sever Soul"],"picked":"SKIP","floor":25.0},{"not_picked":["Heavy Blade+1","Power Through"],"picked":"Flame Barrier","floor":28.0},{"not_picked":["Havoc+1","Uppercut"],"picked":"Iron Wave+1","floor":29.0},{"not_picked":["Impervious","Exhume"],"picked":"Immolate","floor":33},{"not_picked":["Anger","Perfected Strike+1","Shrug It Off"],"picked":"SKIP","floor":35},{"not_picked":["Corruption","Sword Boomerang+1"],"picked":"Pummel+1","floor":36},{"not_picked":["Anger","True Grit+1"],"picked":"Iron Wave+1","floor":38}],"player_experience":171503,"relics_obtained":[{"floor":7.0,"key":"Boot"},{"floor":9.0,"key":"Omamori"},{"floor":12.0,"key":"Bag of Marbles"},{"floor":14.0,"key":"Incense Burner"},{"floor":17.0,"key":"Oddly Smooth Stone"},{"floor":17.0,"key":"Letter Opener"},{"floor":17.0,"key":"Torii"},{"floor":23.0,"key":"Darkstone Periapt"},{"floor":25.0,"key":"War Paint"},{"floor":26.0,"key":"Blue Candle"},{"floor":31.0,"key":"Red Mask"}],"event_choices":[{"event_name":"Scrap Ooze","player_choice":"success","floor":2.0,"damage_taken":33.0},{"event_name":"World of Goop","player_choice":"Gather Gold","floor":3.0,"damage_taken":0.0},{"event_name":"Nest","player_choice":"Joined the Cult","floor":20.0,"damage_taken":0.0},{"event_name":"Purifier","player_choice":"Skipped","floor":22.0,"damage_taken":0.0},{"event_name":"Masked Bandits","player_choice":"Fought over 367 gold","floor":31.0,"damage_taken":0.0},{"event_name":"Purifier","player_choice":"One Purge","floor":39,"damage_taken":0}],"is_beta":false,"boss_relics":[{"not_picked":["Ectoplasm","Philosopher\u0027s Stone"],"picked":"Calling Bell"},{"not_picked":["Sozu","Eternal Feather"],"picked":"Black Star"}],"items_purged_floors":[],"is_endless":false,"potions_floor_spawned":[1,12,13,14,18,19,23,28,36],"killed_by":"Giant Head","ascension_level":2}