{"gold_per_floor":[112,112,124,156,181,206,218,242,277,319,331,377,389,401,413,521,533,560,672,734,746,662,662,697,697,723,743,778,778],"floor_reached":29,"playtime":1969,"items_purged":[],"score":321,"play_id":"9cc04b2c-9342-41ea-9286-4b021090f4ea","local_time":"20180728012847","is_ascension_mode":true,"campfire_choices":[{"floor":7,"key":"REST"},{"floor":11,"key":"REST"},{"data":"Venomology","floor":13,"key":"SMITH"},{"floor":15,"key":"REST"},{"data":"Terror","floor":23,"key":"SMITH"},{"floor":25,"key":"REST"}],"neow_cost":"FIFTY_PERCENT_DAMAGE","seed_source_timestamp":130205296290203,"circlet_count":0,"master_deck":["Defend_G","Defend_G","Defend_G","Defend_G","Defend_G+1","Strike_G","Strike_G","Strike_G","Strike_G","Strike_G","Survivor","Neutralize","Deflect","Terror+1","Tactician","Cloak And Dagger","Glass Knife","Flechettes","Venomology+1","Adrenaline+1","Dagger Throw","Dagger Throw+1","Backflip+1","Flying Knee"],"relics":["Ring of the Snake","MawBank","Regal Pillow","Lantern","Potion Belt","Snake Skull","Lizard Tail","War Paint","The Courier","Vajra","Bag of Marbles"],"potions_floor_usage":[10,16,16,16,23,24,24,24,28,29],"damage_taken":[{"damage":0,"enemies":"Cultist","floor":1,"turns":3},{"damage":7,"enemies":"2 Louse","floor":4,"turns":3},{"damage":3,"enemies":"Jaw Worm","floor":5,"turns":5},{"damage":11,"enemies":"3 Louse","floor":6,"turns":5},{"damage":1,"enemies":"Red Slaver","floor":8,"turns":4},{"damage":14,"enemies":"3 Sentries","floor":10,"turns":7},{"damage":21,"enemies":"Gremlin Nob","floor":12,"turns":4},{"damage":76,"enemies":"Hexaghost","floor":16,"turns":12},{"damage":33,"enemies":"Shell Parasite","floor":18,"turns":9},{"damage":73,"enemies":"Book of Stabbing","floor":24,"turns":8},{"damage":0,"enemies":"2 Thieves","floor":27,"turns":3},{"damage":51,"enemies":"Gremlin Leader","floor":28,"turns":6},{"damage":46,"enemies":"Cultist and Chosen","floor":29,"turns":8}],"seed_played":"3209223933721674751","potions_obtained":[{"floor":1,"key":"Fire Potion"},{"floor":6,"key":"Dexterity Potion"},{"floor":8,"key":"SteroidPotion"},{"floor":12,"key":"Fire Potion"},{"floor":16,"key":"Regen Potion"},{"floor":28,"key":"Dexterity Potion"}],"is_trial":false,"path_per_floor":["M","?","?","M","M","M","R","M","T","E","R","E","R","$","R","B",null,"M","?","?","?","$","R","E","R","T","M","E"],"character_chosen":"THE_SILENT","items_purchased":["Fruit Juice"],"campfire_rested":4,"item_purchase_floors":[22],"current_hp_per_floor":[42,30,30,23,20,9,49,48,48,34,74,53,53,53,84,8,84,51,51,51,51,51,56,44,85,85,85,34,0],"gold":778,"neow_bonus":"TWENTY_PERCENT_HP_BONUS","is_prod":false,"is_daily":false,"chose_seed":false,"campfire_upgraded":2,"win_rate":0,"timestamp":1532766527,"path_taken":["M","?","?","M","M","M","R","?","T","E","R","E","R","?","R","BOSS","M","?","?","?","$","R","E","R","T","M","E","M"],"build_version":"2018-07-26","purchased_purges":0,"victory":false,"max_hp_per_floor":[84,84,84,84,84,84,84,84,84,84,84,84,84,84,84,84,84,84,84,84,84,84,89,89,89,89,89,89,89],"card_choices":[{"not_picked":["PiercingWail","Bane"],"picked":"Deflect","floor":1},{"not_picked":["Concentrate","Choke"],"picked":"Terror","floor":4},{"not_picked":["Cloak And Dagger","Dodge and Roll"],"picked":"Tactician","floor":5},{"not_picked":["Outmaneuver","Eviscerate"],"picked":"Cloak And Dagger","floor":6},{"not_picked":["Blur","Quick Slash"],"picked":"Glass Knife","floor":8},{"not_picked":["Acrobatics","Dodge and Roll"],"picked":"Flechettes","floor":10},{"not_picked":["Backflip","Riddle With Holes"],"picked":"Venomology","floor":12},{"not_picked":["A Thousand Cuts","Storm of Steel"],"picked":"Adrenaline","floor":16},{"not_picked":["PiercingWail","All Out Attack"],"picked":"Dagger Throw","floor":18},{"not_picked":["Flying Knee","Deadly Poison"],"picked":"Dagger Throw+1","floor":24},{"not_picked":["PiercingWail","Heel Hook"],"picked":"Backflip+1","floor":27},{"not_picked":["Concentrate+1","Acrobatics"],"picked":"Flying Knee","floor":28}],"player_experience":168244,"relics_obtained":[{"floor":9,"key":"Lantern"},{"floor":10,"key":"Potion Belt"},{"floor":12,"key":"Snake Skull"},{"floor":24,"key":"The Courier"},{"floor":26,"key":"Vajra"},{"floor":28,"key":"Bag of Marbles"}],"event_choices":[{"event_name":"Scrap Ooze","player_choice":"success","floor":2,"damage_taken":12},{"event_name":"WeMeetAgain","player_choice":"Potion","floor":3,"damage_taken":0},{"event_name":"Golden Shrine","player_choice":"Pray","floor":19,"damage_taken":0},{"event_name":"The Joust","player_choice":"Bet on Murderer","floor":20,"damage_taken":0},{"event_name":"The Mausoleum","player_choice":"Yes","floor":21,"damage_taken":0}],"is_beta":false,"boss_relics":[{"not_picked":["Ectoplasm","WristBlade"],"picked":"Lizard Tail"}],"items_purged_floors":[],"is_endless":false,"potions_floor_spawned":[1,6,8,12,16,28],"killed_by":"Cultist and Chosen","ascension_level":2}