{"gold_per_floor":[114,130,130,143,102,134,134,36,90,117,131,142,64,80,80,178,178,195,214,214,313,333,333,359,359,359,391,391,406,406,421,421,421],"floor_reached":33,"playtime":1930,"items_purged":[],"score":342,"play_id":"dfd59ead-80f3-48f5-9ea7-132830021a4d","local_time":"20180803032629","is_ascension_mode":true,"campfire_choices":[{"floor":7,"key":"REST"},{"data":"Envenom","floor":15,"key":"SMITH"},{"data":"Blade Dance","floor":23,"key":"SMITH"},{"data":"Glass Knife","floor":25,"key":"SMITH"},{"floor":28,"key":"REST"},{"floor":32,"key":"REST"}],"neow_cost":"","seed_source_timestamp":288914835312841,"circlet_count":0,"master_deck":["Defend_G","Defend_G","Defend_G","Defend_G","Defend_G","Strike_G","Strike_G","Strike_G","Strike_G","Strike_G","Survivor","Neutralize","Blade Dance+1","Slice","Poisoned Stab","Accuracy","Glass Knife","Footwork","Slice","Heel Hook","Dagger Spray","Envenom+1","Sucker Punch","Glass Knife+1","Dagger Spray+1","Escape Plan","Sucker Punch","All Out Attack+1","Poisoned Stab","Footwork","Deflect","Deflect"],"relics":["Ring of the Snake","Oddly Smooth Stone","Vajra","Dodecahedron","Eternal Feather","Question Card","Darkstone Periapt","Turnip","Nilry\u0027s Codex"],"potions_floor_usage":[6,11,22,24,27,33,33,33],"damage_taken":[{"damage":0,"enemies":"Cultist","floor":1,"turns":4},{"damage":11,"enemies":"Small Slimes","floor":2,"turns":3},{"damage":3,"enemies":"2 Louse","floor":4,"turns":3},{"damage":24,"enemies":"Lagavulin","floor":6,"turns":6},{"damage":3,"enemies":"3 Sentries","floor":10,"turns":7},{"damage":1,"enemies":"Exordium Wildlife","floor":11,"turns":4},{"damage":5,"enemies":"Looter","floor":12,"turns":2},{"damage":3,"enemies":"2 Fungi Beasts","floor":14,"turns":3},{"damage":23,"enemies":"Hexaghost","floor":16,"turns":9},{"damage":0,"enemies":"3 Byrds","floor":18,"turns":3},{"damage":2,"enemies":"Chosen","floor":19,"turns":3},{"damage":16,"enemies":"Snecko","floor":22,"turns":6},{"damage":36,"enemies":"Slavers","floor":24,"turns":5},{"damage":24,"enemies":"Gremlin Leader","floor":27,"turns":7},{"damage":9,"enemies":"Centurion and Healer","floor":29,"turns":4},{"damage":33,"enemies":"Cultist and Chosen","floor":31,"turns":7},{"damage":42,"enemies":"Collector","floor":33,"turns":7}],"seed_played":"-5795579860020865887","potions_obtained":[{"floor":2,"key":"SteroidPotion"},{"floor":6,"key":"AttackPotion"},{"floor":11,"key":"Dexterity Potion"},{"floor":14,"key":"GhostInAJar"},{"floor":18,"key":"SneckoOil"},{"floor":22,"key":"GhostInAJar"},{"floor":27,"key":"Dexterity Potion"},{"floor":31,"key":"AttackPotion"}],"is_trial":false,"path_per_floor":["M","M","$","M","$","E","R","$","T","E","M","M","$","M","R","B",null,"M","M","?","?","M","R","E","R","T","E","R","M","?","M","R"],"character_chosen":"THE_SILENT","items_purchased":["Accuracy","Footwork","Slice","Envenom"],"campfire_rested":3,"item_purchase_floors":[5,8,8,13],"current_hp_per_floor":[70,59,59,56,56,32,53,53,53,50,49,44,44,41,41,18,70,70,68,68,68,52,67,31,46,46,22,61,52,36,3,42,0],"gold":421,"neow_bonus":"","is_prod":false,"is_daily":false,"chose_seed":false,"campfire_upgraded":3,"win_rate":0,"timestamp":1533291989,"path_taken":["M","M","$","M","$","E","R","$","T","E","M","M","?","M","R","BOSS","M","M","?","?","M","R","E","R","T","E","R","M","?","M","R","BOSS"],"build_version":"2018-08-02","purchased_purges":0,"victory":false,"max_hp_per_floor":[70,70,70,70,70,70,70,70,70,70,70,70,70,70,70,70,70,70,70,70,70,70,70,70,70,70,70,70,70,70,70,70,70],"card_choices":[{"not_picked":["Sucker Punch","Setup"],"picked":"Blade Dance","floor":1},{"not_picked":["Dodge and Roll","Deflect"],"picked":"Slice","floor":2},{"not_picked":["Acrobatics","Blade Dance"],"picked":"Poisoned Stab","floor":4},{"not_picked":["PiercingWail","Predator"],"picked":"Glass Knife","floor":6},{"not_picked":["Expertise","Deadly Poison","Setup"],"picked":"SKIP","floor":10},{"not_picked":["Calculated Gamble","Deadly Poison"],"picked":"Heel Hook","floor":11},{"not_picked":["Deflect","Blade Dance"],"picked":"Dagger Spray","floor":12},{"not_picked":["Underhanded Strike","Terror"],"picked":"Sucker Punch","floor":14},{"not_picked":["Unload","Bullet Time"],"picked":"Glass Knife","floor":16},{"not_picked":["Dagger Throw","Flying Knee+1"],"picked":"Dagger Spray+1","floor":18},{"not_picked":["Finisher","Concentrate+1"],"picked":"Escape Plan","floor":19},{"not_picked":["Eviscerate","Leg Sweep"],"picked":"All Out Attack+1","floor":22},{"not_picked":["Dagger Throw","Acrobatics+1"],"picked":"Poisoned Stab","floor":24},{"not_picked":["Deadly Poison+1","Endless Agony","Blur"],"picked":"Footwork","floor":27},{"not_picked":["Infinite Blades+1","Backflip","Storm of Steel"],"picked":"Deflect","floor":29},{"not_picked":["Dagger Throw","Acrobatics+1","Poisoned Stab"],"picked":"Deflect","floor":31}],"player_experience":225857,"relics_obtained":[{"floor":6,"key":"Oddly Smooth Stone"},{"floor":9,"key":"Vajra"},{"floor":10,"key":"Dodecahedron"},{"floor":24,"key":"Question Card"},{"floor":26,"key":"Darkstone Periapt"},{"floor":27,"key":"Turnip"},{"floor":30,"key":"Nilry\u0027s Codex"}],"event_choices":[{"event_name":"The Library","player_choice":"Read","floor":20,"damage_taken":0},{"event_name":"Nest","player_choice":"Stole From Cult","floor":21,"damage_taken":0},{"event_name":"Cursed Tome","player_choice":"Obtained Book","floor":30,"damage_taken":0}],"is_beta":false,"boss_relics":[{"not_picked":["HoveringKite","Fusion Hammer"],"picked":"Eternal Feather"}],"items_purged_floors":[],"is_endless":false,"potions_floor_spawned":[2,6,11,14,18,22,27,31],"killed_by":"Collector","ascension_level":3}