{"gold_per_floor":[99,99,99,99,99,99,99,99,99,99,99,99,99,99,99,99,99,99,39,39,39,39,39,39,39,39,39,39,39,39,39,39,39,39,39,39,39,39,39,39,39,39,39,39,39,39,39,39,39,39],"floor_reached":51,"playtime":8726,"items_purged":[],"score":873,"play_id":"c376d1fd-7c52-408a-98fe-2b76eba290e3","local_time":"20180930185017","is_ascension_mode":true,"campfire_choices":[{"data":"Cloak And Dagger","floor":6.0,"key":"SMITH"},{"floor":8.0,"key":"REST"},{"floor":15.0,"key":"REST"},{"data":"Noxious Fumes","floor":24.0,"key":"SMITH"},{"floor":27.0,"key":"REST"},{"floor":32.0,"key":"REST"},{"data":"Footwork","floor":40,"key":"SMITH"},{"data":"Cloak And Dagger","floor":42,"key":"SMITH"},{"floor":46,"key":"REST"},{"floor":49,"key":"REST"}],"neow_cost":"NONE","seed_source_timestamp":0,"circlet_count":0,"master_deck":["Defend_G+1","Defend_G+1","Defend_G+1","Defend_G+1","Defend_G+1","Strike_G+1","Strike_G+1","Strike_G+1","Strike_G+1","Strike_G+1","Survivor+1","Neutralize+1","Outmaneuver+1","Cloak And Dagger+1","Noxious Fumes+1","Footwork+1","Dash+1","Leg Sweep+1","Dagger Throw+1","Adrenaline+1","Terror+1","Backflip+1","Well Laid Plans+1","Acrobatics+1","Well Laid Plans+1","Dagger Spray+1","Cloak And Dagger+1","Acrobatics+1","Writhe","Crippling Poison+1","Dodge and Roll+1","Catalyst+1","Dodge and Roll+1"],"special_seed":0,"relics":["Ectoplasm","Golden Idol","Kunai","Molten Egg 2","PreservedInsect","Ornamental Fan","Velvet Choker","Paper Crane","MawBank","Whetstone","Ginger","Eternal Feather","Mango","Shuriken","Mark of the Bloom","Sundial"],"potions_floor_usage":[50,50,50],"damage_taken":[{"damage":0.0,"enemies":"Cultist","floor":1.0,"turns":4.0},{"damage":4.0,"enemies":"Small Slimes","floor":4.0,"turns":5.0},{"damage":23.0,"enemies":"3 Sentries","floor":7.0,"turns":12.0},{"damage":0.0,"enemies":"Jaw Worm","floor":10.0,"turns":4.0},{"damage":7.0,"enemies":"3 Louse","floor":11.0,"turns":4.0},{"damage":9.0,"enemies":"Gremlin Nob","floor":12.0,"turns":4.0},{"damage":3.0,"enemies":"2 Fungi Beasts","floor":14.0,"turns":4.0},{"damage":35.0,"enemies":"Slime Boss","floor":16.0,"turns":15.0},{"damage":0.0,"enemies":"Shell Parasite","floor":18.0,"turns":7.0},{"damage":24.0,"enemies":"2 Thieves","floor":19.0,"turns":4.0},{"damage":6.0,"enemies":"Snake Plant","floor":22.0,"turns":5.0},{"damage":2.0,"enemies":"Snecko","floor":25.0,"turns":6.0},{"damage":9.0,"enemies":"Gremlin Leader","floor":29.0,"turns":7.0},{"damage":6.0,"enemies":"3 Cultists","floor":30.0,"turns":5.0},{"damage":16.0,"enemies":"Slavers","floor":31.0,"turns":6.0},{"damage":19.0,"enemies":"Automaton","floor":33.0,"turns":13.0},{"damage":1.0,"enemies":"Orb Walker","floor":35.0,"turns":4.0},{"damage":20.0,"enemies":"3 Darklings","floor":38.0,"turns":7.0},{"damage":19,"enemies":"Mysterious Sphere","floor":39,"turns":4},{"damage":23,"enemies":"Transient","floor":41,"turns":5},{"damage":0,"enemies":"Nemesis","floor":47,"turns":5},{"damage":0,"enemies":"Maw","floor":48,"turns":7},{"damage":8,"enemies":"Awakened One","floor":50,"turns":14}],"seed_played":"925259974267620575","potions_obtained":[{"floor":1.0,"key":"LiquidBronze"},{"floor":10.0,"key":"GhostInAJar"},{"floor":16.0,"key":"Swift Potion"},{"floor":25.0,"key":"Strength Potion"},{"floor":29.0,"key":"SpeedPotion"},{"floor":31.0,"key":"FearPotion"},{"floor":47,"key":"Strength Potion"}],"is_trial":false,"path_per_floor":["M","?","?","M","?","R","E","R","T","M","M","E","?","M","R","B",null,"M","M","?","T","M","$","R","M","T","R","?","E","M","E","R","B",null,"M","$","?","M","?","R","M","R","T","?","?","R","E","M","R","B"],"character_chosen":"THE_SILENT","items_purchased":[],"campfire_rested":6,"item_purchase_floors":[],"current_hp_per_floor":[70,53,53,49,49,49,26,47,47,47,40,31,31,28,49,14,56,56,32,32,32,26,26,26,24,24,45,45,36,30,14,35,16,57,56,56,70,50,45,63,40,58,58,58,58,58,58,58,58,50],"gold":39,"neow_bonus":"BOSS_RELIC","is_prod":false,"is_daily":false,"chose_seed":false,"campfire_upgraded":4,"win_rate":0,"timestamp":1538358617,"path_taken":["M","?","?","?","?","R","E","R","T","M","M","E","?","M","R","BOSS","M","M","?","?","M","?","R","M","T","R","?","E","M","E","R","BOSS","M","$","?","M","?","R","M","R","T","?","?","R","E","?","R","BOSS"],"build_version":"2018-09-27","purchased_purges":0,"victory":true,"max_hp_per_floor":[70,70,70,70,70,70,70,70,70,70,70,70,70,70,70,70,70,70,70,70,70,70,70,70,70,70,70,70,70,70,70,70,70,70,70,70,70,70,84,84,84,84,84,84,84,84,84,84,84,84],"card_choices":[{"not_picked":["Terror","Masterful Stab"],"picked":"Outmaneuver","floor":1.0},{"not_picked":["Dagger Throw","Blade Dance"],"picked":"Cloak And Dagger","floor":4.0},{"not_picked":["Skewer","Dash"],"picked":"Noxious Fumes","floor":7.0},{"not_picked":["Predator+1","Masterful Stab+1"],"picked":"Footwork","floor":10.0},{"not_picked":["Terror","Blade Dance"],"picked":"Dash+1","floor":11.0},{"not_picked":["All Out Attack+1","Dagger Throw+1"],"picked":"Leg Sweep","floor":12.0},{"not_picked":["Flying Knee+1","Masterful Stab+1"],"picked":"Dagger Throw+1","floor":14.0},{"not_picked":["Night Terror","Corpse Explosion"],"picked":"Adrenaline","floor":16.0},{"not_picked":["Outmaneuver+1","Deadly Poison"],"picked":"Terror","floor":18.0},{"not_picked":["Riddle With Holes+1","PiercingWail"],"picked":"Backflip+1","floor":19.0},{"not_picked":["Flying Knee+1","Prepared"],"picked":"Well Laid Plans","floor":22.0},{"not_picked":["Flying Knee+1","Deadly Poison"],"picked":"Acrobatics","floor":25.0},{"not_picked":["Dagger Throw+1","Tactician"],"picked":"Dagger Spray+1","floor":29.0},{"not_picked":["Choke+1","Setup+1"],"picked":"Cloak And Dagger","floor":30.0},{"not_picked":["Concentrate","Slice+1"],"picked":"Acrobatics","floor":31.0},{"not_picked":["Dagger Throw+1","Calculated Gamble","Deadly Poison"],"picked":"SKIP","floor":35.0},{"not_picked":["Deflect+1","Concentrate"],"picked":"Crippling Poison+1","floor":38.0},{"not_picked":["Riddle With Holes+1","Blade Dance+1"],"picked":"Dodge and Roll","floor":39},{"not_picked":["Dagger Throw+1","Poisoned Stab+1"],"picked":"Catalyst+1","floor":41},{"not_picked":["Distraction+1","Wraith Form v2"],"picked":"Dodge and Roll+1","floor":47},{"not_picked":["Bane+1","Prepared+1","Caltrops"],"picked":"SKIP","floor":48}],"player_experience":289201,"relics_obtained":[{"floor":7.0,"key":"Molten Egg 2"},{"floor":9.0,"key":"PreservedInsect"},{"floor":12.0,"key":"Ornamental Fan"},{"floor":21.0,"key":"Paper Crane"},{"floor":26.0,"key":"MawBank"},{"floor":29.0,"key":"Whetstone"},{"floor":31.0,"key":"Ginger"},{"floor":39,"key":"Mango"},{"floor":43,"key":"Shuriken"},{"floor":47,"key":"Sundial"}],"event_choices":[{"event_name":"Golden Idol","player_choice":"Take Damage","floor":2.0,"damage_taken":0.0},{"event_name":"Big Fish","player_choice":"Box","floor":3.0,"damage_taken":0.0},{"event_name":"Purifier","player_choice":"One Purge","floor":5.0,"damage_taken":0.0},{"event_name":"Scrap Ooze","player_choice":"unsuccessful","floor":13.0,"damage_taken":0.0},{"event_name":"Ghosts","player_choice":"Ignored","floor":20.0,"damage_taken":0.0},{"event_name":"The Library","player_choice":"Read","floor":28.0,"damage_taken":0.0},{"event_name":"Winding Halls","player_choice":"Writhe","floor":37.0,"damage_taken":0.0},{"event_name":"Mysterious Sphere","player_choice":"Fight","floor":39,"damage_taken":0},{"event_name":"The Moai Head","player_choice":"Ignored","floor":44,"damage_taken":0},{"event_name":"MindBloom","player_choice":"Upgrade","floor":45,"damage_taken":0}],"is_beta":false,"boss_relics":[{"not_picked":["Empty Cage","Busted Crown"],"picked":"Velvet Choker"},{"not_picked":["Sozu","WristBlade"],"picked":"Eternal Feather"}],"items_purged_floors":[],"is_endless":false,"potions_floor_spawned":[1,10,16,19,25,29,31,38,47,48],"ascension_level":5}