{"gold_per_floor":[110,129,141,159,334,361,361,378,378,408],"floor_reached":10,"playtime":3085,"items_purged":[],"score":70,"play_id":"2b9fb2f8-b776-4f8a-8dd9-33329306f042","local_time":"20190506105212","is_ascension_mode":false,"campfire_choices":[],"neow_cost":"NONE","seed_source_timestamp":0,"circlet_count":0,"master_deck":["Strike_B","Strike_B+1","Strike_B","Strike_B","Defend_B","Defend_B","Defend_B","Defend_B","Zap","Dualcast","Leap","Hello World+1","Conserve Battery","Gash","Doubt","Ball Lightning","Heatsinks"],"special_seed":0,"relics":["Cracked Core","NeowsBlessing","Unceasing Top","Toxic Egg 2"],"potions_floor_usage":[10,10],"damage_taken":[{"damage":0.0,"enemies":"Jaw Worm","floor":1.0,"turns":1.0},{"damage":0.0,"enemies":"2 Louse","floor":2.0,"turns":1.0},{"damage":0.0,"enemies":"Small Slimes","floor":3.0,"turns":1.0},{"damage":13.0,"enemies":"Exordium Wildlife","floor":4.0,"turns":6.0},{"damage":28,"enemies":"Gremlin Nob","floor":6,"turns":5},{"damage":3,"enemies":"2 Fungi Beasts","floor":8,"turns":3},{"damage":16,"enemies":"Gremlin Nob","floor":10,"turns":3}],"seed_played":"-4452473226784156773","potions_obtained":[{"floor":1.0,"key":"GamblersBrew"},{"floor":2.0,"key":"SmokeBomb"},{"floor":6,"key":"Poison Potion"},{"floor":8,"key":"EssenceOfSteel"}],"is_trial":false,"path_per_floor":["M","M","M","M","?","E","?","M","T","?"],"character_chosen":"DEFECT","items_purchased":[],"campfire_rested":0,"item_purchase_floors":[],"current_hp_per_floor":[75,75,75,62,62,34,19,16,16,0],"gold":408,"neow_bonus":"THREE_ENEMY_KILL","is_prod":false,"is_daily":false,"chose_seed":false,"campfire_upgraded":0,"win_rate":0.0,"timestamp":1557132732,"path_taken":["M","M","M","M","?","E","?","M","T","?"],"build_version":"2019-01-23","purchased_purges":0,"victory":false,"max_hp_per_floor":[75,75,75,75,75,75,75,75,75,75],"card_choices":[{"not_picked":["Rip and Tear","Force Field"],"picked":"Leap","floor":1.0},{"not_picked":["Streamline","Compile Driver"],"picked":"Hello World","floor":2.0},{"not_picked":["Hologram","Go for the Eyes"],"picked":"Conserve Battery","floor":3.0},{"not_picked":["Hologram","Leap"],"picked":"Gash","floor":4},{"not_picked":["Rainbow","Force Field"],"picked":"Ball Lightning","floor":6},{"not_picked":["Stack","Lockon"],"picked":"Heatsinks","floor":8}],"player_experience":33866,"relics_obtained":[{"floor":6,"key":"Unceasing Top"},{"floor":9,"key":"Toxic Egg 2"}],"event_choices":[{"damage_healed":0,"gold_gain":175,"player_choice":"AGREE","damage_taken":0,"max_hp_gain":0,"max_hp_loss":0,"event_name":"Liars Game","floor":5,"gold_loss":0,"cards_obtained":["Doubt"]},{"damage_healed":0,"gold_gain":0,"player_choice":"Entered Light","damage_taken":15,"max_hp_gain":0,"max_hp_loss":0,"event_name":"Shining Light","floor":7,"gold_loss":0,"cards_upgraded":["Strike_B","Hello World"]},{"damage_healed":0,"gold_gain":30,"player_choice":"Searched \u00272\u0027 times","damage_taken":0,"max_hp_gain":0,"max_hp_loss":0,"event_name":"Dead Adventurer","floor":10,"gold_loss":0}],"is_beta":false,"boss_relics":[],"items_purged_floors":[],"is_endless":false,"potions_floor_spawned":[1,2,6,8],"killed_by":"Gremlin Nob","ascension_level":0}