{"gold_per_floor":[216,226,226,239,33,33,47,47,47,47,47,57,232,197,197,294,294,310,310,310,200,214,246,171,171,171,190,190,190,200,200],"floor_reached":31,"playtime":1932,"items_purged":["Doubt"],"score":243,"play_id":"e982c166-9d24-402c-ba61-363b5dcbd76f","local_time":"20181022210937","is_ascension_mode":false,"campfire_choices":[{"data":"Zap","floor":6,"key":"SMITH"},{"data":"Stack","floor":8,"key":"SMITH"},{"data":"Dualcast","floor":10,"key":"SMITH"},{"data":"Redo","floor":15,"key":"SMITH"},{"floor":25,"key":"REST"},{"floor":28,"key":"REST"}],"neow_cost":"NONE","seed_source_timestamp":605445177250600,"circlet_count":0,"master_deck":["Zap+1","Dualcast+1","Stack+1","Redo+1","Auto Shields","Reprogram","Redo+1","Creative AI","Stack","Consume","Compile Driver","Loop","Hologram","Capacitor","Heatsinks","Coolheaded","Static Discharge","Barrage","Capacitor+1","Undo+1"],"relics":["Cracked Core","Membership Card","Matryoshka","Pandora\u0027s Box","MutagenicStrength","Bronze Scales","Emotion Chip","Frozen Egg 2","Kunai"],"potions_floor_usage":[16,23,27],"damage_taken":[{"damage":1,"enemies":"Cultist","floor":1,"turns":3},{"damage":5,"enemies":"Jaw Worm","floor":2,"turns":4},{"damage":0,"enemies":"Small Slimes","floor":4,"turns":3},{"damage":4,"enemies":"2 Fungi Beasts","floor":7,"turns":4},{"damage":1,"enemies":"Large Slime","floor":12,"turns":5},{"damage":63,"enemies":"Hexaghost","floor":16,"turns":13},{"damage":10,"enemies":"Shell Parasite","floor":18,"turns":5},{"damage":8,"enemies":"Spheric Guardian","floor":22,"turns":5},{"damage":32,"enemies":"Book of Stabbing","floor":23,"turns":5},{"damage":15,"enemies":"Snake Plant","floor":27,"turns":4},{"damage":35,"enemies":"Shelled Parasite and Fungi","floor":30,"turns":5},{"damage":20,"enemies":"Centurion and Healer","floor":31,"turns":1}],"seed_played":"-5384266178892682349","potions_obtained":[{"floor":7,"key":"Swift Potion"},{"floor":16,"key":"Poison Potion"},{"floor":23,"key":"FocusPotion"}],"is_trial":false,"path_per_floor":["M","M","?","M","$","R","M","R","T","R","?","M","?","?","R","B",null,"M","?","?","$","M","E","?","R","T","M","R","?","M"],"character_chosen":"DEFECT","items_purchased":["Membership Card","Bronze Scales"],"campfire_rested":2,"item_purchase_floors":[5,21],"current_hp_per_floor":[74,69,69,69,69,69,65,65,65,65,58,57,57,75,75,12,75,65,65,65,65,57,25,25,47,47,32,54,54,19,0],"gold":200,"neow_bonus":"HUNDRED_GOLD","is_prod":false,"is_daily":false,"chose_seed":false,"campfire_upgraded":4,"win_rate":0,"timestamp":1540213777,"path_taken":["M","?","?","?","$","R","M","R","T","R","?","M","?","?","R","BOSS","M","?","?","$","?","E","?","R","T","?","R","?","M","M"],"build_version":"2018-10-18","purchased_purges":1,"victory":false,"max_hp_per_floor":[75,75,75,75,75,75,75,75,75,75,75,75,75,75,75,75,75,75,75,75,75,75,75,75,75,75,75,75,75,75,75],"card_choices":[{"not_picked":["Hologram","Go for the Eyes"],"picked":"Stack","floor":1},{"not_picked":["Ball Lightning","Compile Driver"],"picked":"Redo","floor":2},{"not_picked":["Barrage","Fusion"],"picked":"Auto Shields","floor":4},{"not_picked":["Tempest","Cold Snap"],"picked":"Reprogram","floor":7},{"not_picked":["Compile Driver","Leap"],"picked":"Redo","floor":12},{"not_picked":["Multi-Cast","Buffer"],"picked":"Creative AI","floor":16},{"not_picked":["Cold Snap","Steam+1"],"picked":"Heatsinks","floor":18},{"not_picked":["Consume","Gash"],"picked":"Static Discharge","floor":22},{"not_picked":["Rebound","Blizzard+1"],"picked":"Barrage","floor":23},{"not_picked":["White Noise","Barrage"],"picked":"Capacitor+1","floor":27},{"not_picked":["Reprogram","Barrage"],"picked":"Undo+1","floor":30}],"player_experience":387704,"relics_obtained":[{"floor":9,"key":"Matryoshka"},{"floor":23,"key":"Emotion Chip"},{"floor":26,"key":"Frozen Egg 2"},{"floor":26,"key":"Kunai"}],"event_choices":[{"damage_healed":0,"gold_gain":0,"player_choice":"Grow","damage_taken":0,"max_hp_gain":0,"max_hp_loss":0,"event_name":"Living Wall","floor":3,"gold_loss":0,"cards_upgraded":["Redo"]},{"cards_removed":["Defend_B"],"damage_healed":0,"gold_gain":0,"player_choice":"Card Removal","damage_taken":7,"max_hp_gain":0,"max_hp_loss":0,"event_name":"Golden Wing","floor":11,"gold_loss":0},{"damage_healed":0,"gold_gain":175,"player_choice":"AGREE","damage_taken":0,"max_hp_gain":0,"max_hp_loss":0,"event_name":"Liars Game","floor":13,"gold_loss":0,"cards_obtained":["Doubt"]},{"damage_healed":18,"gold_gain":0,"player_choice":"Healed","damage_taken":0,"max_hp_gain":0,"max_hp_loss":0,"event_name":"The Cleric","floor":14,"gold_loss":35},{"damage_healed":0,"gold_gain":0,"player_choice":"Inject Mutagens","damage_taken":0,"relics_obtained":["MutagenicStrength"],"max_hp_gain":0,"max_hp_loss":0,"event_name":"Drug Dealer","floor":19,"gold_loss":0},{"damage_healed":0,"gold_gain":0,"player_choice":"Read","damage_taken":0,"max_hp_gain":0,"max_hp_loss":0,"event_name":"The Library","floor":20,"gold_loss":0,"cards_obtained":["Coolheaded"]},{"cards_removed":["Beam Cell"],"damage_healed":0,"gold_gain":0,"player_choice":"Gave Gold","damage_taken":0,"max_hp_gain":0,"max_hp_loss":0,"event_name":"Beggar","floor":24,"gold_loss":75},{"damage_healed":0,"gold_gain":0,"player_choice":"Simplicity","damage_taken":0,"max_hp_gain":0,"max_hp_loss":0,"event_name":"Back to Basics","floor":29,"gold_loss":0,"cards_upgraded":[]}],"is_beta":false,"boss_relics":[{"not_picked":["Tiny House","Fusion Hammer"],"picked":"Pandora\u0027s Box"}],"items_purged_floors":[21],"is_endless":false,"potions_floor_spawned":[7,16,23],"killed_by":"Centurion and Healer","ascension_level":0}