{"gold_per_floor":[112,129,129,144,144,170,170,199,224,249,249,262,262,67,67,169,169,179,279,289,5,5,34,34,34,34,64,64,64,79,89,89,191,191,211,18,33,0,0,28,28,28,28,42,68,18,18,29,29,29,29,29,11,43,43],"floor_reached":55,"playtime":4917,"items_purged":["Parasite","Writhe"],"score":1376,"play_id":"fe285f19-a61d-47b3-86e7-0139772ff623","local_time":"20190411201353","is_ascension_mode":true,"campfire_choices":[{"floor":7,"key":"REST"},{"floor":15,"key":"REST"},{"data":"Apotheosis","floor":25,"key":"SMITH"},{"floor":29,"key":"REST"},{"data":"Defragment","floor":32,"key":"SMITH"},{"floor":41,"key":"RECALL"},{"floor":47,"key":"REST"},{"floor":49,"key":"REST"},{"floor":52,"key":"REST"}],"neow_cost":"CURSE","seed_source_timestamp":150045458160230,"circlet_count":0,"master_deck":["AscendersBane","Strike_B","Strike_B","Defend_B","Defend_B","Defend_B","Defend_B","Zap","Dualcast","Electrodynamics","Cold Snap","Undo","Go for the Eyes+1","White Noise","Defragment+1","Apotheosis+1","Creative AI","Go for the Eyes+1","Coolheaded","Loop","Steam Power","Hyperbeam+1","Ghostly","Ghostly","Ghostly","Ghostly","Ghostly","Coolheaded","Seek","Double Energy+1","Self Repair","Sunder+1","Dramatic Entrance+1","Tempest","Echo Form","Ball Lightning+1","Loop","Ball Lightning+1"],"relics":["Cracked Core","StoneCalendar","Molten Egg 2","Unceasing Top","Bag of Preparation","DataDisk","Blood Vial","Velvet Choker","Torii","Blue Candle","Membership Card","Pen Nib","Shuriken","Symbiotic Virus","Fusion Hammer","Bottled Tornado","Red Mask","Regal Pillow","Cables","Meat on the Bone","Happy Flower"],"potions_floor_usage":[6,16,19,20,23,27,27,45,50],"damage_taken":[{"damage":0,"enemies":"Cultist","floor":1,"turns":3},{"damage":2,"enemies":"Jaw Worm","floor":2,"turns":4},{"damage":1,"enemies":"2 Louse","floor":4,"turns":2},{"damage":31,"enemies":"Lagavulin","floor":6,"turns":7},{"damage":19,"enemies":"Gremlin Nob","floor":8,"turns":5},{"damage":19,"enemies":"Lagavulin","floor":10,"turns":7},{"damage":0,"enemies":"2 Fungi Beasts","floor":12,"turns":2},{"damage":0,"enemies":"Slime Boss","floor":16,"turns":5},{"damage":26,"enemies":"Chosen","floor":18,"turns":6},{"damage":6,"enemies":"Colosseum Slavers","floor":19,"turns":2},{"damage":17,"enemies":"Colosseum Nobs","floor":19,"turns":3},{"damage":12,"enemies":"2 Thieves","floor":20,"turns":4},{"damage":1,"enemies":"Gremlin Leader","floor":23,"turns":6},{"damage":9,"enemies":"Slavers","floor":27,"turns":5},{"damage":0,"enemies":"Snake Plant","floor":30,"turns":3},{"damage":2,"enemies":"Cultist and Chosen","floor":31,"turns":4},{"damage":11,"enemies":"Champ","floor":33,"turns":17},{"damage":0,"enemies":"Orb Walker","floor":35,"turns":4},{"damage":1,"enemies":"3 Shapes","floor":37,"turns":5},{"damage":0,"enemies":"Nemesis","floor":40,"turns":8},{"damage":1,"enemies":"Jaw Worm Horde","floor":44,"turns":3},{"damage":0,"enemies":"Giant Head","floor":45,"turns":8},{"damage":1,"enemies":"Writhing Mass","floor":48,"turns":5},{"damage":22,"enemies":"Donu and Deca","floor":50,"turns":9},{"damage":4,"enemies":"Shield and Spear","floor":54,"turns":7},{"damage":61,"enemies":"The Heart","floor":55,"turns":2}],"seed_played":"-3443071991052309612","potions_obtained":[{"floor":2,"key":"PowerPotion"},{"floor":10,"key":"PowerPotion"},{"floor":12,"key":"FearPotion"},{"floor":16,"key":"FearPotion"},{"floor":19,"key":"SkillPotion"},{"floor":23,"key":"Dexterity Potion"},{"floor":30,"key":"Weak Potion"},{"floor":40,"key":"Strength Potion"}],"is_trial":false,"path_per_floor":["M","M","?","M","T","E","R","E","T","E","?","M","?","$","R","B",null,"M","?","M","$","?","E","?","R","T","E","?","R","M","M","R","B",null,"M","$","M","?","?","E","R","$","T","M","E","$","R","M","R","B",null,"R","$","E","B"],"character_chosen":"DEFECT","items_purchased":["Apotheosis","Membership Card","Loop","Energy Potion","Self Repair","Sunder+1","Bottled Tornado","Loop"],"campfire_rested":6,"item_purchase_floors":[14,21,21,21,36,36,36,53],"current_hp_per_floor":[68,66,59,58,58,27,49,30,30,11,29,31,31,31,53,55,70,46,27,17,17,17,18,18,18,18,11,11,21,23,23,23,14,31,33,33,36,36,36,36,36,36,36,35,36,36,36,35,36,26,34,36,36,36,0],"gold":43,"neow_bonus":"THREE_RARE_CARDS","is_prod":false,"is_daily":false,"chose_seed":false,"campfire_upgraded":2,"win_rate":0,"timestamp":1555028033,"path_taken":["M","?","?","M","?","E","R","E","T","E","?","M","?","$","R","BOSS","M","?","M","$","?","E","?","R","T","E","?","R","?","M","R","BOSS","M","$","M","?","?","E","R","?","T","M","E","$","R","M","R","BOSS","R","$","E","BOSS"],"build_version":"2019-01-23","purchased_purges":2,"victory":false,"max_hp_per_floor":[75,75,75,75,75,75,75,75,75,75,75,75,75,75,75,75,75,75,75,75,72,72,72,36,36,36,36,36,36,36,36,36,36,36,36,36,36,36,36,36,36,36,36,36,36,36,36,36,36,36,36,36,36,36,36],"card_choices":[{"not_picked":["Biased Cognition","Creative AI"],"picked":"Electrodynamics","floor":0},{"not_picked":["Chaos","Streamline"],"picked":"Cold Snap","floor":1},{"not_picked":["Conserve Battery","Redo","Darkness"],"picked":"SKIP","floor":2},{"not_picked":["Gash","Leap"],"picked":"Undo","floor":4},{"not_picked":["Recycle","Doom and Gloom+1","Steam Power"],"picked":"SKIP","floor":6},{"not_picked":["Rainbow","Rebound+1"],"picked":"Go for the Eyes+1","floor":8},{"not_picked":["FTL+1","Scrape+1"],"picked":"White Noise","floor":10},{"not_picked":["Redo","Steam Power"],"picked":"Defragment","floor":12},{"not_picked":["Reboot","Meteor Strike+1"],"picked":"Creative AI","floor":16},{"not_picked":["Rebound+1","FTL+1"],"picked":"Go for the Eyes+1","floor":18},{"not_picked":["Streamline+1","Go for the Eyes+1"],"picked":"Coolheaded","floor":19},{"not_picked":["Conserve Battery","Gash+1","Sweeping Beam+1"],"picked":"SKIP","floor":20},{"not_picked":["Leap","Turbo","Skim"],"picked":"SKIP","floor":23},{"not_picked":["Hyperbeam+1","Recycle","Skim"],"picked":"SKIP","floor":27},{"not_picked":["Hello World","Force Field","Go for the Eyes+1"],"picked":"SKIP","floor":30},{"not_picked":["Sweeping Beam+1","Stack"],"picked":"Coolheaded","floor":31},{"not_picked":["Meteor Strike+1","Electrodynamics"],"picked":"Seek","floor":33},{"not_picked":["FTL+1","Stack"],"picked":"Double Energy+1","floor":35},{"not_picked":["Stack","FTL+1","Conserve Battery"],"picked":"SKIP","floor":37},{"not_picked":["Flash of Steel+1","Violence"],"picked":"Dramatic Entrance+1","floor":39},{"not_picked":["Gash+1","Fission","Streamline+1"],"picked":"SKIP","floor":40},{"not_picked":["Beam Cell+1","Conserve Battery"],"picked":"Tempest","floor":44},{"not_picked":["Coolheaded","Sweeping Beam+1"],"picked":"Echo Form","floor":45},{"not_picked":["Compile Driver+1","Coolheaded"],"picked":"Ball Lightning+1","floor":48},{"not_picked":["Rebound+1","Turbo+1"],"picked":"Ball Lightning+1","floor":54}],"player_experience":1316913,"relics_obtained":[{"floor":5,"key":"Molten Egg 2"},{"floor":6,"key":"Unceasing Top"},{"floor":8,"key":"Bag of Preparation"},{"floor":9,"key":"DataDisk"},{"floor":10,"key":"Blood Vial"},{"floor":19,"key":"Torii"},{"floor":19,"key":"Blue Candle"},{"floor":23,"key":"Pen Nib"},{"floor":27,"key":"Shuriken"},{"floor":40,"key":"Regal Pillow"},{"floor":43,"key":"Cables"},{"floor":45,"key":"Meat on the Bone"},{"floor":54,"key":"Happy Flower"}],"event_choices":[{"damage_healed":0,"gold_gain":0,"player_choice":"Success","damage_taken":7,"relics_obtained":["StoneCalendar"],"max_hp_gain":0,"max_hp_loss":0,"event_name":"Scrap Ooze","floor":3,"gold_loss":0},{"damage_healed":18,"gold_gain":0,"player_choice":"Healed and dodged fight","damage_taken":0,"max_hp_gain":0,"max_hp_loss":0,"event_name":"Mushrooms","floor":11,"gold_loss":0,"cards_obtained":["Parasite"]},{"cards_removed":["Doubt"],"damage_healed":0,"gold_gain":0,"player_choice":"Forget","damage_taken":0,"max_hp_gain":0,"max_hp_loss":0,"event_name":"Living Wall","floor":13,"gold_loss":0},{"damage_healed":0,"gold_gain":0,"player_choice":"Fight","damage_taken":0,"max_hp_gain":0,"max_hp_loss":0,"event_name":"Colosseum","floor":19,"gold_loss":0},{"damage_healed":0,"gold_gain":0,"player_choice":"Fought Nobs","damage_taken":0,"max_hp_gain":0,"max_hp_loss":0,"event_name":"Colosseum","floor":19,"gold_loss":0},{"damage_healed":0,"gold_gain":0,"cards_transformed":["Strike_B","Strike_B"],"player_choice":"Became Test Subject","damage_taken":0,"max_hp_gain":0,"max_hp_loss":0,"event_name":"Drug Dealer","floor":22,"gold_loss":0,"cards_obtained":["Steam Power","Hyperbeam"]},{"damage_healed":0,"gold_gain":0,"player_choice":"Became a Ghost","damage_taken":0,"max_hp_gain":0,"max_hp_loss":36,"event_name":"Ghosts","floor":24,"gold_loss":0,"cards_obtained":["Ghostly","Ghostly","Ghostly","Ghostly","Ghostly"]},{"damage_healed":0,"gold_gain":0,"player_choice":"Opened","damage_taken":0,"relics_obtained":["Symbiotic Virus"],"max_hp_gain":0,"max_hp_loss":0,"event_name":"The Mausoleum","floor":28,"gold_loss":0,"cards_obtained":["Writhe"]},{"damage_healed":0,"gold_gain":0,"player_choice":"Paid","damage_taken":0,"relics_obtained":["Red Mask"],"max_hp_gain":0,"max_hp_loss":0,"event_name":"Tomb of Lord Red Mask","floor":38,"gold_loss":33},{"damage_healed":0,"gold_gain":0,"player_choice":"Memory 1","damage_taken":0,"max_hp_gain":0,"max_hp_loss":0,"event_name":"SensoryStone","floor":39,"gold_loss":0}],"is_beta":false,"boss_relics":[{"not_picked":["Lizard Tail","Tiny House"],"picked":"Velvet Choker"},{"not_picked":["Orrery","Astrolabe"],"picked":"Fusion Hammer"}],"items_purged_floors":[21,46],"is_endless":false,"potions_floor_spawned":[2,10,12,16,19,19,23,30,40,44],"killed_by":"The Heart","ascension_level":12}