{"gold_per_floor":[111,129,129,145,156,188,188,247,247,247,247,260,260,280,280,280],"floor_reached":16,"playtime":828,"items_purged":[],"score":129,"play_id":"4b13209d-7b10-4174-beed-05ac6686c3e5","local_time":"20180801055322","is_ascension_mode":true,"campfire_choices":[{"floor":7,"key":"REST"},{"floor":13,"key":"REST"},{"floor":15,"key":"REST"}],"neow_cost":"FIFTY_PERCENT_DAMAGE","seed_source_timestamp":232205271082270,"circlet_count":0,"master_deck":["Defend_G","Defend_G","Defend_G","Defend_G","Defend_G","Strike_G","Strike_G","Strike_G","Strike_G","Strike_G","Survivor","Neutralize","Calculated Gamble","Dagger Spray","Deflect","PiercingWail","Prepared","Calculated Gamble"],"relics":["Ring of the Snake","Tingsha","Mummified Hand","Tiny Chest","Potion Belt"],"potions_floor_usage":[5,6,8,12],"damage_taken":[{"damage":7,"enemies":"2 Louse","floor":1,"turns":2},{"damage":0,"enemies":"Jaw Worm","floor":2,"turns":3},{"damage":4,"enemies":"Cultist","floor":4,"turns":4},{"damage":0,"enemies":"Gremlin Gang","floor":5,"turns":3},{"damage":14,"enemies":"3 Sentries","floor":6,"turns":6},{"damage":35,"enemies":"Gremlin Nob","floor":8,"turns":5},{"damage":0,"enemies":"3 Louse","floor":12,"turns":3},{"damage":0,"enemies":"Exordium Wildlife","floor":14,"turns":3},{"damage":42,"enemies":"Slime Boss","floor":16,"turns":9}],"seed_played":"-4607903862692340295","potions_obtained":[{"floor":1,"key":"GamblersBrew"},{"floor":2,"key":"Energy Potion"},{"floor":4,"key":"Fruit Juice"},{"floor":5,"key":"AttackPotion"}],"is_trial":false,"path_per_floor":["M","M","?","M","M","E","R","E","T","?","?","M","R","M","R"],"character_chosen":"THE_SILENT","items_purchased":[],"campfire_rested":3,"item_purchase_floors":[],"current_hp_per_floor":[28,28,28,24,29,15,37,2,2,2,2,2,24,24,46,4],"gold":280,"neow_bonus":"ONE_RARE_RELIC","is_prod":false,"is_daily":false,"chose_seed":false,"campfire_upgraded":0,"win_rate":0,"timestamp":1533128002,"path_taken":["M","M","?","?","?","E","R","E","T","?","?","M","R","M","R","BOSS"],"build_version":"2018-07-26","purchased_purges":0,"victory":false,"max_hp_per_floor":[70,70,70,70,75,75,75,75,75,75,75,75,75,75,75,75],"card_choices":[{"not_picked":["Underhanded Strike","Leg Sweep"],"picked":"Calculated Gamble","floor":1},{"not_picked":["Predator","Outmaneuver","Quick Slash"],"picked":"SKIP","floor":2},{"not_picked":["Deflect","Riddle With Holes"],"picked":"Dagger Spray","floor":4},{"not_picked":["Predator","Well Laid Plans"],"picked":"Deflect","floor":5},{"not_picked":["Deflect","Prepared"],"picked":"PiercingWail","floor":6},{"not_picked":["PiercingWail","Quick Slash"],"picked":"Prepared","floor":8},{"not_picked":["Grand Finale","Flechettes","Cloak And Dagger"],"picked":"SKIP","floor":12},{"not_picked":["Backflip","Dodge and Roll"],"picked":"Calculated Gamble","floor":14}],"player_experience":209846,"relics_obtained":[{"floor":6,"key":"Mummified Hand"},{"floor":8,"key":"Tiny Chest"},{"floor":9,"key":"Potion Belt"}],"event_choices":[{"event_name":"Golden Wing","player_choice":"Ignored","floor":3,"damage_taken":0},{"event_name":"Shining Light","player_choice":"Ignored","floor":10,"damage_taken":0},{"event_name":"Dead Adventurer","player_choice":"Searched \u00270\u0027 times","floor":11,"damage_taken":0}],"is_beta":false,"boss_relics":[],"items_purged_floors":[],"is_endless":false,"potions_floor_spawned":[1,2,4,5],"killed_by":"Slime Boss","ascension_level":3}