{"gold_per_floor":[159,173,186,186,160,218,218,237,287,315,315,390,405,423,423,423],"floor_reached":16,"playtime":842,"items_purged":[],"score":134,"play_id":"7ea682b4-d110-4d7a-83e0-098b16d42b3f","local_time":"20180804234510","is_ascension_mode":true,"campfire_choices":[{"floor":7,"key":"REST"},{"floor":11,"key":"REST"},{"floor":15,"key":"REST"}],"neow_cost":"NONE","seed_source_timestamp":337493943295321,"circlet_count":0,"master_deck":["Defend_G","Defend_G","Defend_G","Defend_G","Defend_G","Strike_G+1","Strike_G","Strike_G","Strike_G","Strike_G","Survivor","Neutralize","Flying Knee","Dash","Flying Knee","Regret","Footwork","Choke"],"relics":["Tiny House","The Courier","Tiny Chest","Potion Belt","Meat on the Bone"],"potions_floor_usage":[6,8,10,16],"damage_taken":[{"damage":0,"enemies":"Cultist","floor":1,"turns":3},{"damage":6,"enemies":"2 Louse","floor":2,"turns":2},{"damage":9,"enemies":"Jaw Worm","floor":3,"turns":3},{"damage":13,"enemies":"3 Sentries","floor":6,"turns":9},{"damage":17,"enemies":"Exordium Wildlife","floor":8,"turns":3},{"damage":33,"enemies":"Lagavulin","floor":10,"turns":6},{"damage":13,"enemies":"Lots of Slimes","floor":13,"turns":5},{"damage":8,"enemies":"Blue Slaver","floor":14,"turns":4},{"damage":59,"enemies":"The Guardian","floor":16,"turns":10}],"seed_played":"1326030809200723139","potions_obtained":[{"floor":0,"key":"Fire Potion"},{"floor":1,"key":"Fire Potion"},{"floor":3,"key":"SteroidPotion"},{"floor":14,"key":"Poison Potion"}],"is_trial":false,"path_per_floor":["M","M","M","?","$","E","R","M","T","E","R","?","M","M","R"],"character_chosen":"THE_SILENT","items_purchased":["Footwork"],"campfire_rested":3,"item_purchase_floors":[5],"current_hp_per_floor":[75,69,60,60,60,47,69,52,52,19,41,30,29,33,55,0],"gold":423,"neow_bonus":"BOSS_RELIC","is_prod":false,"is_daily":false,"chose_seed":false,"campfire_upgraded":0,"win_rate":0,"timestamp":1533451510,"path_taken":["M","M","?","?","$","E","R","?","T","E","R","?","M","M","R","BOSS"],"build_version":"2018-08-02","purchased_purges":0,"victory":false,"max_hp_per_floor":[75,75,75,75,75,75,75,75,75,75,75,75,75,75,75,75],"card_choices":[{"not_picked":["Tactician","Predator"],"picked":"Flying Knee","floor":0},{"not_picked":["Sucker Punch","Underhanded Strike"],"picked":"Dash","floor":1},{"not_picked":["Bane","Calculated Gamble"],"picked":"Flying Knee","floor":2},{"not_picked":["Cloak And Dagger","Dagger Throw","Acrobatics"],"picked":"SKIP","floor":3},{"not_picked":["Blade Dance","Deadly Poison","Distraction"],"picked":"SKIP","floor":6},{"not_picked":["Sucker Punch","Burst"],"picked":"Choke","floor":8},{"not_picked":["Bane","Leg Sweep","Infinite Blades"],"picked":"SKIP","floor":10},{"not_picked":["Slice","Deflect","Cloak And Dagger"],"picked":"SKIP","floor":13},{"not_picked":["Accuracy","Quick Slash","Bane"],"picked":"SKIP","floor":14}],"player_experience":243696,"relics_obtained":[{"floor":6,"key":"Tiny Chest"},{"floor":9,"key":"Potion Belt"},{"floor":10,"key":"Meat on the Bone"}],"event_choices":[{"event_name":"Big Fish","player_choice":"Box","floor":4,"damage_taken":0},{"event_name":"World of Goop","player_choice":"Gather Gold","floor":12,"damage_taken":0}],"is_beta":false,"boss_relics":[],"items_purged_floors":[],"is_endless":false,"potions_floor_spawned":[1,3,14],"killed_by":"The Guardian","ascension_level":4}