{"gold_per_floor":[113,113,131,81,101,22,22,52,52,83,97,21,47,57,57,159,159,147,72,85,85,85],"floor_reached":22,"playtime":1120,"items_purged":["Zap"],"score":213,"play_id":"c68bb3d1-8172-4182-890d-298a750d6f55","local_time":"20181130115946","is_ascension_mode":true,"campfire_choices":[{"floor":7,"key":"REST"},{"floor":15,"key":"REST"}],"neow_cost":"NONE","seed_source_timestamp":48463940022456,"circlet_count":0,"master_deck":["Dualcast","Hologram+1","Go for the Eyes","Genetic Algorithm","Conserve Battery","Coolheaded+1","Heatsinks","Streamline","Sweeping Beam","Beam Cell","Ball Lightning","Loop","Hologram","Capacitor+1","Heatsinks+1","Creative AI+1","Barrage","Consume+1"],"relics":["Pandora\u0027s Box","Frozen Egg 2","Bag of Marbles","Shuriken","Inserter","Cables"],"potions_floor_usage":[3,14],"damage_taken":[{"damage":10,"enemies":"2 Louse","floor":1,"turns":3},{"damage":4,"enemies":"Jaw Worm","floor":3,"turns":3},{"damage":0,"enemies":"Small Slimes","floor":5,"turns":3},{"damage":15,"enemies":"3 Sentries","floor":10,"turns":7},{"damage":0,"enemies":"3 Louse","floor":11,"turns":3},{"damage":5,"enemies":"Lagavulin","floor":13,"turns":8},{"damage":10,"enemies":"2 Fungi Beasts","floor":14,"turns":2},{"damage":27,"enemies":"Hexaghost","floor":16,"turns":8},{"damage":51,"enemies":"2 Thieves","floor":18,"turns":4},{"damage":17,"enemies":"Shell Parasite","floor":20,"turns":9},{"damage":18,"enemies":"3 Cultists","floor":22,"turns":3}],"seed_played":"-3655596397558851142","potions_obtained":[{"floor":3,"key":"Fruit Juice"},{"floor":11,"key":"Explosive Potion"},{"floor":13,"key":"SpeedPotion"},{"floor":16,"key":"Ancient Potion"}],"is_trial":false,"path_per_floor":["M","?","M","?","M","$","R","?","T","E","M","$","E","M","R","B",null,"M","$","M","?","M"],"character_chosen":"DEFECT","items_purchased":["Loop","Capacitor+1"],"campfire_rested":2,"item_purchase_floors":[6,12],"current_hp_per_floor":[65,50,51,51,51,51,75,75,75,60,60,60,55,45,69,42,80,29,29,12,12,0],"gold":85,"neow_bonus":"BOSS_RELIC","is_prod":false,"is_daily":false,"chose_seed":false,"campfire_upgraded":0,"win_rate":0,"timestamp":1543550386,"path_taken":["M","?","M","?","M","?","R","?","T","E","M","$","E","M","R","BOSS","M","$","M","?","M"],"build_version":"2018-11-15","purchased_purges":1,"victory":false,"max_hp_per_floor":[75,75,80,80,80,80,80,80,80,80,80,80,80,80,80,80,80,80,80,80,80,80],"card_choices":[{"not_picked":["Auto Shields","Barrage"],"picked":"Sweeping Beam","floor":1},{"not_picked":["Melter","Compile Driver"],"picked":"Beam Cell","floor":3},{"not_picked":["Lockon","Streamline"],"picked":"Ball Lightning","floor":5},{"not_picked":["Coolheaded","Ball Lightning","Conserve Battery"],"picked":"SKIP","floor":10},{"not_picked":["Ball Lightning","Conserve Battery"],"picked":"Hologram","floor":11},{"not_picked":["Thunder Strike","Doom and Gloom"],"picked":"Heatsinks+1","floor":13},{"not_picked":["Leap","Ball Lightning","Coolheaded"],"picked":"SKIP","floor":14},{"not_picked":["Multi-Cast","All For One"],"picked":"Creative AI+1","floor":16},{"not_picked":["Cold Snap","Lockon"],"picked":"Barrage","floor":18},{"not_picked":["Chaos","Streamline"],"picked":"Consume+1","floor":20}],"player_experience":471611,"relics_obtained":[{"floor":9,"key":"Frozen Egg 2"},{"floor":10,"key":"Bag of Marbles"},{"floor":13,"key":"Shuriken"}],"event_choices":[{"damage_healed":0,"gold_gain":0,"player_choice":"Entered Light","damage_taken":15,"max_hp_gain":0,"max_hp_loss":0,"event_name":"Shining Light","floor":2,"gold_loss":0,"cards_upgraded":["Hologram","Coolheaded"]},{"cards_removed":["Turbo"],"damage_healed":0,"gold_gain":0,"player_choice":"Card Removal","damage_taken":0,"max_hp_gain":0,"max_hp_loss":0,"event_name":"The Cleric","floor":4,"gold_loss":50},{"damage_healed":0,"gold_gain":30,"player_choice":"Searched \u00272\u0027 times","damage_taken":0,"max_hp_gain":0,"max_hp_loss":0,"event_name":"Dead Adventurer","floor":8,"gold_loss":0},{"damage_healed":0,"gold_gain":0,"player_choice":"Opened","damage_taken":0,"relics_obtained":["Cables"],"max_hp_gain":0,"max_hp_loss":0,"event_name":"The Mausoleum","floor":21,"gold_loss":0}],"is_beta":false,"boss_relics":[{"not_picked":["Snecko Eye","Eternal Feather"],"picked":"Inserter"}],"items_purged_floors":[19],"is_endless":false,"potions_floor_spawned":[3,11,13,16],"killed_by":"3 Cultists","ascension_level":2}