{"gold_per_floor":[113,127,139,150,160,191,191,11,11,29,329,342,342,374,374,470,470,470,470,470,470,470,470,470,470,470,470,470,470,470,470,470,470,470,470,470,470,217,217,217,117,117,117,117,117,117,117,117,117,117,117,117,17,17,17],"floor_reached":55,"playtime":69389,"items_purged":["Writhe","Injury"],"score":1036,"play_id":"49437635-8575-4628-8161-3432e3dfd9b7","local_time":"20190221221001","is_ascension_mode":true,"campfire_choices":[{"data":"True Grit","floor":7,"key":"SMITH"},{"floor":13,"key":"REST"},{"data":"Apotheosis","floor":15,"key":"SMITH"},{"floor":25,"key":"RECALL"},{"floor":29,"key":"REST"},{"floor":32,"key":"REST"},{"floor":44,"key":"REST"},{"data":"Carnage","floor":47,"key":"SMITH"},{"floor":49,"key":"REST"},{"data":"Uppercut","floor":52,"key":"SMITH"}],"neow_cost":"CURSE","seed_source_timestamp":358531660693206,"circlet_count":0,"master_deck":["Strike_R","Strike_R","Strike_R","Strike_R","Strike_R","Defend_R","Defend_R","Defend_R","Defend_R","Bash","True Grit+1","Pommel Strike","Dropkick","Battle Trance","Carnage+1","Clothesline","Apotheosis+1","Shrug It Off","Iron Wave","Limit Break","Barricade","Ghostly","Ghostly","Ghostly","Ghostly","Ghostly","Shockwave+1","Rupture+1","Ghostly Armor+1","Armaments+1","Entrench","Ghostly Armor","Juggernaut","Shrug It Off+1","Madness","Madness","Uppercut+1","Metallicize","Combust+1","Power Through+1","Body Slam+1","Flex","Carnage"],"relics":["Burning Blood","Pocketwatch","Old Coin","Bottled Flame","Ectoplasm","Red Mask","Sundial","Gremlin Horn","Dodecahedron","Shuriken","Mark of Pain","Nunchaku","Vajra","Darkstone Periapt","Pen Nib","Letter Opener","Ancient Tea Set","Kunai"],"potions_floor_usage":[6,14,16,30,30,31,33,40,42,55,55,55],"damage_taken":[{"damage":2,"enemies":"2 Louse","floor":1,"turns":3},{"damage":0,"enemies":"Jaw Worm","floor":2,"turns":3},{"damage":7,"enemies":"Small Slimes","floor":3,"turns":6},{"damage":6,"enemies":"2 Fungi Beasts","floor":4,"turns":5},{"damage":15,"enemies":"Exordium Wildlife","floor":5,"turns":5},{"damage":24,"enemies":"Gremlin Nob","floor":6,"turns":4},{"damage":14,"enemies":"3 Louse","floor":10,"turns":3},{"damage":12,"enemies":"Lots of Slimes","floor":12,"turns":6},{"damage":42,"enemies":"3 Sentries","floor":14,"turns":9},{"damage":22,"enemies":"Hexaghost","floor":16,"turns":10},{"damage":14,"enemies":"3 Byrds","floor":18,"turns":7},{"damage":7,"enemies":"Masked Bandits","floor":21,"turns":7},{"damage":2,"enemies":"Shell Parasite","floor":22,"turns":6},{"damage":8,"enemies":"Gremlin Leader","floor":23,"turns":6},{"damage":26,"enemies":"Shelled Parasite and Fungi","floor":24,"turns":7},{"damage":18,"enemies":"Snecko","floor":30,"turns":5},{"damage":8,"enemies":"Cultist and Chosen","floor":31,"turns":6},{"damage":14,"enemies":"Collector","floor":33,"turns":11},{"damage":3,"enemies":"Orb Walker","floor":35,"turns":5},{"damage":0,"enemies":"Mind Bloom Boss Battle","floor":37,"turns":8},{"damage":7,"enemies":"Reptomancer","floor":40,"turns":7},{"damage":31,"enemies":"Giant Head","floor":42,"turns":11},{"damage":2,"enemies":"3 Shapes","floor":46,"turns":4},{"damage":12,"enemies":"Sphere and 2 Shapes","floor":48,"turns":6},{"damage":9,"enemies":"Time Eater","floor":50,"turns":10},{"damage":44,"enemies":"Shield and Spear","floor":54,"turns":7},{"damage":34,"enemies":"The Heart","floor":55,"turns":2}],"seed_played":"7216155993881425726","potions_obtained":[{"floor":1,"key":"FearPotion"},{"floor":6,"key":"Swift Potion"},{"floor":12,"key":"Regen Potion"},{"floor":14,"key":"Energy Potion"},{"floor":22,"key":"GamblersBrew"},{"floor":23,"key":"SpeedPotion"},{"floor":30,"key":"SteroidPotion"},{"floor":35,"key":"Dexterity Potion"},{"floor":40,"key":"BloodPotion"},{"floor":46,"key":"Fire Potion"},{"floor":54,"key":"SkillPotion"}],"is_trial":false,"path_per_floor":["M","M","M","M","M","E","R","$","T","M","?","M","R","E","R","B",null,"M","?","?","?","M","E","M","R","T","?","T","R","M","M","R","B",null,"M","?","?","$","T","E","$","E","T","R","?","M","R","M","R","B",null,"R","$","E","B"],"character_chosen":"IRONCLAD","items_purchased":["Apotheosis","Vajra","Metallicize","Flex","Dexterity Potion"],"campfire_rested":5,"item_purchase_floors":[8,38,38,53,53],"current_hp_per_floor":[92,96,95,95,86,68,68,68,68,60,60,54,82,61,61,45,83,75,56,50,49,50,48,28,28,28,28,28,43,31,29,44,36,47,50,44,50,50,50,49,49,29,29,44,44,48,48,42,50,47,49,49,49,11,0],"gold":17,"neow_bonus":"TWENTY_PERCENT_HP_BONUS","is_prod":false,"is_daily":false,"chose_seed":false,"campfire_upgraded":4,"win_rate":0,"timestamp":1550805001,"path_taken":["M","M","M","M","M","E","R","$","T","M","?","M","R","E","R","BOSS","M","?","?","?","M","E","M","R","T","?","?","R","?","M","R","BOSS","M","?","?","$","?","E","$","E","T","R","?","M","R","?","R","BOSS","R","$","E","BOSS"],"build_version":"2019-01-23","purchased_purges":2,"victory":false,"max_hp_per_floor":[96,96,96,96,96,96,96,96,96,96,96,96,96,96,96,96,96,96,101,50,50,50,50,50,50,50,50,50,50,50,50,50,50,50,50,50,50,50,50,50,50,50,50,50,50,50,50,50,50,50,50,50,50,50,50],"card_choices":[{"not_picked":["Warcry","Clash"],"picked":"True Grit","floor":1},{"not_picked":["Reckless Charge","Sword Boomerang"],"picked":"Pommel Strike","floor":2},{"not_picked":["Warcry","Reckless Charge"],"picked":"Dropkick","floor":3},{"not_picked":["Perfected Strike","Double Tap"],"picked":"Battle Trance","floor":4},{"not_picked":["Battle Trance","Feel No Pain"],"picked":"Carnage","floor":5},{"not_picked":["Clash","Body Slam"],"picked":"Clothesline","floor":6},{"not_picked":["Headbutt","Pummel"],"picked":"Shrug It Off","floor":10},{"not_picked":["Sever Soul","Flex"],"picked":"Iron Wave","floor":12},{"not_picked":["Carnage","True Grit"],"picked":"Limit Break","floor":14},{"not_picked":["Fiend Fire","Limit Break"],"picked":"Barricade","floor":16},{"not_picked":["Clothesline","Heavy Blade","Sword Boomerang"],"picked":"SKIP","floor":18},{"not_picked":["Body Slam","Pummel"],"picked":"Shockwave+1","floor":21},{"not_picked":["Heavy Blade","Wild Strike+1"],"picked":"Rupture+1","floor":22},{"not_picked":["Havoc","Heavy Blade"],"picked":"Ghostly Armor+1","floor":23},{"not_picked":["Flex+1","Corruption"],"picked":"Armaments+1","floor":24},{"not_picked":["Corruption","Wild Strike"],"picked":"Entrench","floor":30},{"not_picked":["Anger","Sever Soul"],"picked":"Ghostly Armor","floor":31},{"not_picked":["Offering","Limit Break"],"picked":"Juggernaut","floor":33},{"not_picked":["Anger","Flame Barrier"],"picked":"Shrug It Off+1","floor":35},{"not_picked":["Searing Blow","Cleave+1"],"picked":"Uppercut","floor":37},{"not_picked":["Thunderclap","Wild Strike+1"],"picked":"Combust+1","floor":40},{"not_picked":["Pommel Strike","Sentinel","Twin Strike"],"picked":"SKIP","floor":42},{"not_picked":["Iron Wave","Wild Strike"],"picked":"Power Through+1","floor":46},{"not_picked":["Fire Breathing","Limit Break"],"picked":"Body Slam+1","floor":48},{"not_picked":["Warcry","Pommel Strike+1"],"picked":"Carnage","floor":54}],"player_experience":939895,"relics_obtained":[{"floor":6,"key":"Pocketwatch"},{"floor":14,"key":"Bottled Flame"},{"floor":21,"key":"Red Mask"},{"floor":23,"key":"Sundial"},{"floor":26,"key":"Gremlin Horn"},{"floor":28,"key":"Shuriken"},{"floor":37,"key":"Nunchaku"},{"floor":39,"key":"Darkstone Periapt"},{"floor":40,"key":"Pen Nib"},{"floor":42,"key":"Letter Opener"},{"floor":43,"key":"Ancient Tea Set"},{"floor":54,"key":"Kunai"}],"event_choices":[{"damage_healed":0,"gold_gain":0,"player_choice":"Searched \u00271\u0027 times","damage_taken":0,"relics_obtained":["Old Coin"],"max_hp_gain":0,"max_hp_loss":0,"event_name":"Dead Adventurer","floor":11,"gold_loss":0},{"damage_healed":0,"gold_gain":0,"player_choice":"Shed Blood","damage_taken":24,"max_hp_gain":5,"max_hp_loss":0,"event_name":"Forgotten Altar","floor":19,"gold_loss":0},{"damage_healed":0,"gold_gain":0,"player_choice":"Became a Ghost","damage_taken":0,"max_hp_gain":0,"max_hp_loss":51,"event_name":"Ghosts","floor":20,"gold_loss":0,"cards_obtained":["Ghostly","Ghostly","Ghostly","Ghostly","Ghostly"]},{"damage_healed":0,"gold_gain":0,"player_choice":"Fought Bandits","damage_taken":0,"max_hp_gain":0,"max_hp_loss":0,"event_name":"Masked Bandits","floor":21,"gold_loss":0},{"damage_healed":0,"gold_gain":0,"player_choice":"Opened","damage_taken":0,"relics_obtained":["Dodecahedron"],"max_hp_gain":0,"max_hp_loss":0,"event_name":"The Mausoleum","floor":27,"gold_loss":0,"cards_obtained":["Writhe"]},{"damage_healed":0,"gold_gain":0,"player_choice":"Embrace Madness","damage_taken":6,"max_hp_gain":0,"max_hp_loss":0,"event_name":"Winding Halls","floor":36,"gold_loss":0,"cards_obtained":["Madness","Madness"]},{"damage_healed":0,"gold_gain":0,"player_choice":"Fight","damage_taken":0,"max_hp_gain":0,"max_hp_loss":0,"event_name":"MindBloom","floor":37,"gold_loss":0},{"damage_healed":0,"gold_gain":100,"player_choice":"Pray","damage_taken":0,"max_hp_gain":0,"max_hp_loss":0,"event_name":"Golden Shrine","floor":45,"gold_loss":0}],"is_beta":false,"boss_relics":[{"not_picked":["Coffee Dripper","Fusion Hammer"],"picked":"Ectoplasm"},{"not_picked":["Cursed Key","Empty Cage"],"picked":"Mark of Pain"}],"items_purged_floors":[38,41],"is_endless":false,"potions_floor_spawned":[1,6,12,14,22,23,30,35,40,46,54],"killed_by":"The Heart","ascension_level":7}