{"gold_per_floor":[119,119,133,24,40,80,80,80,104,124,143,161,17,58,58,182,182,197,211,231,245,245,245],"floor_reached":23,"playtime":1270,"items_purged":["Injury"],"score":226,"play_id":"0c9e5e4b-958d-4c09-8be7-5c110445bfc5","local_time":"20180723053705","is_ascension_mode":true,"campfire_choices":[{"data":"Infernal Blade","floor":7,"key":"SMITH"},{"floor":15,"key":"REST"}],"neow_cost":"NONE","seed_source_timestamp":43646087702613,"circlet_count":0,"master_deck":["Strike_R","Strike_R","Strike_R","Strike_R","Strike_R","Defend_R","Defend_R","Defend_R","Defend_R","Flex","Clash","Iron Wave","Infernal Blade+1","Clothesline","Headbutt","Cleave","Ghostly Armor","Shrug It Off","Anger+1","Dropkick+1","Carnage+1","Clash"],"relics":["Burning Blood","Golden Idol","Lantern","Boot","Regal Pillow","Bag of Marbles","Mummified Hand","Cursed Key"],"potions_floor_usage":[23],"damage_taken":[{"damage":0,"enemies":"Small Slimes","floor":1,"turns":3},{"damage":2,"enemies":"Jaw Worm","floor":3,"turns":3},{"damage":1,"enemies":"Cultist","floor":5,"turns":3},{"damage":25,"enemies":"3 Sentries","floor":6,"turns":8},{"damage":0,"enemies":"Red Slaver","floor":10,"turns":2},{"damage":6,"enemies":"2 Fungi Beasts","floor":11,"turns":3},{"damage":6,"enemies":"Looter","floor":12,"turns":2},{"damage":16,"enemies":"Lagavulin","floor":14,"turns":5},{"damage":47,"enemies":"Slime Boss","floor":16,"turns":13},{"damage":0,"enemies":"Shell Parasite","floor":18,"turns":3},{"damage":1,"enemies":"2 Thieves","floor":19,"turns":4},{"damage":33,"enemies":"Centurion and Healer","floor":20,"turns":6},{"damage":19,"enemies":"Sentry and Sphere","floor":21,"turns":4},{"damage":34,"enemies":"Slavers","floor":23,"turns":5}],"seed_played":"-7517179717507961973","potions_obtained":[{"floor":3,"key":"LiquidBronze"},{"floor":11,"key":"SteroidPotion"},{"floor":12,"key":"Ancient Potion"},{"floor":20,"key":"EssenceOfSteel"}],"is_trial":false,"path_per_floor":["M","?","M","$","M","E","R","?","T","M","M","M","$","E","R","B",null,"M","M","M","M","?"],"character_chosen":"IRONCLAD","items_purchased":["Infernal Blade","Bag of Marbles"],"campfire_rested":1,"item_purchase_floors":[4,13],"current_hp_per_floor":[80,80,80,80,83,64,64,57,57,63,63,63,63,53,83,42,83,83,83,56,43,43,9],"gold":245,"neow_bonus":"TRANSFORM_CARD","is_prod":false,"is_daily":false,"chose_seed":false,"campfire_upgraded":1,"win_rate":0,"timestamp":1532349425,"path_taken":["M","?","?","$","M","E","R","?","T","?","M","M","$","E","R","BOSS","M","M","M","?","?","E"],"build_version":"2018-07-19v2","purchased_purges":1,"victory":false,"max_hp_per_floor":[80,80,80,80,83,83,83,83,83,83,83,83,83,83,83,83,83,83,83,83,83,83,83],"card_choices":[{"not_picked":["Body Slam","Metallicize"],"picked":"Clash","floor":1},{"not_picked":["True Grit","Heavy Blade"],"picked":"Iron Wave","floor":3},{"not_picked":["Flex","Wild Strike"],"picked":"Clothesline","floor":5},{"not_picked":["Rupture","True Grit","Bludgeon"],"picked":"SKIP","floor":6},{"not_picked":["Seeing Red","Anger"],"picked":"Headbutt","floor":10},{"not_picked":["Twin Strike","Warcry"],"picked":"Cleave","floor":11},{"not_picked":["Clothesline","Uppercut"],"picked":"Ghostly Armor","floor":12},{"not_picked":["Havoc","Burning Pact"],"picked":"Shrug It Off","floor":14},{"not_picked":["Flex","Warcry"],"picked":"Anger+1","floor":18},{"not_picked":["Sword Boomerang","Whirlwind+1"],"picked":"Dropkick+1","floor":19},{"not_picked":["Fire Breathing","Anger"],"picked":"Carnage+1","floor":20},{"not_picked":["Dropkick+1","Rupture"],"picked":"Clash","floor":21}],"player_experience":139294,"relics_obtained":[{"floor":6,"key":"Lantern"},{"floor":9,"key":"Regal Pillow"},{"floor":14,"key":"Mummified Hand"}],"event_choices":[{"event_name":"Golden Idol","player_choice":"Take Wound","floor":2,"damage_taken":0},{"event_name":"Scrap Ooze","player_choice":"success","floor":8,"damage_taken":7},{"event_name":"Ghosts","player_choice":"Ignored","floor":22,"damage_taken":0}],"is_beta":false,"boss_relics":[{"not_picked":["Orrery","Busted Crown"],"picked":"Cursed Key"}],"items_purged_floors":[4],"is_endless":false,"potions_floor_spawned":[3,11,12,18,20,21],"killed_by":"Slavers","ascension_level":2}