{"gold_per_floor":[110,110,130,130,54,80,255,255,255,70,83,115,115,132,132,230,230,249,249,269,298,347,347,363,377,377,377,204,204,216,249,249,346,346,362,362,211,230,80,80,132,145,145,155,155,155,5,24,24,24],"floor_reached":51,"playtime":4030,"items_purged":["Doubt","Strike_G","Decay","Defend_G"],"score":867,"play_id":"9e63e54e-89e8-4874-915a-78b3bf3f1c7e","local_time":"20190525145219","is_ascension_mode":true,"campfire_choices":[{"floor":15,"key":"REST"},{"data":"Noxious Fumes","floor":23,"key":"SMITH"},{"data":"1","floor":27,"key":"LIFT"},{"floor":32,"key":"REST"},{"data":"Cloak And Dagger","floor":40,"key":"SMITH"},{"floor":45,"key":"REST"},{"floor":49,"key":"REST"}],"neow_cost":"NONE","seed_source_timestamp":1271993553615813,"circlet_count":0,"master_deck":["Defend_G","Defend_G","Defend_G","Defend_G","Strike_G","Strike_G+1","Survivor+1","Neutralize+1","Deflect","PiercingWail","Noxious Fumes+1","Footwork","Blur+1","Footwork","Blur","Blade Dance","Malaise","Noxious Fumes","RitualDagger","PiercingWail+1","Infinite Blades","Crippling Poison+1","Well Laid Plans","Prepared+1","Catalyst","Bullet Time","Footwork+1","Cloak And Dagger+1","Cloak And Dagger+1","Noxious Fumes+1","Cloak And Dagger+1","Blur","Infinite Blades"],"relics":["Ring of the Snake","Sundial","Girya","Kunai","Ornamental Fan","Sozu","Red Mask","Art of War","Gremlin Horn","War Paint","Busted Crown","Nunchaku","Mummified Hand"],"potions_floor_usage":[12,12,16],"damage_taken":[{"damage":7,"enemies":"Small Slimes","floor":1,"turns":4},{"damage":0,"enemies":"Jaw Worm","floor":3,"turns":5},{"damage":25,"enemies":"3 Sentries","floor":6,"turns":9},{"damage":0,"enemies":"2 Louse","floor":11,"turns":4},{"damage":6,"enemies":"Lagavulin","floor":12,"turns":10},{"damage":0,"enemies":"Looter","floor":14,"turns":5},{"damage":6,"enemies":"Hexaghost","floor":16,"turns":16},{"damage":0,"enemies":"Spheric Guardian","floor":18,"turns":8},{"damage":12,"enemies":"Chosen","floor":20,"turns":8},{"damage":11,"enemies":"Masked Bandits","floor":21,"turns":7},{"damage":0,"enemies":"Snecko","floor":24,"turns":7},{"damage":6,"enemies":"Shelled Parasite and Fungi","floor":25,"turns":6},{"damage":1,"enemies":"Chosen and Byrds","floor":30,"turns":6},{"damage":0,"enemies":"Book of Stabbing","floor":31,"turns":7},{"damage":10,"enemies":"Champ","floor":33,"turns":16},{"damage":0,"enemies":"3 Shapes","floor":35,"turns":5},{"damage":0,"enemies":"Orb Walker","floor":38,"turns":6},{"damage":20,"enemies":"2 Orb Walkers","floor":41,"turns":6},{"damage":22,"enemies":"Spire Growth","floor":42,"turns":6},{"damage":7,"enemies":"Jaw Worm Horde","floor":44,"turns":4},{"damage":5,"enemies":"3 Darklings","floor":48,"turns":6},{"damage":35,"enemies":"Time Eater","floor":50,"turns":17}],"seed_played":"-540613432014581651","potions_obtained":[{"floor":1,"key":"EssenceOfSteel"},{"floor":3,"key":"FearPotion"},{"floor":12,"key":"Poison Potion"}],"is_trial":false,"path_per_floor":["M","?","M","?","$","E","?","T","T","$","M","E","?","M","R","B",null,"M","?","M","?","T","R","M","M","T","R","$","?","M","E","R","B",null,"M","?","$","M","$","R","?","M","T","M","R","?","$","M","R","B",null],"character_chosen":"THE_SILENT","items_purchased":["Noxious Fumes","Footwork","Blur","Well Laid Plans","Cloak And Dagger","Blur","Infinite Blades"],"campfire_rested":4,"item_purchase_floors":[5,10,10,28,37,47,47],"current_hp_per_floor":[56,42,42,47,47,22,22,22,22,22,22,16,16,16,38,32,64,64,58,46,35,35,35,35,29,29,29,29,29,28,28,50,40,66,66,66,66,66,66,66,46,24,24,17,39,39,39,34,56,21],"gold":24,"neow_bonus":"UPGRADE_CARD","is_prod":false,"is_daily":false,"chose_seed":false,"campfire_upgraded":2,"win_rate":0,"timestamp":1558821139,"path_taken":["M","?","M","?","?","E","?","?","T","$","M","E","?","M","R","BOSS","M","?","M","?","?","R","?","M","T","R","$","?","?","E","R","BOSS","M","?","$","?","$","R","?","M","T","M","R","?","?","M","R","BOSS"],"build_version":"2019-01-23","purchased_purges":4,"victory":true,"max_hp_per_floor":[70,70,70,75,75,75,75,75,75,75,75,75,75,75,75,75,75,75,75,75,75,75,75,75,75,75,75,75,75,75,75,75,75,75,75,75,75,75,75,75,75,75,75,75,75,75,75,75,75,75],"card_choices":[{"not_picked":["Eviscerate","Riddle With Holes"],"picked":"Deflect","floor":1},{"not_picked":["All Out Attack","Accuracy"],"picked":"PiercingWail","floor":3},{"not_picked":["Night Terror","Poisoned Stab","Flechettes"],"picked":"SKIP","floor":6},{"not_picked":["Backflip","Riddle With Holes"],"picked":"Footwork","floor":11},{"not_picked":["Doppelganger","Deadly Poison"],"picked":"Blur","floor":12},{"not_picked":["Sucker Punch","Underhanded Strike"],"picked":"Blade Dance","floor":14},{"not_picked":["A Thousand Cuts","Storm of Steel"],"picked":"Malaise","floor":16},{"not_picked":["Reflex","Underhanded Strike"],"picked":"Noxious Fumes","floor":18},{"not_picked":["Outmaneuver+1","Heel Hook"],"picked":"PiercingWail","floor":20},{"not_picked":["Sucker Punch+1","Deadly Poison"],"picked":"Infinite Blades","floor":24},{"not_picked":["Flying Knee","Setup"],"picked":"Crippling Poison+1","floor":25},{"not_picked":["Deadly Poison","PiercingWail"],"picked":"Prepared+1","floor":30},{"not_picked":["Crippling Poison","Sucker Punch"],"picked":"Catalyst","floor":31},{"not_picked":["Wraith Form v2","Corpse Explosion"],"picked":"Bullet Time","floor":33},{"not_picked":[],"picked":"Footwork+1","floor":35},{"not_picked":[],"picked":"Cloak And Dagger+1","floor":38},{"not_picked":[],"picked":"Noxious Fumes+1","floor":41},{"not_picked":[],"picked":"Cloak And Dagger+1","floor":42},{"not_picked":["Endless Agony+1"],"picked":"SKIP","floor":44},{"not_picked":["Crippling Poison"],"picked":"SKIP","floor":48}],"player_experience":311912,"relics_obtained":[{"floor":6,"key":"Sundial"},{"floor":8,"key":"Girya"},{"floor":9,"key":"Kunai"},{"floor":12,"key":"Ornamental Fan"},{"floor":21,"key":"Red Mask"},{"floor":22,"key":"Art of War"},{"floor":26,"key":"Gremlin Horn"},{"floor":31,"key":"War Paint"},{"floor":41,"key":"Nunchaku"},{"floor":43,"key":"Mummified Hand"}],"event_choices":[{"damage_healed":0,"gold_gain":0,"player_choice":"Entered Light","damage_taken":14,"max_hp_gain":0,"max_hp_loss":0,"event_name":"Shining Light","floor":2,"gold_loss":0,"cards_upgraded":["Neutralize","Strike_G"]},{"damage_healed":0,"gold_gain":0,"player_choice":"Donut","damage_taken":0,"max_hp_gain":5,"max_hp_loss":0,"event_name":"Big Fish","floor":4,"gold_loss":0},{"damage_healed":0,"gold_gain":175,"player_choice":"AGREE","damage_taken":0,"max_hp_gain":0,"max_hp_loss":0,"event_name":"Liars Game","floor":7,"gold_loss":0,"cards_obtained":["Doubt"]},{"cards_removed":["Strike_G"],"damage_healed":0,"gold_gain":0,"player_choice":"Offered Basic","damage_taken":0,"max_hp_gain":0,"max_hp_loss":0,"event_name":"Bonfire Elementals","floor":13,"gold_loss":0},{"damage_healed":0,"gold_gain":0,"player_choice":"Joined the Cult","damage_taken":6,"max_hp_gain":0,"max_hp_loss":0,"event_name":"Nest","floor":19,"gold_loss":0,"cards_obtained":["RitualDagger"]},{"damage_healed":0,"gold_gain":0,"player_choice":"Fought Bandits","damage_taken":0,"max_hp_gain":0,"max_hp_loss":0,"event_name":"Masked Bandits","floor":21,"gold_loss":0},{"cards_removed":["Strike_G"],"damage_healed":0,"gold_gain":0,"player_choice":"Purged","damage_taken":0,"max_hp_gain":0,"max_hp_loss":0,"event_name":"Purifier","floor":29,"gold_loss":0},{"damage_healed":0,"gold_gain":0,"player_choice":"Cursed","damage_taken":0,"max_hp_gain":0,"max_hp_loss":0,"event_name":"Wheel of Change","floor":36,"gold_loss":0,"cards_obtained":["Decay"]},{"damage_healed":0,"gold_gain":0,"player_choice":"Fight","damage_taken":0,"max_hp_gain":0,"max_hp_loss":0,"event_name":"Mysterious Sphere","floor":41,"gold_loss":0},{"damage_healed":0,"gold_gain":0,"player_choice":"Ignored","damage_taken":0,"max_hp_gain":0,"max_hp_loss":0,"event_name":"Tomb of Lord Red Mask","floor":46,"gold_loss":0}],"is_beta":false,"boss_relics":[{"not_picked":["WristBlade","White Beast Statue"],"picked":"Sozu"},{"not_picked":["Coffee Dripper","Pandora\u0027s Box"],"picked":"Busted Crown"}],"items_purged_floors":[10,28,37,39],"is_endless":false,"potions_floor_spawned":[1,3,12,18,21,25,31,35,38,41,44],"ascension_level":6}