{"gold_per_floor":[213,226,17,29,43,43,43,73,127,127,302,302,56,73,73,178,178,196,196,4,4,4],"floor_reached":22,"playtime":3488,"items_purged":["Strike_G","Doubt"],"score":255,"play_id":"cf64574e-9b73-4a36-b2d9-25a70ab07a7f","local_time":"20190527183802","is_ascension_mode":true,"campfire_choices":[{"data":"A Thousand Cuts","floor":6,"key":"SMITH"},{"floor":10,"key":"REST"},{"floor":12,"key":"REST"},{"floor":15,"key":"REST"}],"neow_cost":"NONE","seed_source_timestamp":405503319997503,"circlet_count":0,"master_deck":["Defend_G","Defend_G","Defend_G","Defend_G+1","Defend_G","Strike_G","Strike_G","Strike_G","Survivor+1","Neutralize","Dodge and Roll","A Thousand Cuts+1","PiercingWail","Blur","Catalyst","Cloak And Dagger","A Thousand Cuts","Sucker Punch+1","Apotheosis+1"],"relics":["Ring of the Snake","Molten Egg 2","War Paint","Oddly Smooth Stone","WristBlade"],"potions_floor_usage":[8,14,16,18],"damage_taken":[{"damage":2,"enemies":"Cultist","floor":1,"turns":4},{"damage":1,"enemies":"Small Slimes","floor":2,"turns":4},{"damage":0,"enemies":"2 Louse","floor":4,"turns":3},{"damage":5,"enemies":"2 Fungi Beasts","floor":5,"turns":5},{"damage":46,"enemies":"Lagavulin","floor":8,"turns":11},{"damage":13,"enemies":"Lots of Slimes","floor":14,"turns":3},{"damage":38,"enemies":"Slime Boss","floor":16,"turns":13},{"damage":7,"enemies":"Chosen","floor":18,"turns":5},{"damage":40,"enemies":"Colosseum Slavers","floor":19,"turns":7},{"damage":11,"enemies":"Spheric Guardian","floor":22,"turns":3}],"seed_played":"5139366085681497901","potions_obtained":[{"floor":4,"key":"Strength Potion"},{"floor":8,"key":"EssenceOfSteel"},{"floor":14,"key":"Poison Potion"},{"floor":16,"key":"SkillPotion"},{"floor":18,"key":"FearPotion"}],"is_trial":false,"path_per_floor":["M","M","$","M","M","R","?","E","T","R","?","R","$","M","R","B",null,"M","?","$","?","M"],"character_chosen":"THE_SILENT","items_purchased":["A Thousand Cuts","PiercingWail","Oddly Smooth Stone","Apotheosis"],"campfire_rested":3,"item_purchase_floors":[3,3,13,20],"current_hp_per_floor":[61,60,60,60,55,55,48,2,2,23,23,44,44,31,52,14,56,49,9,9,9,0],"gold":4,"neow_bonus":"HUNDRED_GOLD","is_prod":false,"is_daily":false,"chose_seed":false,"campfire_upgraded":1,"win_rate":0,"timestamp":1558996682,"path_taken":["M","M","$","?","M","R","?","E","T","R","?","R","$","M","R","BOSS","M","?","$","?","M"],"build_version":"2019-01-23","purchased_purges":2,"victory":false,"max_hp_per_floor":[70,70,70,70,70,70,70,70,70,70,70,70,70,70,70,70,70,70,70,70,70,70],"card_choices":[{"not_picked":["Underhanded Strike","Blade Dance","Reflex"],"picked":"SKIP","floor":1},{"not_picked":["Deadly Poison","Dagger Spray"],"picked":"Dodge and Roll","floor":2},{"not_picked":["Backflip","Slice"],"picked":"Blur","floor":4},{"not_picked":["Outmaneuver","Doppelganger"],"picked":"Catalyst","floor":5},{"not_picked":["All Out Attack","Dagger Throw"],"picked":"Cloak And Dagger","floor":8},{"not_picked":["Deflect","Bane+1","Skewer+1"],"picked":"SKIP","floor":14},{"not_picked":["Burst","Storm of Steel"],"picked":"A Thousand Cuts","floor":16},{"not_picked":["Deflect+1","Calculated Gamble"],"picked":"Sucker Punch+1","floor":18}],"player_experience":1426678,"relics_obtained":[{"floor":8,"key":"Molten Egg 2"},{"floor":9,"key":"War Paint"}],"event_choices":[{"cards_removed":["Strike_G"],"damage_healed":0,"gold_gain":0,"player_choice":"Card Removal","damage_taken":7,"max_hp_gain":0,"max_hp_loss":0,"event_name":"Golden Wing","floor":7,"gold_loss":0},{"damage_healed":0,"gold_gain":175,"player_choice":"AGREE","damage_taken":0,"max_hp_gain":0,"max_hp_loss":0,"event_name":"Liars Game","floor":11,"gold_loss":0,"cards_obtained":["Doubt"]},{"damage_healed":0,"gold_gain":0,"player_choice":"Fight","damage_taken":0,"max_hp_gain":0,"max_hp_loss":0,"event_name":"Colosseum","floor":19,"gold_loss":0},{"damage_healed":0,"gold_gain":0,"player_choice":"Fled From Nobs","damage_taken":0,"max_hp_gain":0,"max_hp_loss":0,"event_name":"Colosseum","floor":19,"gold_loss":0},{"damage_healed":0,"gold_gain":0,"player_choice":"Upgraded","damage_taken":0,"max_hp_gain":0,"max_hp_loss":0,"event_name":"Upgrade Shrine","floor":21,"gold_loss":0,"cards_upgraded":["Apotheosis"]}],"is_beta":false,"boss_relics":[{"not_picked":["Lizard Tail","Snecko Eye"],"picked":"WristBlade"}],"items_purged_floors":[3,13],"is_endless":false,"potions_floor_spawned":[4,8,14,16,18],"killed_by":"Spheric Guardian","ascension_level":8}