{"gold_per_floor":[115,115,128,138,63,91,91,91],"floor_reached":8,"playtime":394,"items_purged":["Injury"],"score":87,"play_id":"a85135f6-277c-46e6-8165-29f8ac75c484","local_time":"20190316162010","is_ascension_mode":true,"campfire_choices":[],"neow_cost":"CURSE","seed_source_timestamp":66000247840590,"circlet_count":0,"master_deck":["AscendersBane","Strike_B","Strike_B","Strike_B","Strike_B","Defend_B","Defend_B","Defend_B","Defend_B","Zap","Dualcast","Buffer","Redo","Mind Blast","Creative AI+1","Cold Snap","Leap","Ball Lightning"],"relics":["Cracked Core","PreservedInsect"],"potions_floor_usage":[8,8],"damage_taken":[{"damage":11,"enemies":"2 Louse","floor":1,"turns":3},{"damage":4,"enemies":"Cultist","floor":3,"turns":5},{"damage":6,"enemies":"Small Slimes","floor":4,"turns":4},{"damage":36,"enemies":"Lagavulin","floor":6,"turns":8},{"damage":15,"enemies":"Gremlin Nob","floor":8,"turns":2}],"seed_played":"-5050788614480872425","potions_obtained":[{"floor":4,"key":"Explosive Potion"},{"floor":6,"key":"Explosive Potion"}],"is_trial":false,"path_per_floor":["M","?","M","M","$","E","?","E"],"character_chosen":"DEFECT","items_purchased":[],"campfire_rested":0,"item_purchase_floors":[],"current_hp_per_floor":[57,57,53,47,47,11,11,0],"gold":91,"neow_bonus":"THREE_RARE_CARDS","is_prod":false,"is_daily":false,"chose_seed":false,"campfire_upgraded":0,"win_rate":0,"timestamp":1552767610,"path_taken":["M","?","?","M","$","E","?","E"],"build_version":"2019-01-23","purchased_purges":1,"victory":false,"max_hp_per_floor":[75,75,75,75,75,75,75,75],"card_choices":[{"not_picked":["Thunder Strike","Seek"],"picked":"Buffer","floor":0},{"not_picked":["Streamline","Gash"],"picked":"Redo","floor":1},{"not_picked":["Compile Driver","FTL"],"picked":"Cold Snap","floor":3},{"not_picked":["Streamline","Undo"],"picked":"Leap","floor":4},{"not_picked":["Sweeping Beam","Scrape"],"picked":"Ball Lightning","floor":6}],"player_experience":1094151,"relics_obtained":[{"floor":6,"key":"PreservedInsect"}],"event_choices":[{"damage_healed":0,"gold_gain":0,"player_choice":"2 cards matched","damage_taken":0,"max_hp_gain":0,"max_hp_loss":0,"event_name":"Match and Keep!","floor":2,"gold_loss":0,"cards_obtained":["Mind Blast","Creative AI"]},{"damage_healed":0,"gold_gain":0,"player_choice":"Forge","damage_taken":0,"max_hp_gain":0,"max_hp_loss":0,"event_name":"Accursed Blacksmith","floor":7,"gold_loss":0,"cards_upgraded":["Creative AI"]}],"is_beta":false,"boss_relics":[],"items_purged_floors":[5],"is_endless":false,"potions_floor_spawned":[4,6],"killed_by":"Gremlin Nob","ascension_level":11}