{"gold_per_floor":[112,112,65,140,158,185,196,196,196,46,66,66,18,44,44,149,149,162,80,80,80,99,124,124,124,124,139,139,155,484,584,584,681,681,697,717,717,729,804,838,838,856,881,881,933,959,975,990,990,990,990,990,78,107,107],"floor_reached":55,"playtime":4483,"items_purged":["Strike_B","Defend_B"],"score":1428,"play_id":"ec3d96a9-c286-4e50-be01-e121317094ec","local_time":"20190409025846","is_ascension_mode":true,"campfire_choices":[{"floor":8,"key":"REST"},{"floor":15,"key":"REST"},{"floor":24,"key":"REST"},{"data":"Loop","floor":28,"key":"SMITH"},{"data":"Sunder","floor":32,"key":"SMITH"},{"data":"Go for the Eyes","floor":41,"key":"SMITH"},{"floor":44,"key":"RECALL"},{"data":"Hologram","floor":49,"key":"SMITH"},{"data":"Capacitor","floor":52,"key":"SMITH"}],"neow_cost":"PERCENT_DAMAGE","seed_source_timestamp":103411056300925,"circlet_count":0,"master_deck":["AscendersBane","Strike_B","Defend_B","Defend_B","Zap","Dualcast","Go for the Eyes+1","Compile Driver","Capacitor+1","Consume","White Noise","Ball Lightning","Cold Snap","Biased Cognition","Seek","RitualDagger","Ghostly","Ghostly","Ghostly","Ghostly","Ghostly","Sunder+1","Loop+1","Cold Snap","Core Surge","Chill+1","Self Repair+1","Reinforced Body+1","Shame","FTL+1","Hologram+1","Glacier+1","Dark Shackles","Secret Technique","Gash","Capacitor+1"],"relics":["Cracked Core","Thread and Needle","Singing Bowl","Art of War","Bag of Preparation","Velvet Choker","Darkstone Periapt","Shuriken","FossilizedHelix","Old Coin","Cursed Key","Turnip","Torii","Question Card","Cables","Bottled Flame","Bottled Tornado"],"potions_floor_usage":[6,14,23,30,40,40,54,55],"damage_taken":[{"damage":5,"enemies":"2 Louse","floor":1,"turns":2},{"damage":4,"enemies":"Cultist","floor":5,"turns":4},{"damage":15,"enemies":"Gremlin Nob","floor":6,"turns":3},{"damage":0,"enemies":"Jaw Worm","floor":7,"turns":3},{"damage":0,"enemies":"Large Slime","floor":11,"turns":4},{"damage":0,"enemies":"3 Sentries","floor":14,"turns":2},{"damage":10,"enemies":"The Guardian","floor":16,"turns":11},{"damage":0,"enemies":"Chosen","floor":18,"turns":4},{"damage":0,"enemies":"Spheric Guardian","floor":22,"turns":4},{"damage":13,"enemies":"Book of Stabbing","floor":23,"turns":8},{"damage":0,"enemies":"Snecko","floor":27,"turns":5},{"damage":0,"enemies":"Centurion and Healer","floor":29,"turns":6},{"damage":0,"enemies":"Gremlin Leader","floor":30,"turns":7},{"damage":0,"enemies":"Champ","floor":33,"turns":13},{"damage":0,"enemies":"Orb Walker","floor":35,"turns":3},{"damage":0,"enemies":"3 Shapes","floor":36,"turns":5},{"damage":0,"enemies":"Sphere and 2 Shapes","floor":38,"turns":6},{"damage":23,"enemies":"Giant Head","floor":40,"turns":12},{"damage":0,"enemies":"Jaw Worm Horde","floor":42,"turns":5},{"damage":0,"enemies":"2 Orb Walkers","floor":45,"turns":6},{"damage":49,"enemies":"Reptomancer","floor":46,"turns":9},{"damage":0,"enemies":"Transient","floor":47,"turns":5},{"damage":0,"enemies":"Spire Growth","floor":48,"turns":6},{"damage":0,"enemies":"Awakened One","floor":50,"turns":19},{"damage":15,"enemies":"Shield and Spear","floor":54,"turns":12},{"damage":48,"enemies":"The Heart","floor":55,"turns":8}],"seed_played":"6024170247386637957","potions_obtained":[{"floor":1,"key":"SneckoOil"},{"floor":11,"key":"SteroidPotion"},{"floor":14,"key":"FairyPotion"},{"floor":16,"key":"Block Potion"},{"floor":23,"key":"Ancient Potion"},{"floor":27,"key":"Fire Potion"},{"floor":30,"key":"SpeedPotion"},{"floor":46,"key":"Weak Potion"},{"floor":48,"key":"Explosive Potion"}],"is_trial":false,"path_per_floor":["M","?","$","?","M","E","M","R","T","$","M","?","$","E","R","B",null,"M","$","?","?","M","E","R","T","T","M","R","M","E","?","R","B",null,"M","M","?","M","?","E","R","M","T","R","?","E","M","M","R","B",null,"R","$","E","B"],"character_chosen":"DEFECT","items_purchased":["Go for the Eyes","White Noise","Fire Potion","Seek","Cables","Dark Shackles","Secret Technique","Bottled Flame","Gash"],"campfire_rested":3,"item_purchase_floors":[3,10,13,19,53,53,53,53,53],"current_hp_per_floor":[45,45,45,34,30,15,15,37,37,37,37,25,25,25,47,37,66,68,68,62,38,38,27,39,39,39,39,39,41,41,41,41,41,42,42,44,44,44,40,29,29,39,45,45,54,15,25,35,35,45,52,52,52,47,0],"gold":107,"neow_bonus":"REMOVE_TWO","is_prod":false,"is_daily":false,"chose_seed":false,"campfire_upgraded":5,"win_rate":0,"timestamp":1554793126,"path_taken":["M","?","?","?","M","E","M","R","T","$","M","?","$","E","R","BOSS","M","$","?","?","M","E","R","?","T","M","R","?","E","?","R","BOSS","M","?","?","M","?","E","R","?","T","R","?","E","M","M","R","BOSS","R","$","E","BOSS"],"build_version":"2019-01-23","purchased_purges":2,"victory":false,"max_hp_per_floor":[75,75,75,75,75,75,75,75,75,75,75,75,75,75,75,75,75,77,77,77,38,38,40,40,40,40,40,40,42,42,42,42,42,42,42,44,44,44,44,46,46,46,52,52,54,54,54,54,54,54,54,54,54,54,54],"card_choices":[{"not_picked":["Fusion","Rebound","Lockon"],"picked":"SKIP","floor":1},{"not_picked":["Chaos","Leap"],"picked":"Compile Driver","floor":5},{"not_picked":["Leap","Redo"],"picked":"Capacitor","floor":6},{"not_picked":["Stack","Conserve Battery"],"picked":"Consume","floor":7},{"not_picked":["Stack","Rebound"],"picked":"Ball Lightning","floor":11},{"not_picked":["Rip and Tear","Doom and Gloom"],"picked":"Cold Snap","floor":14},{"not_picked":["Seek","Amplify"],"picked":"Biased Cognition","floor":16},{"not_picked":["Rip and Tear","Storm","Leap"],"picked":"Singing Bowl","floor":18},{"not_picked":["Rebound","Redo"],"picked":"Sunder","floor":22},{"not_picked":["Recycle","Hologram","Auto Shields"],"picked":"Singing Bowl","floor":23},{"not_picked":["Conserve Battery","Force Field"],"picked":"Loop","floor":27},{"not_picked":["Recycle","Beam Cell","Aggregate+1"],"picked":"Singing Bowl","floor":29},{"not_picked":["Recycle","Skim+1"],"picked":"Cold Snap","floor":30},{"not_picked":["Hyperbeam","Meteor Strike"],"picked":"Core Surge","floor":33},{"not_picked":["Barrage+1","Tempest"],"picked":"Chill+1","floor":35},{"not_picked":["Capacitor+1","Leap","Cold Snap"],"picked":"Singing Bowl","floor":36},{"not_picked":["Rip and Tear","Cold Snap+1"],"picked":"Self Repair+1","floor":38},{"not_picked":["Conserve Battery+1","Leap+1","Loop"],"picked":"Singing Bowl","floor":40},{"not_picked":["Barrage","Gash+1"],"picked":"Reinforced Body+1","floor":42},{"not_picked":["Streamline+1","Gash","Aggregate+1"],"picked":"Singing Bowl","floor":45},{"not_picked":["Stack","Multi-Cast"],"picked":"FTL+1","floor":46},{"not_picked":["Stack","Compile Driver+1","Darkness+1"],"picked":"Hologram","floor":47},{"not_picked":["Beam Cell","Go for the Eyes+1","Stack+1"],"picked":"Glacier+1","floor":48},{"not_picked":["Heatsinks+1","Glacier+1","Melter"],"picked":"Capacitor+1","floor":54}],"player_experience":1307480,"relics_obtained":[{"floor":6,"key":"Thread and Needle"},{"floor":9,"key":"Singing Bowl"},{"floor":14,"key":"Bag of Preparation"},{"floor":23,"key":"Darkstone Periapt"},{"floor":25,"key":"Shuriken"},{"floor":26,"key":"FossilizedHelix"},{"floor":30,"key":"Old Coin"},{"floor":40,"key":"Turnip"},{"floor":45,"key":"Torii"},{"floor":46,"key":"Question Card"},{"floor":54,"key":"Bottled Tornado"}],"event_choices":[{"cards_removed":["Defend_B"],"damage_healed":0,"gold_gain":0,"player_choice":"Purged","damage_taken":0,"max_hp_gain":0,"max_hp_loss":0,"event_name":"Purifier","floor":2,"gold_loss":0},{"damage_healed":0,"gold_gain":75,"player_choice":"Gather Gold","damage_taken":11,"max_hp_gain":0,"max_hp_loss":0,"event_name":"World of Goop","floor":4,"gold_loss":0},{"damage_healed":0,"gold_gain":0,"player_choice":"Success","damage_taken":12,"relics_obtained":["Art of War"],"max_hp_gain":0,"max_hp_loss":0,"event_name":"Scrap Ooze","floor":12,"gold_loss":0},{"damage_healed":0,"gold_gain":0,"player_choice":"Joined the Cult","damage_taken":6,"max_hp_gain":0,"max_hp_loss":0,"event_name":"Nest","floor":20,"gold_loss":0,"cards_obtained":["RitualDagger"]},{"damage_healed":0,"gold_gain":0,"player_choice":"Became a Ghost","damage_taken":0,"max_hp_gain":0,"max_hp_loss":39,"event_name":"Ghosts","floor":21,"gold_loss":0,"cards_obtained":["Ghostly","Ghostly","Ghostly","Ghostly","Ghostly"]},{"damage_healed":0,"gold_gain":100,"player_choice":"Pray","damage_taken":0,"max_hp_gain":0,"max_hp_loss":0,"event_name":"Golden Shrine","floor":31,"gold_loss":0},{"damage_healed":0,"gold_gain":0,"player_choice":"Ignored","damage_taken":0,"max_hp_gain":0,"max_hp_loss":0,"event_name":"Tomb of Lord Red Mask","floor":37,"gold_loss":0},{"damage_healed":0,"gold_gain":75,"player_choice":"Touch","damage_taken":4,"max_hp_gain":0,"max_hp_loss":0,"event_name":"FaceTrader","floor":39,"gold_loss":0},{"damage_healed":0,"gold_gain":0,"player_choice":"Fight","damage_taken":0,"max_hp_gain":0,"max_hp_loss":0,"event_name":"Mysterious Sphere","floor":45,"gold_loss":0}],"is_beta":false,"boss_relics":[{"not_picked":["Lizard Tail","FrozenCore"],"picked":"Velvet Choker"},{"not_picked":["Runic Pyramid","Inserter"],"picked":"Cursed Key"}],"items_purged_floors":[10,53],"is_endless":false,"potions_floor_spawned":[1,11,14,16,18,23,27,30,38,46,48],"killed_by":"The Heart","ascension_level":11}