{"gold_per_floor":[119,119,119,135,135,179,179,200,223,66,100,100,100,115,115,234,234,249,249,349,349,349,349,376,376,426,441,441,476,476,496,496,597,597,607,607,607,607,607,640,640,654,654,654,243,243,243,66,66,66],"floor_reached":51,"playtime":1619,"items_purged":["Defend_B","Dualcast"],"score":803,"play_id":"5c6853f3-d609-4ee5-818b-34036d0324eb","local_time":"20181101110137","is_ascension_mode":true,"campfire_choices":[{"floor":7,"key":"REST"},{"floor":12,"key":"REST"},{"floor":15,"key":"REST"},{"floor":23,"key":"REST"},{"floor":25,"key":"REST"},{"floor":28,"key":"REST"},{"floor":32,"key":"REST"},{"data":"Creative AI","floor":41,"key":"SMITH"},{"floor":44,"key":"REST"},{"data":"Storm","floor":47,"key":"SMITH"},{"data":"Defragment","floor":49,"key":"SMITH"}],"neow_cost":"NONE","seed_source_timestamp":7218372379189,"circlet_count":0,"master_deck":["Strike_B+1","Zap","Reprogram+1","Barrage","Sunder+1","Storm","Redo","Ball Lightning","Beam Cell","Genetic Algorithm","Creative AI+1","Chill+1","Core Surge+1","Storm+1","Melter+1","Buffer","Capacitor","Storm+1","Loop","Electrodynamics","Capacitor","Turbo+1","Hologram","Dark Shackles","Panache","Defragment+1"],"relics":["Cracked Core","NeowsBlessing","Orichalcum","Juzu Bracelet","Thread and Needle","Astrolabe","Nloth\u0027s Gift","Gremlin Horn","PreservedInsect","Red Mask","Enchiridion","Empty Cage","Bag of Preparation","Regal Pillow","Dead Branch","OrangePellets"],"potions_floor_usage":[24,29],"damage_taken":[{"damage":0,"enemies":"Jaw Worm","floor":1,"turns":1},{"damage":0,"enemies":"Small Slimes","floor":4,"turns":1},{"damage":0,"enemies":"3 Sentries","floor":6,"turns":2},{"damage":2,"enemies":"2 Louse","floor":8,"turns":2},{"damage":20,"enemies":"Gremlin Nob","floor":11,"turns":4},{"damage":9,"enemies":"Lots of Slimes","floor":14,"turns":3},{"damage":35,"enemies":"Slime Boss","floor":16,"turns":10},{"damage":9,"enemies":"3 Byrds","floor":18,"turns":4},{"damage":44,"enemies":"Slavers","floor":24,"turns":5},{"damage":0,"enemies":"Spheric Guardian","floor":27,"turns":3},{"damage":0,"enemies":"Masked Bandits","floor":29,"turns":4},{"damage":9,"enemies":"Snake Plant","floor":31,"turns":3},{"damage":23,"enemies":"Automaton","floor":33,"turns":6},{"damage":9,"enemies":"Orb Walker","floor":35,"turns":3},{"damage":0,"enemies":"Reptomancer","floor":40,"turns":3},{"damage":7,"enemies":"3 Shapes","floor":42,"turns":2},{"damage":1,"enemies":"Donu and Deca","floor":50,"turns":3}],"seed_played":"405243796963736122","potions_obtained":[{"floor":4,"key":"Ancient Potion"},{"floor":16,"key":"Poison Potion"},{"floor":27,"key":"Explosive Potion"},{"floor":31,"key":"Regen Potion"},{"floor":35,"key":"AttackPotion"},{"floor":42,"key":"EssenceOfSteel"}],"is_trial":false,"path_per_floor":["M","?","?","M","?","E","R","M","T","$","E","R","?","M","R","B",null,"M","?","?","?","?","R","E","R","T","M","R","?","?","M","R","B",null,"M","?","?","?","?","E","R","M","T","R","$","?","R","$","R","B"],"character_chosen":"DEFECT","items_purchased":["Storm","Redo","Ball Lightning","OrangePellets","Hologram","Dark Shackles","Defragment"],"campfire_rested":8,"item_purchase_floors":[10,10,10,45,45,45,48],"current_hp_per_floor":[75,68,68,68,50,50,72,70,70,70,50,72,57,48,70,35,75,66,66,66,66,52,76,32,56,56,56,80,80,64,55,79,56,80,71,71,71,71,71,71,71,64,64,80,80,80,80,80,80,79],"gold":66,"neow_bonus":"THREE_ENEMY_KILL","is_prod":false,"is_daily":false,"chose_seed":false,"campfire_upgraded":3,"win_rate":0,"timestamp":1541041297,"path_taken":["M","?","?","?","?","E","R","?","T","$","E","R","?","M","R","BOSS","M","?","?","?","?","R","E","R","T","M","R","?","?","M","R","BOSS","M","?","?","?","?","E","R","M","T","R","$","?","R","$","R","BOSS"],"build_version":"2018-10-25v2","purchased_purges":2,"victory":true,"max_hp_per_floor":[75,75,75,75,75,75,75,75,75,75,75,75,75,75,75,75,75,75,75,75,75,80,80,80,80,80,80,80,80,80,80,80,80,80,80,80,80,80,80,80,80,80,80,80,80,80,80,80,80,80],"card_choices":[{"not_picked":["Streamline","Stack"],"picked":"Reprogram","floor":1},{"not_picked":["Ball Lightning","Steam"],"picked":"Sunder","floor":4},{"not_picked":["Compile Driver","Stack"],"picked":"Barrage","floor":6},{"not_picked":["Turbo","Barrage"],"picked":"Sunder","floor":8},{"not_picked":["Auto Shields","Turbo"],"picked":"Beam Cell","floor":11},{"not_picked":["Hologram","Undo"],"picked":"Genetic Algorithm","floor":14},{"not_picked":["Reboot","Thunder Strike"],"picked":"Creative AI","floor":16},{"not_picked":["Barrage","Steam"],"picked":"Melter+1","floor":18},{"not_picked":["Core Surge","Barrage"],"picked":"Buffer","floor":24},{"not_picked":["Static Discharge+1","Turbo"],"picked":"Capacitor","floor":27},{"not_picked":["Rip and Tear","Compile Driver"],"picked":"Storm","floor":29},{"not_picked":["Go for the Eyes","Conserve Battery"],"picked":"Loop","floor":31},{"not_picked":["Core Surge","Seek"],"picked":"Electrodynamics","floor":33},{"not_picked":["Steam","Hologram","Barrage"],"picked":"SKIP","floor":35},{"not_picked":["Hologram","Cold Snap"],"picked":"Turbo+1","floor":40},{"not_picked":["Fission","Compile Driver","Stack"],"picked":"SKIP","floor":42},{"not_picked":["Finesse","Discovery"],"picked":"Panache","floor":46}],"player_experience":407788,"relics_obtained":[{"floor":6,"key":"Orichalcum"},{"floor":9,"key":"Juzu Bracelet"},{"floor":11,"key":"Thread and Needle"},{"floor":24,"key":"Gremlin Horn"},{"floor":26,"key":"PreservedInsect"},{"floor":29,"key":"Red Mask"},{"floor":30,"key":"Enchiridion"},{"floor":40,"key":"Regal Pillow"},{"floor":43,"key":"Dead Branch"}],"event_choices":[{"cards_removed":["Strike_B"],"damage_healed":0,"gold_gain":0,"player_choice":"Card Removal","damage_taken":7,"max_hp_gain":0,"max_hp_loss":0,"event_name":"Golden Wing","floor":2,"gold_loss":0},{"damage_healed":0,"gold_gain":0,"player_choice":"Grow","damage_taken":0,"max_hp_gain":0,"max_hp_loss":0,"event_name":"Living Wall","floor":3,"gold_loss":0,"cards_upgraded":["Reprogram"]},{"damage_healed":0,"gold_gain":0,"player_choice":"Take Damage","damage_taken":18,"relics_obtained":["Golden Idol"],"max_hp_gain":0,"max_hp_loss":0,"event_name":"Golden Idol","floor":5,"gold_loss":0},{"damage_healed":0,"gold_gain":0,"player_choice":"Entered Light","damage_taken":15,"max_hp_gain":0,"max_hp_loss":0,"event_name":"Shining Light","floor":13,"gold_loss":0,"cards_upgraded":["Strike_B","Sunder"]},{"damage_healed":0,"gold_gain":0,"player_choice":"Traded Relic","damage_taken":0,"relics_obtained":["Nloth\u0027s Gift"],"max_hp_gain":0,"max_hp_loss":0,"event_name":"N\u0027loth","floor":19,"relics_lost":["Golden Idol"],"gold_loss":0},{"damage_healed":0,"gold_gain":100,"player_choice":"Pray","damage_taken":0,"max_hp_gain":0,"max_hp_loss":0,"event_name":"Golden Shrine","floor":20,"gold_loss":0},{"damage_healed":0,"gold_gain":0,"player_choice":"Ignored","damage_taken":0,"max_hp_gain":0,"max_hp_loss":0,"event_name":"Ghosts","floor":21,"gold_loss":0},{"damage_healed":0,"gold_gain":0,"player_choice":"Shed Blood","damage_taken":19,"max_hp_gain":5,"max_hp_loss":0,"event_name":"Forgotten Altar","floor":22,"gold_loss":0},{"damage_healed":0,"gold_gain":0,"player_choice":"Fought Bandits","damage_taken":0,"max_hp_gain":0,"max_hp_loss":0,"event_name":"Masked Bandits","floor":29,"gold_loss":0},{"damage_healed":0,"gold_gain":0,"player_choice":"Obtained Book","damage_taken":16,"max_hp_gain":0,"max_hp_loss":0,"event_name":"Cursed Tome","floor":30,"gold_loss":0},{"damage_healed":0,"gold_gain":0,"player_choice":"Bought 0 Potions","damage_taken":0,"max_hp_gain":0,"max_hp_loss":0,"event_name":"The Woman in Blue","floor":36,"gold_loss":0},{"damage_healed":0,"gold_gain":0,"player_choice":"Copied","damage_taken":0,"max_hp_gain":0,"max_hp_loss":0,"event_name":"Duplicator","floor":37,"gold_loss":0,"cards_obtained":["Capacitor"]},{"damage_healed":0,"gold_gain":0,"player_choice":"Gave Potion","damage_taken":0,"relics_obtained":["Bag of Preparation"],"max_hp_gain":0,"max_hp_loss":0,"event_name":"WeMeetAgain","floor":38,"gold_loss":0},{"cards_removed":["Sunder"],"damage_healed":0,"gold_gain":0,"player_choice":"Removed Attack","damage_taken":0,"max_hp_gain":0,"max_hp_loss":0,"event_name":"Falling","floor":39,"gold_loss":0},{"damage_healed":0,"gold_gain":0,"player_choice":"Memory 1","damage_taken":0,"max_hp_gain":0,"max_hp_loss":0,"event_name":"SensoryStone","floor":46,"gold_loss":0}],"is_beta":false,"boss_relics":[{"not_picked":["Runic Pyramid","Busted Crown"],"picked":"Astrolabe"},{"not_picked":["Tiny House","White Beast Statue"],"picked":"Empty Cage"}],"items_purged_floors":[45,48],"is_endless":false,"potions_floor_spawned":[4,16,27,31,35,42],"ascension_level":1}