{"gold_per_floor":[122,134,165,187,199,239,268,280,338,681,693,725,752,440,440,517,517,527,527,543,555,570,570,67,95,95,95,128,154,164,164,164,235,235,255,265,282,20,20,20,54,69,138,151,199,21,48,48,48,48,48,48,48,20,47,47],"floor_reached":57,"playtime":6146,"items_purged":["Strike_G","Masterful Stab","Strike_G+1","Strike_G+1"],"score":2774,"play_id":"4a166d03-1f88-4eec-a883-a9c8522e0135","local_time":"20190526113140","is_ascension_mode":true,"campfire_choices":[{"data":"Skewer","floor":8,"key":"SMITH"},{"data":"Dagger Spray","floor":11,"key":"SMITH"},{"data":"Crippling Poison","floor":15,"key":"SMITH"},{"floor":23,"key":"REST"},{"floor":27,"key":"REST"},{"floor":32,"key":"REST"},{"data":"Footwork","floor":40,"key":"SMITH"},{"floor":49,"key":"RECALL"},{"data":"Caltrops","floor":53,"key":"SMITH"}],"neow_cost":"NONE","seed_source_timestamp":113395985217977,"circlet_count":0,"master_deck":["AscendersBane","Defend_G+1","Defend_G+1","Defend_G+1","Defend_G+1","Defend_G+1","Strike_G+1","Survivor","Neutralize","Sucker Punch+1","Skewer+1","Night Terror","Dagger Spray+1","Deflect","PiercingWail+1","Crippling Poison+1","Dash+1","PiercingWail+1","Noxious Fumes+1","PiercingWail+1","Caltrops+1","PiercingWail+1","Adrenaline+1","After Image","Backflip+1","Footwork+1","Cloak And Dagger+1","PanicButton+1","Deadly Poison+1","Deflect+1","Cloak And Dagger+1","Prepared+1"],"relics":["Ring of the Snake","MawBank","Matryoshka","Sundial","Lantern","Old Coin","Centennial Puzzle","Sozu","Toxic Egg 2","Shuriken","Mummified Hand","Pantograph","Red Mask","Meat on the Bone","Runic Pyramid","Bronze Scales","StoneCalendar","Ancient Tea Set","Blue Candle","War Paint"],"potions_floor_usage":[6,10,16,16],"damage_taken":[{"damage":4,"enemies":"Jaw Worm","floor":1,"turns":6},{"damage":7,"enemies":"Small Slimes","floor":3,"turns":4},{"damage":0,"enemies":"Cultist","floor":4,"turns":3},{"damage":34,"enemies":"3 Sentries","floor":6,"turns":10},{"damage":1,"enemies":"Red Slaver","floor":7,"turns":3},{"damage":1,"enemies":"Gremlin Nob","floor":10,"turns":4},{"damage":0,"enemies":"Looter","floor":12,"turns":2},{"damage":0,"enemies":"3 Louse","floor":13,"turns":2},{"damage":7,"enemies":"Slime Boss","floor":16,"turns":8},{"damage":6,"enemies":"Spheric Guardian","floor":18,"turns":3},{"damage":0,"enemies":"Chosen","floor":20,"turns":4},{"damage":14,"enemies":"Shelled Parasite and Fungi","floor":21,"turns":6},{"damage":6,"enemies":"Snake Plant","floor":22,"turns":4},{"damage":36,"enemies":"Gremlin Leader","floor":25,"turns":8},{"damage":0,"enemies":"Masked Bandits","floor":28,"turns":2},{"damage":24,"enemies":"Slavers","floor":29,"turns":5},{"damage":0,"enemies":"Centurion and Healer","floor":30,"turns":5},{"damage":46,"enemies":"Collector","floor":33,"turns":12},{"damage":0,"enemies":"3 Shapes","floor":35,"turns":6},{"damage":1,"enemies":"Orb Walker","floor":36,"turns":3},{"damage":31,"enemies":"Transient","floor":37,"turns":6},{"damage":9,"enemies":"Reptomancer","floor":41,"turns":10},{"damage":0,"enemies":"Maw","floor":42,"turns":8},{"damage":7,"enemies":"4 Shapes","floor":44,"turns":4},{"damage":28,"enemies":"2 Orb Walkers","floor":45,"turns":8},{"damage":12,"enemies":"Nemesis","floor":47,"turns":7},{"damage":0,"enemies":"Time Eater","floor":50,"turns":16},{"damage":5,"enemies":"Donu and Deca","floor":51,"turns":12},{"damage":10,"enemies":"Shield and Spear","floor":55,"turns":10},{"damage":51,"enemies":"The Heart","floor":56,"turns":13}],"seed_played":"7243773116955391734","potions_obtained":[{"floor":3,"key":"SteroidPotion"},{"floor":4,"key":"GhostInAJar"},{"floor":6,"key":"EssenceOfSteel"},{"floor":10,"key":"GhostInAJar"},{"floor":13,"key":"Fire Potion"}],"is_trial":false,"path_per_floor":["M","?","M","M","?","E","M","R","T","E","R","M","M","$","R","B",null,"M","?","M","M","M","R","$","E","T","R","?","E","M","?","R","B",null,"M","M","M","$","?","R","E","M","T","M","?","$","E","T","R","B","B",null,"R","$","E","B",null],"character_chosen":"THE_SILENT","items_purchased":["Crippling Poison","Centennial Puzzle","Toxic Egg 2","PiercingWail+1","Caltrops","Footwork","Cloak And Dagger+1","Cloak And Dagger+1","Prepared+1"],"campfire_rested":3,"item_purchase_floors":[14,14,24,24,24,38,38,46,54],"current_hp_per_floor":[55,55,48,48,48,14,13,13,13,12,12,12,12,12,12,5,51,45,45,45,31,25,44,44,8,8,27,27,3,15,15,34,25,56,56,55,36,36,31,31,34,34,34,39,23,23,23,23,23,48,61,65,65,65,55,27],"gold":47,"neow_bonus":"RANDOM_COMMON_RELIC","is_prod":false,"is_daily":false,"chose_seed":false,"campfire_upgraded":5,"win_rate":0,"timestamp":1558884700,"path_taken":["M","?","M","M","?","E","M","R","T","E","R","?","M","?","R","BOSS","M","?","M","M","M","R","$","E","T","R","?","E","M","?","R","BOSS","M","M","?","$","?","R","E","M","T","M","?","?","E","?","R","BOSS","BOSS","R","$","E","BOSS"],"build_version":"2019-01-23","purchased_purges":4,"victory":true,"max_hp_per_floor":[66,66,66,66,66,66,66,66,66,66,66,66,66,66,66,66,66,66,66,66,66,66,66,66,66,66,66,66,66,66,66,66,66,66,66,66,66,66,66,66,66,66,66,66,66,66,66,66,66,66,66,66,66,66,66,66],"card_choices":[{"not_picked":["Prepared","Concentrate"],"picked":"Sucker Punch","floor":1},{"not_picked":["Heel Hook","Prepared"],"picked":"Masterful Stab","floor":3},{"not_picked":["Quick Slash","Endless Agony"],"picked":"Skewer","floor":4},{"not_picked":["Tactician","Reflex"],"picked":"Dagger Spray","floor":6},{"not_picked":["Underhanded Strike","Sucker Punch","Accuracy"],"picked":"SKIP","floor":7},{"not_picked":["Outmaneuver","Die Die Die","Underhanded Strike"],"picked":"SKIP","floor":10},{"not_picked":["Slice","Cloak And Dagger"],"picked":"Deflect","floor":12},{"not_picked":["Distraction","Cloak And Dagger"],"picked":"PiercingWail","floor":13},{"not_picked":["Setup","Underhanded Strike"],"picked":"Dash+1","floor":18},{"not_picked":["Quick Slash","Dagger Throw","Dodge and Roll"],"picked":"SKIP","floor":20},{"not_picked":["Deadly Poison","Heel Hook"],"picked":"PiercingWail","floor":21},{"not_picked":["PiercingWail","Flying Knee"],"picked":"Noxious Fumes+1","floor":22},{"not_picked":["Skewer+1","Infinite Blades"],"picked":"PiercingWail+1","floor":25},{"not_picked":["Dagger Throw+1","Bane"],"picked":"Adrenaline+1","floor":29},{"not_picked":["Riddle With Holes","Blade Dance+1","Poisoned Stab"],"picked":"SKIP","floor":30},{"not_picked":["Riddle With Holes","Blade Dance+1","Poisoned Stab"],"picked":"SKIP","floor":30},{"not_picked":["A Thousand Cuts","Malaise+1"],"picked":"After Image","floor":33},{"not_picked":["Blade Dance+1","Flying Knee+1"],"picked":"Backflip+1","floor":35},{"not_picked":["Poisoned Stab","Skewer","Flying Knee"],"picked":"SKIP","floor":36},{"not_picked":["Poisoned Stab","Skewer","Flying Knee"],"picked":"SKIP","floor":36},{"not_picked":["Poisoned Stab","Heel Hook","Expertise+1"],"picked":"SKIP","floor":37},{"not_picked":["Purity+1","Sadistic Nature"],"picked":"PanicButton+1","floor":39},{"not_picked":["Well Laid Plans+1","Poisoned Stab","Finisher"],"picked":"SKIP","floor":41},{"not_picked":["Well Laid Plans","Dagger Throw+1","Deadly Poison+1"],"picked":"SKIP","floor":42},{"not_picked":["Well Laid Plans","Dagger Throw+1"],"picked":"Deadly Poison+1","floor":42},{"not_picked":["Sucker Punch","Setup+1"],"picked":"Deflect+1","floor":44},{"not_picked":["Glass Knife","Predator","Outmaneuver+1"],"picked":"SKIP","floor":47},{"not_picked":["Prepared+1","Flying Knee","Blade Dance+1"],"picked":"SKIP","floor":55}],"player_experience":1339881,"relics_obtained":[{"floor":6,"key":"Matryoshka"},{"floor":9,"key":"Sundial"},{"floor":9,"key":"Lantern"},{"floor":10,"key":"Old Coin"},{"floor":25,"key":"Shuriken"},{"floor":26,"key":"Mummified Hand"},{"floor":26,"key":"Pantograph"},{"floor":28,"key":"Red Mask"},{"floor":29,"key":"Meat on the Bone"},{"floor":41,"key":"Bronze Scales"},{"floor":45,"key":"StoneCalendar"},{"floor":47,"key":"Ancient Tea Set"},{"floor":48,"key":"Blue Candle"},{"floor":55,"key":"War Paint"}],"event_choices":[{"damage_healed":0,"gold_gain":0,"player_choice":"Grow","damage_taken":0,"max_hp_gain":0,"max_hp_loss":0,"event_name":"Living Wall","floor":2,"gold_loss":0,"cards_upgraded":["Sucker Punch"]},{"damage_healed":0,"gold_gain":0,"cards_transformed":["Strike_G"],"player_choice":"Transformed","damage_taken":0,"max_hp_gain":0,"max_hp_loss":0,"event_name":"Transmorgrifier","floor":5,"gold_loss":0,"cards_obtained":["Night Terror"]},{"damage_healed":0,"gold_gain":0,"player_choice":"Simplicity","damage_taken":0,"max_hp_gain":0,"max_hp_loss":0,"event_name":"Back to Basics","floor":19,"gold_loss":0,"cards_upgraded":["Defend_G","Defend_G","Defend_G","Defend_G","Defend_G","Strike_G","Strike_G","Strike_G"]},{"damage_healed":0,"gold_gain":0,"player_choice":"Fought Bandits","damage_taken":0,"max_hp_gain":0,"max_hp_loss":0,"event_name":"Masked Bandits","floor":28,"gold_loss":0},{"damage_healed":0,"gold_gain":0,"player_choice":"0 cards matched","damage_taken":0,"max_hp_gain":0,"max_hp_loss":0,"event_name":"Match and Keep!","floor":31,"gold_loss":0,"cards_obtained":[]},{"damage_healed":0,"gold_gain":0,"player_choice":"Memory 2","damage_taken":5,"max_hp_gain":0,"max_hp_loss":0,"event_name":"SensoryStone","floor":39,"gold_loss":0},{"damage_healed":0,"gold_gain":0,"player_choice":"Fight","damage_taken":0,"max_hp_gain":0,"max_hp_loss":0,"event_name":"Mysterious Sphere","floor":45,"gold_loss":0}],"is_beta":false,"boss_relics":[{"not_picked":["WristBlade","Ring of the Serpent"],"picked":"Sozu"},{"not_picked":["Tiny House","White Beast Statue"],"picked":"Runic Pyramid"}],"items_purged_floors":[14,24,38,46],"is_endless":false,"potions_floor_spawned":[3,4,6,10,13,18,21,28,41,45,47,55],"ascension_level":20}