{"gold_per_floor":[367,367,380,8,28,28,55,55,55,55,55,84,100,129,129,226,226,245,256,17,32,32,32,32],"floor_reached":24,"playtime":1824,"items_purged":["Strike_R"],"score":289,"play_id":"587f26c6-acb7-48a1-8bfe-c29b7a9bd60f","local_time":"20190218213221","is_ascension_mode":true,"campfire_choices":[{"data":"Armaments","floor":6,"key":"SMITH"},{"floor":11,"key":"REST"},{"data":"Clothesline","floor":15,"key":"SMITH"},{"floor":23,"key":"REST"}],"neow_cost":"TEN_PERCENT_HP_LOSS","seed_source_timestamp":185475360832900,"circlet_count":0,"master_deck":["Strike_R","Strike_R","Strike_R+1","Strike_R","Defend_R","Defend_R","Defend_R","Defend_R+1","Bash+1","Warcry","Clothesline+1","Corruption+1","Armaments+1","Fiend Fire","Pommel Strike","Headbutt","Reaper","True Grit+1","Limit Break+1"],"relics":["Burning Blood","Frozen Egg 2","Meat on the Bone","Boot","Mango","Bag of Preparation","Bottled Lightning","Cursed Key","Toxic Egg 2"],"potions_floor_usage":[5,12,16,18,22,22],"damage_taken":[{"damage":7,"enemies":"Jaw Worm","floor":1,"turns":3},{"damage":1,"enemies":"Cultist","floor":3,"turns":3},{"damage":24,"enemies":"Small Slimes","floor":5,"turns":5},{"damage":25,"enemies":"Lagavulin","floor":7,"turns":6},{"damage":47,"enemies":"3 Sentries","floor":12,"turns":9},{"damage":4,"enemies":"3 Louse","floor":13,"turns":4},{"damage":10,"enemies":"Lagavulin","floor":14,"turns":6},{"damage":56,"enemies":"Slime Boss","floor":16,"turns":12},{"damage":20,"enemies":"2 Thieves","floor":18,"turns":4},{"damage":12,"enemies":"Shell Parasite","floor":19,"turns":4},{"damage":11,"enemies":"Snecko","floor":21,"turns":5},{"damage":35,"enemies":"Colosseum Slavers","floor":22,"turns":6},{"damage":96,"enemies":"Gremlin Leader","floor":24,"turns":7}],"seed_played":"2220924641675632103","potions_obtained":[{"floor":1,"key":"BloodPotion"},{"floor":7,"key":"LiquidBronze"},{"floor":14,"key":"GamblersBrew"},{"floor":16,"key":"Weak Potion"},{"floor":19,"key":"PowerPotion"},{"floor":21,"key":"FearPotion"}],"is_trial":false,"path_per_floor":["M","?","M","$","M","R","E","?","T","?","R","E","M","E","R","B",null,"M","M","$","M","?","R","E"],"character_chosen":"IRONCLAD","items_purchased":["Frozen Egg 2","Corruption+1","Toxic Egg 2"],"campfire_rested":2,"item_purchase_floors":[4,4,20],"current_hp_per_floor":[71,71,72,72,61,61,42,28,28,39,64,35,49,57,57,19,69,60,54,54,54,47,72,0],"gold":32,"neow_bonus":"TWO_FIFTY_GOLD","is_prod":false,"is_daily":false,"chose_seed":false,"campfire_upgraded":2,"win_rate":0,"timestamp":1550543541,"path_taken":["M","?","M","$","?","R","E","?","T","?","R","E","M","E","R","BOSS","M","M","$","M","?","R","E"],"build_version":"2019-01-23","purchased_purges":1,"victory":false,"max_hp_per_floor":[72,72,72,72,72,72,72,72,72,86,86,86,86,86,86,86,86,86,86,86,86,86,86,86],"card_choices":[{"not_picked":["Reckless Charge","Corruption"],"picked":"Warcry","floor":1},{"not_picked":["Clash","Combust"],"picked":"Clothesline","floor":3},{"not_picked":["Heavy Blade","Warcry"],"picked":"Armaments","floor":5},{"not_picked":["Perfected Strike","Bloodletting","Armaments"],"picked":"SKIP","floor":7},{"not_picked":["Headbutt","Entrench"],"picked":"Fiend Fire","floor":12},{"not_picked":["Heavy Blade","Seeing Red"],"picked":"Pommel Strike","floor":13},{"not_picked":["Power Through","Thunderclap"],"picked":"Headbutt","floor":14},{"not_picked":["Berserk+1","Double Tap"],"picked":"Reaper","floor":16},{"not_picked":["Flex","Clothesline"],"picked":"True Grit+1","floor":18},{"not_picked":["Flex+1","Clash+1","Cleave"],"picked":"SKIP","floor":19},{"not_picked":["Anger","Shrug It Off+1"],"picked":"Limit Break+1","floor":21}],"player_experience":936810,"relics_obtained":[{"floor":7,"key":"Meat on the Bone"},{"floor":9,"key":"Boot"},{"floor":12,"key":"Bag of Preparation"},{"floor":14,"key":"Bottled Lightning"}],"event_choices":[{"damage_healed":0,"gold_gain":0,"player_choice":"Upgraded","damage_taken":0,"max_hp_gain":0,"max_hp_loss":0,"event_name":"Upgrade Shrine","floor":2,"gold_loss":0,"cards_upgraded":["Bash"]},{"damage_healed":0,"gold_gain":0,"player_choice":"Entered Light","damage_taken":14,"max_hp_gain":0,"max_hp_loss":0,"event_name":"Shining Light","floor":8,"gold_loss":0,"cards_upgraded":["Defend_R","Strike_R"]},{"damage_healed":0,"gold_gain":0,"player_choice":"Success","damage_taken":3,"relics_obtained":["Mango"],"max_hp_gain":0,"max_hp_loss":0,"event_name":"Scrap Ooze","floor":10,"gold_loss":0},{"damage_healed":0,"gold_gain":0,"player_choice":"Fight","damage_taken":0,"max_hp_gain":0,"max_hp_loss":0,"event_name":"Colosseum","floor":22,"gold_loss":0},{"damage_healed":0,"gold_gain":0,"player_choice":"Fled From Nobs","damage_taken":0,"max_hp_gain":0,"max_hp_loss":0,"event_name":"Colosseum","floor":22,"gold_loss":0}],"is_beta":false,"boss_relics":[{"not_picked":["Runic Cube","Runic Dome"],"picked":"Cursed Key"}],"items_purged_floors":[4],"is_endless":false,"potions_floor_spawned":[1,7,14,16,19,21,22],"killed_by":"Gremlin Leader","ascension_level":7}