{"gold_per_floor":[110,125,125,76,95,121,121,135,135,148,158,158,186,198,198,303,303,320,335,96,96,107,107,142,156,156,255,225,237,237],"floor_reached":30,"playtime":1545,"items_purged":[],"score":290,"play_id":"040103ba-8b71-4061-ae21-9cbf9d0c608e","local_time":"20180729034409","is_ascension_mode":true,"campfire_choices":[{"floor":12,"key":"REST"},{"data":"Deadly Poison","floor":15,"key":"SMITH"},{"floor":23,"key":"REST"}],"neow_cost":"","seed_source_timestamp":164224409121791,"circlet_count":0,"master_deck":["Defend_G","Defend_G","Defend_G","Defend_G","Defend_G","Strike_G","Strike_G","Strike_G","Strike_G","Strike_G","Survivor","Neutralize","Slice","Dagger Spray","Dagger Spray","Deadly Poison+1","PiercingWail","Blur","Noxious Fumes","Deadly Poison","Bane","Poisoned Stab","Glass Knife","Bane","Poisoned Stab","Flash of Steel","Deflect","Sucker Punch","Poisoned Stab","Die Die Die","Regret","Sucker Punch+1"],"relics":["Ring of the Snake","Strawberry","NlothsMask","Bag of Preparation","Cursed Key","Dream Catcher","The Courier","Question Card"],"potions_floor_usage":[6,13,16,16,20,24,29,29,30,30],"damage_taken":[{"damage":4,"enemies":"Jaw Worm","floor":1,"turns":4},{"damage":2,"enemies":"Cultist","floor":2,"turns":4},{"damage":0,"enemies":"2 Louse","floor":5,"turns":2},{"damage":8,"enemies":"Gremlin Nob","floor":6,"turns":3},{"damage":6,"enemies":"Blue Slaver","floor":8,"turns":4},{"damage":19,"enemies":"Large Slime","floor":10,"turns":7},{"damage":6,"enemies":"3 Louse","floor":11,"turns":2},{"damage":10,"enemies":"Lagavulin","floor":13,"turns":6},{"damage":12,"enemies":"Exordium Wildlife","floor":14,"turns":3},{"damage":27,"enemies":"The Guardian","floor":16,"turns":8},{"damage":40,"enemies":"Spheric Guardian","floor":18,"turns":6},{"damage":0,"enemies":"3 Byrds","floor":19,"turns":3},{"damage":23,"enemies":"Centurion and Healer","floor":22,"turns":5},{"damage":26,"enemies":"Gremlin Leader","floor":24,"turns":8},{"damage":12,"enemies":"Snake Plant","floor":25,"turns":4},{"damage":0,"enemies":"Snecko","floor":29,"turns":2},{"damage":10,"enemies":"Sentry and Sphere","floor":30,"turns":3}],"seed_played":"9078886902030499251","potions_obtained":[{"floor":2,"key":"SteroidPotion"},{"floor":6,"key":"Regen Potion"},{"floor":13,"key":"LiquidBronze"},{"floor":14,"key":"SkillPotion"},{"floor":16,"key":"SkillPotion"},{"floor":19,"key":"Fruit Juice"},{"floor":25,"key":"SteroidPotion"},{"floor":28,"key":"FearPotion"},{"floor":28,"key":"Strength Potion"},{"floor":29,"key":"Block Potion"}],"is_trial":false,"path_per_floor":["M","M","?","$","M","E","?","M","T","M","M","R","E","M","R","B",null,"M","M","$","?","M","R","E","M","T","?","?","M"],"character_chosen":"THE_SILENT","items_purchased":["Dagger Spray","Dream Catcher","Flash of Steel"],"campfire_rested":2,"item_purchase_floors":[4,20,20],"current_hp_per_floor":[66,64,64,64,64,63,63,57,57,38,32,55,59,47,47,20,77,37,37,42,42,19,43,17,5,5,5,5,5,0],"gold":237,"neow_bonus":"","is_prod":false,"is_daily":false,"chose_seed":false,"campfire_upgraded":1,"win_rate":0,"timestamp":1532861049,"path_taken":["M","M","?","?","M","E","?","M","T","M","M","R","E","M","R","BOSS","M","M","$","?","M","R","E","M","T","?","?","M","M"],"build_version":"2018-07-26","purchased_purges":0,"victory":false,"max_hp_per_floor":[70,70,70,70,70,77,77,77,77,77,77,77,77,77,77,77,77,77,77,82,82,82,82,82,82,82,82,82,82,82],"card_choices":[{"not_picked":["Backflip","Leg Sweep"],"picked":"Slice","floor":1},{"not_picked":["Sucker Punch","Underhanded Strike"],"picked":"Dagger Spray","floor":2},{"not_picked":["Dodge and Roll","Prepared"],"picked":"Deadly Poison","floor":5},{"not_picked":["Backflip","Dagger Throw"],"picked":"PiercingWail","floor":6},{"not_picked":["Outmaneuver","Slice"],"picked":"Blur","floor":8},{"not_picked":["Reflex","Blade Dance"],"picked":"Noxious Fumes","floor":10},{"not_picked":["Endless Agony","Riddle With Holes"],"picked":"Deadly Poison","floor":11},{"not_picked":["Tools of the Trade","Cloak And Dagger"],"picked":"Bane","floor":13},{"not_picked":["Flying Knee","Infinite Blades"],"picked":"Poisoned Stab","floor":14},{"not_picked":["Wraith Form v2","Unload"],"picked":"Glass Knife","floor":16},{"not_picked":["Dagger Spray","Cloak And Dagger"],"picked":"Bane","floor":18},{"not_picked":["Quick Slash+1","Dagger Throw"],"picked":"Poisoned Stab","floor":19},{"not_picked":["Infinite Blades","Riddle With Holes"],"picked":"Deflect","floor":22},{"not_picked":["PiercingWail","Slice"],"picked":"Sucker Punch","floor":23},{"not_picked":["Underhanded Strike","Masterful Stab"],"picked":"Poisoned Stab","floor":24},{"not_picked":["All Out Attack","Sucker Punch"],"picked":"Die Die Die","floor":25},{"not_picked":["Deadly Poison","Predator","PiercingWail"],"picked":"Sucker Punch+1","floor":29}],"player_experience":181610,"relics_obtained":[{"floor":6,"key":"Strawberry"},{"floor":13,"key":"Bag of Preparation"},{"floor":24,"key":"The Courier"},{"floor":26,"key":"Question Card"}],"event_choices":[{"event_name":"The Cleric","player_choice":"Leave","floor":3,"damage_taken":0},{"event_name":"FaceTrader","player_choice":"Trade","floor":7,"damage_taken":0},{"event_name":"Beggar","player_choice":"Ignored","floor":21,"damage_taken":0},{"event_name":"Nest","player_choice":"Stole From Cult","floor":27,"damage_taken":0},{"event_name":"The Woman in Blue","player_choice":"Bought 2 Potions","floor":28,"damage_taken":0}],"is_beta":false,"boss_relics":[{"not_picked":["WristBlade","Busted Crown"],"picked":"Cursed Key"}],"items_purged_floors":[],"is_endless":false,"potions_floor_spawned":[2,6,13,14,16,19,25,29],"killed_by":"Sentry and Sphere","ascension_level":2}