{"gold_per_floor":[119,132,132,132,142,142,167,167,167,167,179,7,7,32,32,107,107,122,142,142,242,167,167,167],"floor_reached":24,"playtime":1902,"items_purged":["Bite"],"score":429,"play_id":"1c24dc9f-5a94-4cbe-93ef-38cd92db199a","local_time":"20190524194445","is_ascension_mode":true,"campfire_choices":[{"data":"Dagger Spray","floor":6,"key":"SMITH"},{"data":"Crippling Poison","floor":8,"key":"SMITH"},{"floor":10,"key":"REST"},{"floor":15,"key":"REST"},{"floor":23,"key":"REST"}],"neow_cost":"NONE","seed_source_timestamp":147786052917859,"circlet_count":0,"master_deck":["AscendersBane","Defend_G","Defend_G","Defend_G","Defend_G","Defend_G","Survivor","Neutralize","Crippling Poison+1","Poisoned Stab","Dagger Spray+1","Adrenaline","Malaise","PiercingWail","Noxious Fumes","Bite","Bite","Bite","Bite","Deflect"],"relics":["Ring of the Snake","Du-Vu Doll","Snake Skull","Oddly Smooth Stone","Runic Pyramid","Tough Bandages","Bottled Lightning"],"potions_floor_usage":[16,21],"damage_taken":[{"damage":6,"enemies":"Jaw Worm","floor":1,"turns":4},{"damage":0,"enemies":"2 Louse","floor":2,"turns":4},{"damage":0,"enemies":"Cultist","floor":5,"turns":3},{"damage":36,"enemies":"3 Sentries","floor":7,"turns":9},{"damage":11,"enemies":"Lots of Slimes","floor":11,"turns":3},{"damage":10,"enemies":"Lagavulin","floor":14,"turns":6},{"damage":40,"enemies":"Slime Boss","floor":16,"turns":9},{"damage":0,"enemies":"Chosen","floor":18,"turns":5},{"damage":9,"enemies":"Shell Parasite","floor":19,"turns":6},{"damage":11,"enemies":"Colosseum Slavers","floor":21,"turns":6},{"damage":22,"enemies":"Colosseum Nobs","floor":21,"turns":6},{"damage":61,"enemies":"Slavers","floor":24,"turns":5}],"seed_played":"8936772504570286450","potions_obtained":[{"floor":1,"key":"SpeedPotion"},{"floor":11,"key":"Strength Potion"},{"floor":16,"key":"Explosive Potion"},{"floor":19,"key":"Dexterity Potion"},{"floor":21,"key":"Ancient Potion"}],"is_trial":false,"path_per_floor":["M","M","?","?","M","R","E","R","T","R","M","$","$","E","R","B",null,"M","M","?","?","$","R","E"],"character_chosen":"THE_SILENT","items_purchased":["Snake Skull"],"campfire_rested":3,"item_purchase_floors":[12],"current_hp_per_floor":[53,53,53,58,58,58,22,22,22,43,32,32,32,22,43,3,54,54,45,45,35,35,49,0],"gold":167,"neow_bonus":"THREE_CARDS","is_prod":false,"is_daily":false,"chose_seed":false,"campfire_upgraded":2,"win_rate":0,"timestamp":1558741485,"path_taken":["M","M","?","?","M","R","E","R","T","R","M","?","$","E","R","BOSS","M","M","?","?","?","R","E"],"build_version":"2019-01-23","purchased_purges":1,"victory":false,"max_hp_per_floor":[66,66,66,71,71,71,71,71,71,71,71,71,71,71,71,71,71,71,71,49,49,49,49,49],"card_choices":[{"not_picked":["Underhanded Strike","Prepared"],"picked":"Crippling Poison","floor":0},{"not_picked":["Concentrate","Bane","Deflect"],"picked":"SKIP","floor":1},{"not_picked":["Cloak And Dagger","Blade Dance"],"picked":"Poisoned Stab","floor":2},{"not_picked":["Dodge and Roll","Cloak And Dagger"],"picked":"Dagger Spray","floor":5},{"not_picked":["Sucker Punch","All Out Attack"],"picked":"Adrenaline","floor":7},{"not_picked":["Prepared","Dagger Throw","Poisoned Stab"],"picked":"SKIP","floor":11},{"not_picked":["Slice","Bane","Catalyst"],"picked":"SKIP","floor":14},{"not_picked":["Slice","Bane","Catalyst"],"picked":"SKIP","floor":14},{"not_picked":["Doppelganger","Glass Knife"],"picked":"Malaise","floor":16},{"not_picked":["Dash","Poisoned Stab"],"picked":"PiercingWail","floor":18},{"not_picked":["Dagger Throw","Heel Hook"],"picked":"Noxious Fumes","floor":19},{"not_picked":["Masterful Stab","Caltrops"],"picked":"Deflect","floor":21}],"player_experience":1321827,"relics_obtained":[{"floor":7,"key":"Du-Vu Doll"},{"floor":14,"key":"Oddly Smooth Stone"},{"floor":21,"key":"Tough Bandages"},{"floor":21,"key":"Bottled Lightning"}],"event_choices":[{"damage_healed":0,"gold_gain":0,"player_choice":"Ignored","damage_taken":0,"max_hp_gain":0,"max_hp_loss":0,"event_name":"Liars Game","floor":3,"gold_loss":0},{"damage_healed":0,"gold_gain":0,"player_choice":"Donut","damage_taken":0,"max_hp_gain":5,"max_hp_loss":0,"event_name":"Big Fish","floor":4,"gold_loss":0},{"damage_healed":0,"gold_gain":0,"player_choice":"Became a vampire","damage_taken":0,"max_hp_gain":0,"max_hp_loss":22,"event_name":"Vampires","floor":20,"gold_loss":0,"cards_obtained":["Bite","Bite","Bite","Bite","Bite"]},{"damage_healed":0,"gold_gain":0,"player_choice":"Fight","damage_taken":0,"max_hp_gain":0,"max_hp_loss":0,"event_name":"Colosseum","floor":21,"gold_loss":0},{"damage_healed":0,"gold_gain":0,"player_choice":"Fought Nobs","damage_taken":0,"max_hp_gain":0,"max_hp_loss":0,"event_name":"Colosseum","floor":21,"gold_loss":0}],"is_beta":false,"boss_relics":[{"not_picked":["White Beast Statue","Black Star"],"picked":"Runic Pyramid"}],"items_purged_floors":[22],"is_endless":false,"potions_floor_spawned":[1,11,14,16,19,21],"killed_by":"Slavers","ascension_level":20}