{"gold_per_floor":[116,116,126,46,46,74,74,24,24,43,43,75,22,32,32,32],"floor_reached":16,"playtime":853,"items_purged":[],"score":151,"play_id":"a5bcab8b-e906-4b34-8371-c4a56282431d","local_time":"20190407182315","is_ascension_mode":true,"campfire_choices":[{"data":"Feed","floor":7,"key":"SMITH"},{"floor":15,"key":"REST"}],"neow_cost":"PERCENT_DAMAGE","seed_source_timestamp":1613008979604140,"circlet_count":0,"master_deck":["Strike_R","Strike_R+1","Strike_R","Defend_R","Defend_R","Defend_R","Defend_R","Bash+1","Shrug It Off","Ghostly Armor","Immolate","Feed+1","Disarm","True Grit+1","True Grit+1"],"relics":["Burning Blood","Prayer Wheel","Anchor","Art of War","Toxic Egg 2"],"potions_floor_usage":[6,12],"damage_taken":[{"damage":2,"enemies":"2 Louse","floor":1,"turns":3},{"damage":4,"enemies":"Small Slimes","floor":3,"turns":3},{"damage":8,"enemies":"Gremlin Nob","floor":6,"turns":3},{"damage":0,"enemies":"Jaw Worm","floor":10,"turns":3},{"damage":23,"enemies":"3 Sentries","floor":12,"turns":8},{"damage":0,"enemies":"Lots of Slimes","floor":14,"turns":2},{"damage":79,"enemies":"The Guardian","floor":16,"turns":14}],"seed_played":"6343128305260790162","potions_obtained":[{"floor":3,"key":"Regen Potion"},{"floor":10,"key":"SpeedPotion"}],"is_trial":false,"path_per_floor":["M","?","M","$","?","E","R","?","T","M","?","E","$","M","R","B"],"character_chosen":"IRONCLAD","items_purchased":["Immolate","True Grit+1"],"campfire_rested":1,"item_purchase_floors":[4,13],"current_hp_per_floor":[55,60,62,62,45,52,52,52,52,58,51,38,38,48,75,0],"gold":32,"neow_bonus":"ONE_RARE_RELIC","is_prod":false,"is_daily":false,"chose_seed":false,"campfire_upgraded":1,"win_rate":0,"timestamp":1554675795,"path_taken":["M","?","M","$","?","E","R","?","T","M","?","E","$","M","R","BOSS"],"build_version":"2019-01-23","purchased_purges":0,"victory":false,"max_hp_per_floor":[80,85,85,85,85,85,85,85,85,85,85,89,89,93,93,93],"card_choices":[{"not_picked":["Flex","Pommel Strike"],"picked":"Shrug It Off","floor":1},{"not_picked":["Sword Boomerang","Perfected Strike","Heavy Blade"],"picked":"SKIP","floor":1},{"not_picked":["Wild Strike","Headbutt"],"picked":"Ghostly Armor","floor":3},{"not_picked":["Iron Wave","Heavy Blade","Sword Boomerang"],"picked":"SKIP","floor":3},{"not_picked":["Sword Boomerang","Entrench"],"picked":"Feed","floor":6},{"not_picked":["Iron Wave","Heavy Blade"],"picked":"Disarm","floor":10},{"not_picked":["Flex","Anger","Wild Strike"],"picked":"SKIP","floor":10},{"not_picked":["Dark Embrace","Thunderclap","Rage"],"picked":"SKIP","floor":12},{"not_picked":["Thunderclap","Clash"],"picked":"True Grit+1","floor":14},{"not_picked":["Body Slam","Cleave","Sword Boomerang"],"picked":"SKIP","floor":14}],"player_experience":1296964,"relics_obtained":[{"floor":6,"key":"Anchor"},{"floor":9,"key":"Art of War"},{"floor":12,"key":"Toxic Egg 2"}],"event_choices":[{"damage_healed":0,"gold_gain":0,"player_choice":"Donut","damage_taken":0,"max_hp_gain":5,"max_hp_loss":0,"event_name":"Big Fish","floor":2,"gold_loss":0},{"damage_healed":0,"gold_gain":0,"player_choice":"Entered Light","damage_taken":17,"max_hp_gain":0,"max_hp_loss":0,"event_name":"Shining Light","floor":5,"gold_loss":0,"cards_upgraded":["Strike_R","Bash"]},{"cards_removed":["Strike_R"],"damage_healed":0,"gold_gain":0,"player_choice":"Card Removal","damage_taken":0,"max_hp_gain":0,"max_hp_loss":0,"event_name":"The Cleric","floor":8,"gold_loss":50},{"cards_removed":["Strike_R"],"damage_healed":0,"gold_gain":0,"player_choice":"Card Removal","damage_taken":7,"max_hp_gain":0,"max_hp_loss":0,"event_name":"Golden Wing","floor":11,"gold_loss":0}],"is_beta":false,"boss_relics":[],"items_purged_floors":[],"is_endless":false,"potions_floor_spawned":[3,10],"killed_by":"The Guardian","ascension_level":8}