{"gold_per_floor":[113,113,113,113,113,113,134,170,195,195,214,238,279,28,28,158,158,174,174,195,219,199,230,230,255,255,299,299,239,260,294,294,418,418,443,443,443,456,182,182,218,218,218,1,35,257,272,291,291,291],"floor_reached":50,"playtime":2887,"items_purged":["Injury"],"score":703,"play_id":"5abb189f-fa28-4d5c-9778-ffbe2286b551","local_time":"20180730050907","is_ascension_mode":true,"campfire_choices":[{"data":"Perfected Strike","floor":6,"key":"SMITH"},{"floor":10,"key":"REST"},{"data":"Carnage","floor":15,"key":"SMITH"},{"floor":24,"key":"REST"},{"floor":28,"key":"REST"},{"floor":32,"key":"REST"},{"data":"Trip","floor":40,"key":"SMITH"},{"floor":42,"key":"REST"},{"floor":49,"key":"REST"}],"neow_cost":"TEN_PERCENT_HP_LOSS","seed_source_timestamp":183078480185709,"circlet_count":0,"master_deck":["Strike_R","Strike_R","Strike_R","Strike_R","Strike_R","Defend_R","Defend_R","Defend_R","Defend_R","Bash+1","Perfected Strike+1","Flex","Iron Wave","Cleave","Cleave","Carnage+1","Flash of Steel+1","Offering","Ghostly Armor","Twin Strike","Twin Strike+1","Shrug It Off","Twin Strike+1","Flex","Blood for Blood+1","Double Tap","Shrug It Off","Swift Strike","Thunderclap+1","Trip+1","Metallicize","Sword Boomerang+1","Perfected Strike+1","Dropkick+1"],"relics":["Burning Blood","Mango","Golden Idol","Bottled Flame","Regal Pillow","Red Skull","Potion Belt","Black Star","Dodecahedron","The Courier","Matryoshka","Strawberry","Letter Opener","Champion Belt","Unceasing Top","Red Mask","Eternal Feather","Self Forming Clay","Whetstone","Bag of Preparation","MawBank","Dream Catcher","Bag of Marbles","Bottled Lightning","Molten Egg 2"],"potions_floor_usage":[8,13,16,23,33,33,33,33,41,41,50,50,50,50,50],"damage_taken":[{"damage":9,"enemies":"Jaw Worm","floor":1,"turns":4},{"damage":10,"enemies":"Small Slimes","floor":7,"turns":3},{"damage":31,"enemies":"Lagavulin","floor":8,"turns":5},{"damage":2,"enemies":"2 Louse","floor":11,"turns":2},{"damage":9,"enemies":"Blue Slaver","floor":12,"turns":4},{"damage":0,"enemies":"Gremlin Nob","floor":13,"turns":2},{"damage":61,"enemies":"Hexaghost","floor":16,"turns":8},{"damage":28,"enemies":"2 Thieves","floor":18,"turns":3},{"damage":7,"enemies":"Chosen","floor":20,"turns":3},{"damage":21,"enemies":"Centurion and Healer","floor":21,"turns":7},{"damage":47,"enemies":"Book of Stabbing","floor":23,"turns":5},{"damage":21,"enemies":"Snake Plant","floor":25,"turns":4},{"damage":35,"enemies":"Slavers","floor":27,"turns":5},{"damage":10,"enemies":"Snecko","floor":30,"turns":3},{"damage":5,"floor":31,"turns":2},{"damage":99,"enemies":"Champ","floor":33,"turns":14},{"damage":33,"enemies":"Flame Bruiser 1 Orb","floor":35,"turns":5},{"damage":26,"enemies":"Orb Walker","floor":38,"turns":3},{"damage":42,"enemies":"Giant Head","floor":41,"turns":7},{"damage":4,"enemies":"Nemesis","floor":45,"turns":6},{"damage":12,"enemies":"4 Shapes","floor":47,"turns":4},{"damage":27,"enemies":"3 Darklings","floor":48,"turns":4},{"damage":107,"enemies":"Awakened One","floor":50,"turns":11}],"seed_played":"3324340779518908351","potions_obtained":[{"floor":5,"key":"Energy Potion"},{"floor":5,"key":"Ancient Potion"},{"floor":5,"key":"FearPotion"},{"floor":11,"key":"FearPotion"},{"floor":12,"key":"BloodPotion"},{"floor":13,"key":"Strength Potion"},{"floor":20,"key":"PowerPotion"},{"floor":22,"key":"SpeedPotion"},{"floor":23,"key":"Swift Potion"},{"floor":25,"key":"BloodPotion"},{"floor":33,"key":"Strength Potion"},{"floor":38,"key":"EssenceOfSteel"},{"floor":45,"key":"Dexterity Potion"},{"floor":47,"key":"LiquidBronze"}],"is_trial":false,"path_per_floor":["M","$","?","?","?","R","M","E","T","R","M","M","E","$","R","B",null,"M","?","M","M","?","E","R","M","T","E","R","$","M","?","R","B",null,"M","?","?","M","$","R","E","R","T","$","E","?","M","M","R"],"character_chosen":"IRONCLAD","items_purchased":["Potion Belt","Flash of Steel","Self Forming Clay","Trip","Bag of Marbles","EssenceOfSteel","AttackPotion"],"campfire_rested":6,"item_purchase_floors":[14,14,39,39,44,44,44],"current_hp_per_floor":[83,83,83,83,83,83,79,54,54,86,86,83,86,86,86,31,86,64,64,63,48,48,7,47,32,39,10,52,52,48,49,91,7,93,66,66,66,46,46,64,28,88,88,88,90,90,84,63,93,0],"gold":291,"neow_bonus":"ONE_RARE_RELIC","is_prod":false,"is_daily":false,"chose_seed":false,"campfire_upgraded":3,"win_rate":0,"timestamp":1532952547,"path_taken":["M","$","?","?","?","R","M","E","T","R","M","?","E","?","R","BOSS","M","?","?","M","?","E","R","M","T","E","R","$","M","?","R","BOSS","M","?","?","M","$","R","E","R","T","$","E","?","?","M","R","BOSS"],"build_version":"2018-07-26","purchased_purges":1,"victory":false,"max_hp_per_floor":[86,86,86,86,86,86,86,86,86,86,86,86,86,86,86,86,86,86,86,86,86,86,86,86,86,93,93,93,93,93,93,93,93,93,93,93,93,93,93,93,93,93,93,93,93,93,93,93,93,93],"card_choices":[{"not_picked":["Headbutt","Hemokinesis"],"picked":"Perfected Strike","floor":1},{"not_picked":["Entrench","Havoc"],"picked":"Flex","floor":7},{"not_picked":["Clash","True Grit"],"picked":"Iron Wave","floor":8},{"not_picked":["Feel No Pain","Warcry"],"picked":"Cleave","floor":11},{"not_picked":["Wild Strike","Intimidate"],"picked":"Cleave","floor":12},{"not_picked":["Body Slam","Dropkick"],"picked":"Carnage","floor":13},{"not_picked":["Limit Break","Fiend Fire"],"picked":"Offering","floor":16},{"not_picked":["Disarm","Fire Breathing"],"picked":"Ghostly Armor","floor":18},{"not_picked":["Flex","True Grit+1"],"picked":"Twin Strike","floor":20},{"not_picked":["Intimidate","Reckless Charge"],"picked":"Twin Strike+1","floor":21},{"not_picked":["Anger+1","Wild Strike"],"picked":"Shrug It Off","floor":23},{"not_picked":["Intimidate","Whirlwind"],"picked":"Twin Strike+1","floor":25},{"not_picked":["Body Slam","Berserk"],"picked":"Flex","floor":27},{"not_picked":["Cleave","Anger"],"picked":"Clothesline","floor":30},{"not_picked":["Havoc","Body Slam+1"],"picked":"Blood for Blood+1","floor":31},{"not_picked":["Dark Embrace","Offering"],"picked":"Double Tap","floor":33},{"not_picked":["True Grit","Carnage+1"],"picked":"Shrug It Off","floor":35},{"not_picked":["Cleave+1","True Grit"],"picked":"Thunderclap+1","floor":38},{"not_picked":["Power Through","Impervious"],"picked":"Metallicize","floor":41},{"not_picked":["Barricade","Dark Embrace","Second Wind+1"],"picked":"SKIP","floor":45},{"not_picked":["Combust+1","Spot Weakness"],"picked":"Sword Boomerang+1","floor":47},{"not_picked":["Thunderclap+1","Cleave+1"],"picked":"Perfected Strike+1","floor":48},{"not_picked":["Body Slam+1","Sentinel+1"],"picked":"Dropkick+1","floor":49}],"player_experience":191345,"relics_obtained":[{"floor":8,"key":"Bottled Flame"},{"floor":9,"key":"Regal Pillow"},{"floor":13,"key":"Red Skull"},{"floor":23,"key":"The Courier"},{"floor":23,"key":"Matryoshka"},{"floor":26,"key":"Strawberry"},{"floor":26,"key":"Letter Opener"},{"floor":27,"key":"Champion Belt"},{"floor":27,"key":"Unceasing Top"},{"floor":31,"key":"Red Mask"},{"floor":41,"key":"Whetstone"},{"floor":41,"key":"Bag of Preparation"},{"floor":43,"key":"MawBank"},{"floor":43,"key":"Dream Catcher"},{"floor":45,"key":"Bottled Lightning"},{"floor":45,"key":"Molten Egg 2"}],"event_choices":[{"event_name":"Golden Wing","player_choice":"Ignored","floor":3,"damage_taken":0},{"event_name":"Golden Idol","player_choice":"Take Wound","floor":4,"damage_taken":0},{"event_name":"The Lab","player_choice":"Got Potions","floor":5,"damage_taken":0},{"event_name":"The Mausoleum","player_choice":"Yes","floor":19,"damage_taken":0},{"event_name":"The Woman in Blue","player_choice":"Bought 1 Potion","floor":22,"damage_taken":0},{"event_name":"Masked Bandits","player_choice":"Fought over 260 gold","floor":31,"damage_taken":0},{"event_name":"Falling","player_choice":"Removed Attack","floor":36,"damage_taken":0},{"event_name":"Match and Keep!","player_choice":"1 cards matched","floor":37,"damage_taken":0},{"event_name":"Tomb of Lord Red Mask","player_choice":"Wore Mask","floor":46,"damage_taken":0}],"is_beta":false,"boss_relics":[{"not_picked":["Tiny House","Velvet Choker"],"picked":"Black Star"},{"not_picked":["Astrolabe","Runic Pyramid"],"picked":"Eternal Feather"}],"items_purged_floors":[29],"is_endless":false,"potions_floor_spawned":[11,12,13,20,23,25,33,38,45,47],"killed_by":"Awakened One","ascension_level":2}