{"gold_per_floor":[109,123,140,140,90,122,11,11,11,38,38,38,57,77,77,178,178,192,192,192,44,44,77,77,109,109,136,158,203,215,227],"floor_reached":31,"playtime":1164,"items_purged":["Defend_B","Strike_B+1"],"score":409,"play_id":"ac591176-d5c4-4f5b-a5de-e3448597550a","local_time":"20190601010947","is_ascension_mode":true,"campfire_choices":[{"floor":8,"key":"REST"},{"data":"Echo Form","floor":12,"key":"SMITH"},{"floor":15,"key":"REST"},{"data":"Zap","floor":24,"key":"SMITH"}],"neow_cost":"NONE","seed_source_timestamp":44938677969875,"circlet_count":0,"master_deck":["Strike_B+1","Strike_B+1","Defend_B+1","Defend_B+1","Defend_B+1","Zap+1","Dualcast","Leap","Aggregate","Gash","Conserve Battery","Echo Form+1","Doom and Gloom+1","Scrape+1","Doom and Gloom+1","Gash+1","Core Surge+1","Steam","Gash+1","White Noise+1","Gash+1"],"relics":["Cracked Core","Molten Egg 2","Question Card","Bronze Scales","Sozu","Ornamental Fan","Pear","Omamori","MawBank","Darkstone Periapt"],"potions_floor_usage":[6,14,16,23,25],"damage_taken":[{"damage":1,"enemies":"Cultist","floor":1,"turns":3},{"damage":2,"enemies":"Jaw Worm","floor":2,"turns":3},{"damage":0,"enemies":"Small Slimes","floor":3,"turns":2},{"damage":33,"enemies":"Gremlin Nob","floor":6,"turns":5},{"damage":18,"enemies":"3 Sentries","floor":10,"turns":5},{"damage":18,"enemies":"Gremlin Gang","floor":13,"turns":3},{"damage":17,"enemies":"Exordium Thugs","floor":14,"turns":3},{"damage":11,"enemies":"The Guardian","floor":16,"turns":9},{"damage":0,"enemies":"3 Byrds","floor":18,"turns":4},{"damage":28,"enemies":"Slavers","floor":23,"turns":4},{"damage":0,"enemies":"Book of Stabbing","floor":25,"turns":4},{"damage":0,"enemies":"Chosen","floor":27,"turns":3},{"damage":10,"enemies":"Snecko","floor":28,"turns":5},{"damage":47,"enemies":"Gremlin Leader","floor":29,"turns":6},{"damage":7,"enemies":"Centurion and Healer","floor":31,"turns":1}],"seed_played":"-34701162234372171","potions_obtained":[{"floor":1,"key":"Strength Potion"},{"floor":10,"key":"Weak Potion"},{"floor":11,"key":"Strength Potion"},{"floor":11,"key":"SpeedPotion"},{"floor":14,"key":"LiquidBronze"}],"is_trial":false,"path_per_floor":["M","M","M","?","?","E","$","R","T","E","?","R","M","M","R","B",null,"M","?","?","$","T","E","R","E","T","M","M","E","$","M"],"character_chosen":"DEFECT","items_purchased":["Doom and Gloom+1","Gash+1"],"campfire_rested":2,"item_purchase_floors":[7,21],"current_hp_per_floor":[74,72,72,77,77,44,44,68,68,50,50,50,32,15,39,28,80,80,80,80,80,80,62,62,62,62,62,52,5,5,0],"gold":227,"neow_bonus":"THREE_CARDS","is_prod":false,"is_daily":false,"chose_seed":false,"campfire_upgraded":2,"win_rate":0,"timestamp":1559376587,"path_taken":["M","M","M","?","?","E","$","R","T","E","?","R","?","M","R","BOSS","M","?","?","$","?","E","R","E","T","M","M","E","?","M"],"build_version":"2019-01-23","purchased_purges":2,"victory":false,"max_hp_per_floor":[75,75,75,80,80,80,80,80,80,80,80,80,80,80,80,80,80,80,80,80,80,80,90,90,90,90,90,90,90,90,90],"card_choices":[{"not_picked":["Redo","Sweeping Beam"],"picked":"Leap","floor":0},{"not_picked":["Streamline","Compile Driver"],"picked":"Aggregate","floor":1},{"not_picked":["Leap","Turbo"],"picked":"Gash","floor":2},{"not_picked":["Sunder","Gash"],"picked":"Conserve Battery","floor":3},{"not_picked":["Hologram","Beam Cell"],"picked":"Echo Form","floor":6},{"not_picked":["Streamline+1","Fusion","Sunder+1"],"picked":"Scrape+1","floor":10},{"not_picked":["Streamline+1","Ball Lightning+1","Cold Snap+1"],"picked":"Doom and Gloom+1","floor":13},{"not_picked":["Coolheaded","Streamline+1","BootSequence"],"picked":"Gash+1","floor":14},{"not_picked":["Seek","Biased Cognition","Multi-Cast"],"picked":"Core Surge+1","floor":16},{"not_picked":["Double Energy","Cold Snap+1","Darkness"],"picked":"Steam","floor":18},{"not_picked":["Coolheaded+1","Machine Learning","Beam Cell+1"],"picked":"White Noise+1","floor":23},{"not_picked":["Static Discharge","Coolheaded","Defragment","Capacitor+1"],"picked":"SKIP","floor":25},{"not_picked":["Beam Cell+1","Aggregate","Compile Driver+1"],"picked":"Gash+1","floor":27},{"not_picked":["Cold Snap+1","Conserve Battery","Barrage+1","Coolheaded+1"],"picked":"SKIP","floor":28},{"not_picked":["Redo+1","Rip and Tear+1","Lockon+1","Hello World"],"picked":"SKIP","floor":29}],"player_experience":324604,"relics_obtained":[{"floor":6,"key":"Molten Egg 2"},{"floor":9,"key":"Question Card"},{"floor":10,"key":"Bronze Scales"},{"floor":22,"key":"Ornamental Fan"},{"floor":23,"key":"Pear"},{"floor":25,"key":"Omamori"},{"floor":26,"key":"MawBank"},{"floor":29,"key":"Darkstone Periapt"}],"event_choices":[{"damage_healed":0,"gold_gain":0,"player_choice":"Donut","damage_taken":0,"max_hp_gain":5,"max_hp_loss":0,"event_name":"Big Fish","floor":4,"gold_loss":0},{"cards_removed":["Strike_B"],"damage_healed":0,"gold_gain":0,"player_choice":"Card Removal","damage_taken":0,"max_hp_gain":0,"max_hp_loss":0,"event_name":"The Cleric","floor":5,"gold_loss":50},{"damage_healed":0,"gold_gain":0,"player_choice":"Got Potions","damage_taken":0,"max_hp_gain":0,"max_hp_loss":0,"event_name":"Lab","floor":11,"gold_loss":0},{"damage_healed":0,"gold_gain":0,"player_choice":"Ignored","damage_taken":0,"max_hp_gain":0,"max_hp_loss":0,"event_name":"Ghosts","floor":19,"gold_loss":0},{"damage_healed":0,"gold_gain":0,"player_choice":"Simplicity","damage_taken":0,"max_hp_gain":0,"max_hp_loss":0,"event_name":"Back to Basics","floor":20,"gold_loss":0,"cards_upgraded":["Strike_B","Strike_B","Strike_B","Defend_B","Defend_B","Defend_B"]}],"is_beta":false,"boss_relics":[{"not_picked":["Astrolabe","Lizard Tail"],"picked":"Sozu"}],"items_purged_floors":[7,21],"is_endless":false,"potions_floor_spawned":[1,10,13,14,18,23],"killed_by":"Centurion and Healer","ascension_level":2}