{"gold_per_floor":[115,132,132,132,132,157,170,193,193,193,218,232,232,271,271,394,394,415,415,415,120,120,120,120,219,219,219,244,244,244,265,265,265],"floor_reached":33,"playtime":1028,"items_purged":[],"score":331,"play_id":"04d43223-cf86-4782-9a5f-cb2677d5af66","local_time":"20190507001725","is_ascension_mode":true,"campfire_choices":[{"data":"Loop","floor":10,"key":"SMITH"},{"data":"Reinforced Body","floor":13,"key":"SMITH"},{"floor":15,"key":"REST"},{"data":"Go for the Eyes","floor":23,"key":"SMITH"},{"data":"Beam Cell","floor":30,"key":"SMITH"},{"data":"Seek","floor":32,"key":"SMITH"}],"neow_cost":"NONE","seed_source_timestamp":866149810449519,"circlet_count":0,"master_deck":["Strike_B+1","Strike_B+1","Defend_B+1","Defend_B+1","Defend_B+1","Defend_B+1","Zap+1","Dualcast","Hologram+1","Conserve Battery","BootSequence","Loop+1","Ball Lightning","BootSequence","Reinforced Body+1","Melter","Reboot","Coolheaded+1","Go for the Eyes+1","Beam Cell+1","Meteor Strike","Seek+1"],"relics":["Cracked Core","Golden Idol","Bottled Tornado","Centennial Puzzle","Nuclear Battery","Membership Card","Juzu Bracelet","Sundial"],"potions_floor_usage":[14],"damage_taken":[{"damage":6,"enemies":"Small Slimes","floor":1,"turns":3},{"damage":0,"enemies":"Jaw Worm","floor":2,"turns":4},{"damage":1,"enemies":"Cultist","floor":6,"turns":4},{"damage":8,"enemies":"Lots of Slimes","floor":7,"turns":5},{"damage":3,"enemies":"3 Louse","floor":8,"turns":3},{"damage":0,"enemies":"Exordium Wildlife","floor":11,"turns":3},{"damage":5,"enemies":"Exordium Thugs","floor":12,"turns":5},{"damage":8,"enemies":"Lagavulin","floor":14,"turns":6},{"damage":35,"enemies":"Hexaghost","floor":16,"turns":10},{"damage":13,"enemies":"3 Byrds","floor":18,"turns":6},{"damage":0,"enemies":"Shell Parasite","floor":28,"turns":5},{"damage":0,"enemies":"Sentry and Sphere","floor":31,"turns":4},{"damage":45,"enemies":"Collector","floor":33,"turns":7}],"seed_played":"-8177639352738777132","potions_obtained":[{"floor":2,"key":"AttackPotion"},{"floor":7,"key":"Ancient Potion"},{"floor":8,"key":"Fire Potion"},{"floor":11,"key":"Ancient Potion"},{"floor":28,"key":"LiquidBronze"}],"is_trial":false,"path_per_floor":["M","M","?","?","?","M","M","M","T","R","M","M","R","E","R","B",null,"M","?","?","$","$","R","$","?","T","?","M","?","R","M","R","B"],"character_chosen":"DEFECT","items_purchased":["Membership Card","Go for the Eyes","Juzu Bracelet"],"campfire_rested":1,"item_purchase_floors":[21,21,21],"current_hp_per_floor":[62,62,47,47,47,46,38,35,35,35,35,30,30,22,42,7,54,41,41,41,41,41,41,41,41,41,41,41,41,41,41,41,0],"gold":265,"neow_bonus":"THREE_CARDS","is_prod":false,"is_daily":false,"chose_seed":false,"campfire_upgraded":5,"win_rate":0,"timestamp":1557159445,"path_taken":["M","M","?","?","?","?","M","M","T","R","M","?","R","E","R","BOSS","M","?","?","?","$","R","$","?","T","?","M","?","R","M","R","BOSS"],"build_version":"2019-01-23","purchased_purges":0,"victory":false,"max_hp_per_floor":[75,75,75,69,69,69,69,69,69,69,69,69,69,69,69,69,69,69,69,69,69,69,69,69,69,69,69,69,69,69,69,69,69],"card_choices":[{"not_picked":["Steam","Leap"],"picked":"Hologram","floor":0},{"not_picked":["Compile Driver","Cold Snap"],"picked":"Conserve Battery","floor":1},{"not_picked":["Force Field","Cold Snap"],"picked":"BootSequence","floor":2},{"not_picked":["Barrage","Rebound"],"picked":"Loop","floor":6},{"not_picked":["Cold Snap","Undo"],"picked":"Ball Lightning","floor":7},{"not_picked":["Scrape","Conserve Battery"],"picked":"BootSequence","floor":8},{"not_picked":["Lockon","Steam Power"],"picked":"Reinforced Body","floor":11},{"not_picked":["Reinforced Body","Stack"],"picked":"Melter","floor":12},{"not_picked":["Redo","Hello World","Scrape"],"picked":"SKIP","floor":14},{"not_picked":["Biased Cognition","Multi-Cast"],"picked":"Reboot","floor":16},{"not_picked":["Hologram","Reprogram+1"],"picked":"Coolheaded+1","floor":18},{"not_picked":["Fusion","Melter+1","Force Field"],"picked":"SKIP","floor":28},{"not_picked":["Barrage","FTL"],"picked":"Seek","floor":31}],"player_experience":862021,"relics_obtained":[{"floor":9,"key":"Bottled Tornado"},{"floor":14,"key":"Centennial Puzzle"},{"floor":26,"key":"Sundial"}],"event_choices":[{"damage_healed":0,"gold_gain":0,"player_choice":"Entered Light","damage_taken":15,"max_hp_gain":0,"max_hp_loss":0,"event_name":"Shining Light","floor":3,"gold_loss":0,"cards_upgraded":["Hologram","Strike_B"]},{"damage_healed":0,"gold_gain":0,"player_choice":"Lose Max HP","damage_taken":0,"relics_obtained":["Golden Idol"],"max_hp_gain":0,"max_hp_loss":6,"event_name":"Golden Idol","floor":4,"gold_loss":0},{"damage_healed":0,"gold_gain":0,"player_choice":"Upgraded","damage_taken":0,"max_hp_gain":0,"max_hp_loss":0,"event_name":"Upgrade Shrine","floor":5,"gold_loss":0,"cards_upgraded":["Zap"]},{"damage_healed":0,"gold_gain":0,"player_choice":"Ignored","damage_taken":0,"max_hp_gain":0,"max_hp_loss":0,"event_name":"Cursed Tome","floor":19,"gold_loss":0},{"damage_healed":0,"gold_gain":0,"player_choice":"Simplicity","damage_taken":0,"max_hp_gain":0,"max_hp_loss":0,"event_name":"Back to Basics","floor":20,"gold_loss":0,"cards_upgraded":["Strike_B","Strike_B","Strike_B","Defend_B","Defend_B","Defend_B","Defend_B"]},{"damage_healed":0,"gold_gain":99,"player_choice":"Stole From Cult","damage_taken":0,"max_hp_gain":0,"max_hp_loss":0,"event_name":"Nest","floor":25,"gold_loss":0},{"damage_healed":0,"gold_gain":0,"player_choice":"Ignored","damage_taken":0,"max_hp_gain":0,"max_hp_loss":0,"event_name":"Beggar","floor":27,"gold_loss":0},{"damage_healed":0,"gold_gain":0,"cards_transformed":["Strike_B","Strike_B"],"player_choice":"Became Test Subject","damage_taken":0,"max_hp_gain":0,"max_hp_loss":0,"event_name":"Drug Dealer","floor":29,"gold_loss":0,"cards_obtained":["Beam Cell","Meteor Strike"]}],"is_beta":false,"boss_relics":[{"not_picked":["Velvet Choker","Eternal Feather"],"picked":"Nuclear Battery"}],"items_purged_floors":[],"is_endless":false,"potions_floor_spawned":[2,7,8,11,28],"killed_by":"Collector","ascension_level":7}