{"gold_per_floor":[115,127,127,127,146,207,218,553,634,653,653,683,696,714,714,812,812,826,839,839,889,407,407,441,441,441,476,476,575,592,621,621,725,725,743,754,773,539,408,433,486,83,83,83,116,134,134,148,148,148],"floor_reached":51,"playtime":2793,"items_purged":["Strike_G","Strike_G"],"score":959,"play_id":"7dfd08c9-5cdf-40f3-83bc-4a975bc5d878","local_time":"20180804233052","is_ascension_mode":true,"campfire_choices":[{"data":"Envenom","floor":11,"key":"SMITH"},{"floor":15,"key":"REST"},{"floor":23,"key":"REST"},{"floor":25,"key":"REST"},{"floor":28,"key":"REST"},{"floor":32,"key":"REST"},{"floor":44,"key":"REST"},{"floor":47,"key":"REST"},{"floor":49,"key":"REST"}],"neow_cost":"NONE","seed_source_timestamp":334670998273277,"circlet_count":0,"master_deck":["Defend_G","Defend_G","Defend_G","Defend_G","Defend_G","Strike_G","Strike_G","Strike_G","Survivor","Neutralize","Riddle With Holes","Flechettes","Neutralize","Flechettes","Dagger Spray","Terror","Dagger Spray","Envenom+1","Backflip","Dagger Spray","Endless Agony","Adrenaline","Sucker Punch","Dagger Spray+1","Envenom+1","Terror+1","Bane","Dodge and Roll+1","Backflip+1","Footwork","Dash+1","Cloak And Dagger+1","Riddle With Holes","Distraction+1","PiercingWail+1","Finisher+1"],"relics":["Eternal Feather","Tiny Chest","Old Coin","Letter Opener","Fusion Hammer","Shuriken","Oddly Smooth Stone","Happy Flower","Potion Belt","Strawberry","Singing Bowl","Black Star","Snake Skull","Ginger","Bag of Marbles","Ancient Tea Set","Nunchaku","Vajra","Molten Egg 2","Sundial","Turnip"],"potions_floor_usage":[8,10,13,30,35,36,40,41,41,45,50,50],"damage_taken":[{"damage":5,"enemies":"2 Louse","floor":1,"turns":4},{"damage":2,"enemies":"Cultist","floor":2,"turns":4},{"damage":4,"enemies":"Jaw Worm","floor":5,"turns":3},{"damage":18,"enemies":"3 Sentries","floor":6,"turns":9},{"damage":1,"enemies":"Exordium Thugs","floor":7,"turns":4},{"damage":19,"enemies":"Lagavulin","floor":8,"turns":6},{"damage":3,"enemies":"Looter","floor":10,"turns":2},{"damage":4,"enemies":"Blue Slaver","floor":13,"turns":4},{"damage":7,"enemies":"2 Fungi Beasts","floor":14,"turns":4},{"damage":31,"enemies":"Hexaghost","floor":16,"turns":9},{"damage":22,"enemies":"2 Thieves","floor":18,"turns":3},{"damage":14,"enemies":"Spheric Guardian","floor":19,"turns":4},{"damage":29,"enemies":"Book of Stabbing","floor":24,"turns":4},{"damage":32,"enemies":"Slavers","floor":27,"turns":3},{"damage":23,"enemies":"Slaver and Parasite","floor":30,"turns":4},{"damage":16,"enemies":"Book of Stabbing","floor":31,"turns":4},{"damage":2,"enemies":"Automaton","floor":33,"turns":6},{"damage":7,"enemies":"Orb Walker","floor":35,"turns":4},{"damage":6,"enemies":"Flame Bruiser 1 Orb","floor":36,"turns":4},{"damage":14,"enemies":"3 Darklings","floor":37,"turns":5},{"damage":31,"enemies":"Nemesis","floor":40,"turns":7},{"damage":26,"floor":41,"turns":5},{"damage":18,"enemies":"2 Orb Walkers","floor":45,"turns":3},{"damage":15,"enemies":"Spire Growth","floor":46,"turns":4},{"damage":0,"enemies":"Sphere and 2 Shapes","floor":48,"turns":3},{"damage":36,"enemies":"Time Eater","floor":50,"turns":6}],"seed_played":"6129969312605582167","potions_obtained":[{"floor":2,"key":"Energy Potion"},{"floor":6,"key":"PowerPotion"},{"floor":8,"key":"Fire Potion"},{"floor":13,"key":"Ancient Potion"},{"floor":24,"key":"Energy Potion"},{"floor":27,"key":"Fire Potion"},{"floor":30,"key":"LiquidBronze"},{"floor":33,"key":"Block Potion"},{"floor":36,"key":"GhostInAJar"},{"floor":37,"key":"SkillPotion"},{"floor":41,"key":"SneckoOil"},{"floor":46,"key":"PowerPotion"}],"is_trial":false,"path_per_floor":["M","M","?","$","M","E","M","E","T","M","R","?","M","M","R","B",null,"M","M","?","?","$","R","E","R","T","E","R","?","M","E","R","B",null,"M","M","M","$","?","E","?","$","T","R","E","M","R","M","R","B"],"character_chosen":"THE_SILENT","items_purchased":["Shuriken","Oddly Smooth Stone","Snake Skull","Footwork","Vajra","Riddle With Holes","EssenceOfSteel"],"campfire_rested":8,"item_purchase_floors":[22,22,38,38,42,42,42],"current_hp_per_floor":[65,63,63,63,59,41,40,21,21,18,30,30,26,19,52,21,70,48,34,34,34,34,70,41,70,70,45,77,77,54,40,78,78,81,74,70,58,58,58,27,1,1,1,44,26,11,57,57,85,49],"gold":148,"neow_bonus":"BOSS_RELIC","is_prod":false,"is_daily":false,"chose_seed":false,"campfire_upgraded":1,"win_rate":0,"timestamp":1533450652,"path_taken":["M","M","?","?","M","E","?","E","T","M","R","?","M","M","R","BOSS","M","M","?","?","$","R","E","R","T","E","R","?","?","E","R","BOSS","M","M","M","$","?","E","?","$","T","R","E","M","R","M","R","BOSS"],"build_version":"2018-08-02","purchased_purges":2,"victory":true,"max_hp_per_floor":[70,70,70,70,70,70,70,70,70,70,70,70,70,70,70,70,70,70,70,70,70,70,70,70,70,70,77,77,77,77,79,79,81,81,81,83,85,85,85,85,85,85,85,85,85,85,85,85,85,85],"card_choices":[{"not_picked":["Cloak And Dagger","Slice"],"picked":"Riddle With Holes","floor":1},{"not_picked":["Quick Slash","PiercingWail"],"picked":"Flechettes","floor":2},{"not_picked":["Deflect","Setup"],"picked":"Dagger Spray","floor":5},{"not_picked":["Choke","Deflect"],"picked":"Terror","floor":6},{"not_picked":["Sucker Punch","Well Laid Plans"],"picked":"Dagger Spray","floor":7},{"not_picked":["Calculated Gamble","A Thousand Cuts"],"picked":"Envenom","floor":8},{"not_picked":["Prepared","Concentrate"],"picked":"Backflip","floor":10},{"not_picked":["Prepared","Underhanded Strike"],"picked":"Dagger Spray","floor":13},{"not_picked":["Deadly Poison","Noxious Fumes"],"picked":"Endless Agony","floor":14},{"not_picked":["Tools of the Trade","Die Die Die"],"picked":"Adrenaline","floor":16},{"not_picked":["Accuracy","Underhanded Strike"],"picked":"Sucker Punch","floor":18},{"not_picked":["Dagger Throw","Footwork+1"],"picked":"Dagger Spray+1","floor":19},{"not_picked":["Bane","Dagger Spray"],"picked":"Terror+1","floor":24},{"not_picked":["Bouncing Flask","Accuracy+1"],"picked":"Bane","floor":27},{"not_picked":["Blade Dance","Slice+1"],"picked":"Dodge and Roll+1","floor":30},{"not_picked":["Reflex+1","Terror","Outmaneuver"],"picked":"Singing Bowl","floor":31},{"not_picked":["Storm of Steel","Night Terror","Burst"],"picked":"Singing Bowl","floor":33},{"not_picked":["Eviscerate+1","Acrobatics"],"picked":"Backflip+1","floor":35},{"not_picked":["Flying Knee","All Out Attack","Dodge and Roll"],"picked":"Singing Bowl","floor":36},{"not_picked":["All Out Attack+1","Dagger Throw","Malaise"],"picked":"Singing Bowl","floor":37},{"not_picked":["Slice+1","Noxious Fumes+1"],"picked":"Dash+1","floor":40},{"not_picked":["Outmaneuver","Dagger Throw+1"],"picked":"Cloak And Dagger+1","floor":41},{"not_picked":["Setup","Well Laid Plans+1"],"picked":"Distraction+1","floor":45},{"not_picked":["Prepared+1","Dagger Throw+1"],"picked":"PiercingWail+1","floor":46},{"not_picked":["Malaise","Dodge and Roll"],"picked":"Finisher+1","floor":48}],"player_experience":240903,"relics_obtained":[{"floor":6,"key":"Tiny Chest"},{"floor":8,"key":"Old Coin"},{"floor":9,"key":"Letter Opener"},{"floor":24,"key":"Happy Flower"},{"floor":26,"key":"Potion Belt"},{"floor":27,"key":"Strawberry"},{"floor":31,"key":"Singing Bowl"},{"floor":40,"key":"Bag of Marbles"},{"floor":40,"key":"Ancient Tea Set"},{"floor":41,"key":"Nunchaku"},{"floor":43,"key":"Molten Egg 2"},{"floor":45,"key":"Sundial"},{"floor":45,"key":"Turnip"}],"event_choices":[{"event_name":"Match and Keep!","player_choice":"2 cards matched","floor":3,"damage_taken":0},{"event_name":"Dead Adventurer","player_choice":"Searched \u00271\u0027 times","floor":12,"damage_taken":0},{"event_name":"Duplicator","player_choice":"One dupe","floor":20,"damage_taken":0},{"event_name":"The Joust","player_choice":"Bet on Murderer","floor":21,"damage_taken":0},{"event_name":"Nest","player_choice":"Stole From Cult","floor":29,"damage_taken":0},{"event_name":"WeMeetAgain","player_choice":"Gold","floor":39,"damage_taken":0},{"event_name":"Mysterious Sphere","player_choice":"Fight","floor":41,"damage_taken":0}],"is_beta":false,"boss_relics":[{"not_picked":["Sozu","Ectoplasm"],"picked":"Fusion Hammer"},{"not_picked":["White Beast Statue","Lizard Tail"],"picked":"Black Star"}],"items_purged_floors":[22,42],"is_endless":false,"potions_floor_spawned":[2,6,8,13,24,27,30,33,36,37,41,46],"ascension_level":3}