{"gold_per_floor":[114,133,133,82,150,150,150,166,212,230,243,43,56,71,71,167,167,183,98,114,131,141,141,161,161,161,161,179,179,23,23,23,122,122,140,157,176,176,176,176,191,191,191,191,211,231,247,267,267,267],"floor_reached":51,"playtime":3075,"items_purged":[],"score":847,"play_id":"62c7e903-ba50-4dfb-aab6-61658938dc66","local_time":"20180720023837","is_ascension_mode":false,"campfire_choices":[{"floor":6,"key":"REST"},{"floor":15,"key":"REST"},{"data":"Apotheosis","floor":23,"key":"SMITH"},{"floor":25,"key":"REST"},{"floor":29,"key":"REST"},{"data":"Loop","floor":32,"key":"SMITH"},{"data":"Biased Cognition","floor":40,"key":"SMITH"},{"floor":42,"key":"REST"},{"data":"Buffer","floor":49,"key":"SMITH"}],"neow_cost":"NONE","seed_source_timestamp":196700469971468,"circlet_count":0,"master_deck":["Strike_B","Strike_B","Strike_B","Defend_B","Defend_B","Defend_B","Defend_B","Zap","Dualcast","BootSequence","FTL","Redo","White Noise","Steam","Loop+1","Apotheosis+1","Genetic Algorithm","Gash","Electrodynamics","Gash","Cold Snap","White Noise","Defragment","Undo","Static Discharge","Double Energy","Biased Cognition+1","Buffer+1","Self Repair+1","Stack+1","Coolheaded+1","Go for the Eyes","Self Repair+1","FTL+1","Turbo+1","Defragment+1","Multi-Cast"],"relics":["FrozenCore","Sundial","Strawberry","Meat on the Bone","Unceasing Top","Dream Catcher","Nuclear Battery","Pantograph","Torii"],"potions_floor_usage":[16,21,28,28,33,36,45,45,46,50],"damage_taken":[{"damage":3,"enemies":"Jaw Worm","floor":1,"turns":3},{"damage":0,"enemies":"2 Louse","floor":2,"turns":2},{"damage":0,"enemies":"Cultist","floor":8,"turns":2},{"damage":9,"enemies":"2 Fungi Beasts","floor":10,"turns":3},{"damage":3,"enemies":"3 Louse","floor":11,"turns":2},{"damage":27,"enemies":"Exordium Wildlife","floor":13,"turns":4},{"damage":2,"enemies":"Looter","floor":14,"turns":3},{"damage":41,"enemies":"The Guardian","floor":16,"turns":9},{"damage":0,"enemies":"Chosen","floor":18,"turns":5},{"damage":21,"enemies":"3 Byrds","floor":20,"turns":4},{"damage":24,"enemies":"Snake Plant","floor":21,"turns":5},{"damage":16,"enemies":"Sentry and Sphere","floor":22,"turns":7},{"damage":17,"enemies":"Cultist and Chosen","floor":24,"turns":6},{"damage":21,"enemies":"Snake Plant","floor":28,"turns":5},{"damage":12,"enemies":"Automaton","floor":33,"turns":10},{"damage":27,"enemies":"Orb Walker","floor":35,"turns":5},{"damage":0,"enemies":"3 Darklings","floor":36,"turns":5},{"damage":26,"enemies":"Flame Bruiser 2 Orb","floor":37,"turns":6},{"damage":31,"enemies":"Spire Growth","floor":41,"turns":6},{"damage":14,"floor":44,"turns":10},{"damage":69,"enemies":"Sphere and 2 Shapes","floor":45,"turns":5},{"damage":43,"enemies":"Flame Bruiser 2 Orb","floor":46,"turns":6},{"damage":15,"enemies":"Spire Growth","floor":47,"turns":6},{"damage":1,"enemies":"Sphere and 2 Shapes","floor":48,"turns":5},{"damage":82,"enemies":"Time Eater","floor":50,"turns":14}],"seed_played":"4260794265877789081","potions_obtained":[{"floor":2,"key":"Energy Potion"},{"floor":11,"key":"FearPotion"},{"floor":13,"key":"Ancient Potion"},{"floor":18,"key":"Block Potion"},{"floor":24,"key":"Swift Potion"},{"floor":33,"key":"SkillPotion"},{"floor":35,"key":"FocusPotion"},{"floor":37,"key":"FocusPotion"},{"floor":45,"key":"Strength Potion"},{"floor":47,"key":"Swift Potion"}],"is_trial":false,"path_per_floor":["M","M","?","$","?","R","?","M","T","M","M","$","M","M","R","B",null,"M","?","M","M","M","R","M","R","T","?","M","R","$","T","R","B",null,"M","M","M","?","?","R","M","R","T","?","M","M","M","M","R","B"],"character_chosen":"DEFECT","items_purchased":["Redo","Apotheosis","Biased Cognition"],"campfire_rested":5,"item_purchase_floors":[4,12,30],"current_hp_per_floor":[72,72,47,47,47,69,74,74,81,72,69,69,42,40,66,25,87,87,87,66,54,50,50,45,71,71,71,50,76,76,76,76,64,87,67,77,61,61,61,61,52,78,78,83,46,42,66,75,75,37],"gold":267,"neow_bonus":"TRANSFORM_CARD","is_prod":false,"is_daily":false,"chose_seed":false,"campfire_upgraded":4,"win_rate":0.0,"timestamp":1532025517,"path_taken":["M","M","?","$","?","R","?","M","T","M","M","$","M","M","R","BOSS","M","?","M","M","M","R","M","R","T","?","M","R","$","?","R","BOSS","M","M","M","?","?","R","M","R","T","?","M","M","M","M","R","BOSS"],"build_version":"2018-07-12","purchased_purges":0,"victory":true,"max_hp_per_floor":[75,75,75,75,75,75,80,80,87,87,87,87,87,87,87,87,87,87,87,87,87,87,87,87,87,87,87,87,87,87,87,87,87,87,87,87,87,87,87,87,87,87,87,87,87,87,87,87,87,87],"card_choices":[{"not_picked":["Leap","Rip and Tear"],"picked":"BootSequence","floor":1},{"not_picked":["Conserve Battery","Skim"],"picked":"FTL","floor":2},{"not_picked":["Turbo","Reinforced Body"],"picked":"White Noise","floor":8},{"not_picked":["Force Field","Scrape"],"picked":"Steam","floor":10},{"not_picked":["Coolheaded","Streamline"],"picked":"Loop","floor":11},{"not_picked":["Auto Shields","Turbo"],"picked":"Genetic Algorithm","floor":13},{"not_picked":["Compile Driver","Steam"],"picked":"Gash","floor":14},{"not_picked":["Meteor Strike","Creative AI"],"picked":"Electrodynamics","floor":16},{"not_picked":["Redo","Self Repair"],"picked":"Gash","floor":18},{"not_picked":["Turbo","Force Field+1"],"picked":"Cold Snap","floor":20},{"not_picked":["Conserve Battery","Sweeping Beam"],"picked":"White Noise","floor":21},{"not_picked":["Blizzard","Beam Cell"],"picked":"Defragment","floor":22},{"not_picked":["Ball Lightning","Compile Driver"],"picked":"Undo","floor":24},{"not_picked":["Compile Driver","Stack"],"picked":"Double Energy","floor":28},{"not_picked":["Seek","Reboot"],"picked":"Buffer","floor":33},{"not_picked":["Barrage","Turbo+1"],"picked":"Self Repair+1","floor":35},{"not_picked":["Skim","Streamline"],"picked":"Stack+1","floor":36},{"not_picked":["Fusion","Streamline"],"picked":"Coolheaded+1","floor":37},{"not_picked":["Consume","Hologram"],"picked":"Go for the Eyes","floor":41},{"not_picked":["Compile Driver","Turbo"],"picked":"Self Repair+1","floor":44},{"not_picked":["Genetic Algorithm+1","Undo+1"],"picked":"FTL+1","floor":45},{"not_picked":["Genetic Algorithm+1","Compile Driver"],"picked":"Turbo+1","floor":46},{"not_picked":["Beam Cell","Streamline"],"picked":"Defragment+1","floor":47},{"not_picked":["Leap","Go for the Eyes"],"picked":"Multi-Cast","floor":48}],"player_experience":108259,"relics_obtained":[{"floor":9,"key":"Strawberry"},{"floor":26,"key":"Unceasing Top"},{"floor":31,"key":"Dream Catcher"},{"floor":43,"key":"Pantograph"},{"floor":44,"key":"Torii"}],"event_choices":[{"event_name":"Scrap Ooze","player_choice":"success","floor":3,"damage_taken":25},{"event_name":"Golden Wing","player_choice":"Gained Gold","floor":5,"damage_taken":0},{"event_name":"Big Fish","player_choice":"Donut","floor":7,"damage_taken":0},{"event_name":"Addict","player_choice":"Obtained Relic","floor":19,"damage_taken":0},{"event_name":"The Library","player_choice":"Read","floor":27,"damage_taken":0},{"event_name":"Mysterious Sphere","player_choice":"Ignore","floor":38,"damage_taken":0},{"event_name":"Falling","player_choice":"Removed Attack","floor":39,"damage_taken":0},{"event_name":"MindBloom","player_choice":"Fight","floor":44,"damage_taken":0}],"boss_relics":[{"not_picked":["Cursed Key","Coffee Dripper"],"picked":"FrozenCore"},{"not_picked":["White Beast Statue","Sozu"],"picked":"Nuclear Battery"}],"items_purged_floors":[],"is_endless":false,"potions_floor_spawned":[2,11,13,18,24,33,35,37,45,47],"ascension_level":0}