{"gold_per_floor":[111,111,76,89,105,143,143,163,163,201,201,201,214,238,238,359,359,372,472,472,492,506,547,563,563,618,652,673,321,337,360,360,360],"floor_reached":33,"playtime":1672,"items_purged":[],"score":316,"play_id":"0c564c59-ea8a-4d5c-bd5e-fb0dd3983bf2","local_time":"20180721092703","is_ascension_mode":true,"campfire_choices":[{"floor":7,"key":"REST"},{"floor":12,"key":"REST"},{"floor":15,"key":"REST"},{"floor":25,"key":"REST"},{"data":"Flex","floor":32,"key":"SMITH"}],"neow_cost":"","seed_source_timestamp":322471243137502,"circlet_count":0,"master_deck":["Strike_R+1","Strike_R","Strike_R","Strike_R","Strike_R","Defend_R+1","Defend_R","Defend_R+1","Defend_R","Bash","Flex+1","Clash","Pommel Strike+1","Cleave","Flame Barrier+1","Twin Strike","Twin Strike","Feed","Disarm","Pummel+1","Sword Boomerang+1","Feed","Pummel","Inflame","Infernal Blade","Perfected Strike"],"relics":["Black Blood","Golden Idol","Red Skull","Smiling Mask","Ice Cream","Enchiridion","Pantograph","War Paint","Bronze Scales","Whetstone","Sling"],"potions_floor_usage":[23,30,30,31,33],"damage_taken":[{"damage":5,"enemies":"Cultist","floor":1,"turns":4},{"damage":6,"enemies":"Jaw Worm","floor":4,"turns":3},{"damage":0,"enemies":"Small Slimes","floor":5,"turns":3},{"damage":54,"enemies":"Lagavulin","floor":6,"turns":7},{"damage":12,"enemies":"2 Fungi Beasts","floor":8,"turns":2},{"damage":28,"enemies":"Gremlin Nob","floor":10,"turns":5},{"damage":0,"enemies":"Looter","floor":13,"turns":2},{"damage":2,"enemies":"3 Louse","floor":14,"turns":3},{"damage":35,"enemies":"Slime Boss","floor":16,"turns":8},{"damage":25,"enemies":"2 Thieves","floor":18,"turns":4},{"damage":1,"enemies":"Chosen","floor":21,"turns":4},{"damage":32,"enemies":"3 Cultists","floor":22,"turns":5},{"damage":28,"enemies":"Book of Stabbing","floor":23,"turns":5},{"damage":9,"enemies":"Snake Plant","floor":24,"turns":3},{"damage":49,"enemies":"Slavers","floor":27,"turns":4},{"damage":0,"enemies":"Snecko","floor":28,"turns":2},{"damage":4,"enemies":"3 Cultists","floor":30,"turns":6},{"damage":34,"enemies":"Slaver and Parasite","floor":31,"turns":3},{"damage":87,"enemies":"Champ","floor":33,"turns":7}],"seed_played":"2958027160760912207","potions_obtained":[{"floor":1,"key":"SpeedPotion"},{"floor":6,"key":"Regen Potion"},{"floor":8,"key":"SpeedPotion"},{"floor":14,"key":"Strength Potion"},{"floor":18,"key":"Regen Potion"},{"floor":27,"key":"Regen Potion"},{"floor":31,"key":"Strength Potion"}],"is_trial":false,"path_per_floor":["M","?","?","M","M","E","R","M","T","E","?","R","M","M","R","B",null,"M","?","?","M","M","E","M","R","T","E","M","$","M","M","R"],"character_chosen":"IRONCLAD","items_purchased":["Whetstone","Sling"],"campfire_rested":4,"item_purchase_floors":[29,29],"current_hp_per_floor":[80,60,80,80,80,32,56,50,50,28,12,36,42,46,70,41,80,65,65,49,58,36,30,31,55,55,19,29,29,76,52,52,0],"gold":360,"neow_bonus":"","is_prod":false,"is_daily":false,"chose_seed":false,"campfire_upgraded":1,"win_rate":0,"timestamp":1532190423,"path_taken":["M","?","?","M","M","E","R","?","T","E","?","R","M","M","R","BOSS","M","?","?","?","M","E","M","R","T","E","M","$","M","M","R","BOSS"],"build_version":"2018-07-19v2","purchased_purges":0,"victory":false,"max_hp_per_floor":[80,80,80,80,80,80,80,80,80,80,80,80,80,80,80,80,80,80,80,80,80,80,80,80,80,80,83,83,83,89,89,89,89],"card_choices":[{"not_picked":["Sever Soul","Shrug It Off"],"picked":"Flex","floor":1},{"not_picked":["Shrug It Off","Searing Blow"],"picked":"Clash","floor":4},{"not_picked":["Spot Weakness","Shockwave"],"picked":"Pommel Strike","floor":5},{"not_picked":["Headbutt","Heavy Blade"],"picked":"Cleave","floor":6},{"not_picked":["Armaments","Body Slam"],"picked":"Flame Barrier","floor":8},{"not_picked":["Dual Wield","Rupture","Corruption"],"picked":"SKIP","floor":10},{"not_picked":["Dropkick","Flex"],"picked":"Twin Strike","floor":13},{"not_picked":["Hemokinesis","Shrug It Off"],"picked":"Twin Strike","floor":14},{"not_picked":["Barricade","Brutality"],"picked":"Feed","floor":16},{"not_picked":["Battle Trance","Armaments"],"picked":"Disarm","floor":18},{"not_picked":["Iron Wave+1","Armaments"],"picked":"Pummel","floor":21},{"not_picked":["Battle Trance+1","Clothesline"],"picked":"Sword Boomerang+1","floor":22},{"not_picked":["Bloodletting+1","Feel No Pain"],"picked":"Feed","floor":23},{"not_picked":["Heavy Blade","Pommel Strike+1"],"picked":"Pummel","floor":24},{"not_picked":["Dropkick","Cleave+1"],"picked":"Inflame","floor":27},{"not_picked":["Anger","True Grit","Body Slam+1"],"picked":"SKIP","floor":28},{"not_picked":["Warcry","Shrug It Off"],"picked":"Infernal Blade","floor":30},{"not_picked":["Ghostly Armor","Thunderclap"],"picked":"Perfected Strike","floor":31}],"player_experience":118600,"relics_obtained":[{"floor":6,"key":"Red Skull"},{"floor":9,"key":"Smiling Mask"},{"floor":10,"key":"Ice Cream"},{"floor":20,"key":"Enchiridion"},{"floor":23,"key":"Pantograph"},{"floor":26,"key":"War Paint"},{"floor":27,"key":"Bronze Scales"}],"event_choices":[{"event_name":"Golden Idol","player_choice":"Take Damage","floor":2,"damage_taken":0},{"event_name":"The Cleric","player_choice":"Healed","floor":3,"damage_taken":0},{"event_name":"Shining Light","player_choice":"Entered Light","floor":11,"damage_taken":0},{"event_name":"Golden Shrine","player_choice":"Pray","floor":19,"damage_taken":0},{"event_name":"Cursed Tome","player_choice":"Obtained Book","floor":20,"damage_taken":0}],"is_beta":false,"boss_relics":[{"not_picked":["White Beast Statue","Fusion Hammer"],"picked":"Black Blood"}],"items_purged_floors":[],"is_endless":false,"potions_floor_spawned":[1,6,8,14,18,27,28,31],"killed_by":"Champ","ascension_level":1}