{"gold_per_floor":[112,122,122,136,211,245,245,271,271,271,291,291,291],"floor_reached":13,"playtime":766,"items_purged":[],"score":130,"play_id":"d9dcb5c6-b849-4e47-a5de-654bb118f57e","local_time":"20190408233923","is_ascension_mode":true,"campfire_choices":[{"floor":7,"key":"REST"},{"floor":10,"key":"REST"}],"neow_cost":"NONE","seed_source_timestamp":95165881676480,"circlet_count":0,"master_deck":["Defend_G","Defend_G","Defend_G","Defend_G","Defend_G","Strike_G","Strike_G","Strike_G","Strike_G","Strike_G","Survivor","Neutralize","Endless Agony","Footwork","Terror","Cloak And Dagger","PiercingWail"],"relics":["WristBlade","Bag of Preparation","Darkstone Periapt","CultistMask"],"potions_floor_usage":[6,6,13],"damage_taken":[{"damage":0,"enemies":"Cultist","floor":1,"turns":5},{"damage":0,"enemies":"Small Slimes","floor":2,"turns":3},{"damage":4,"enemies":"2 Louse","floor":4,"turns":3},{"damage":43,"enemies":"3 Sentries","floor":6,"turns":17},{"damage":11,"enemies":"Gremlin Nob","floor":8,"turns":5},{"damage":36,"enemies":"Gremlin Gang","floor":11,"turns":7},{"damage":10,"enemies":"Exordium Thugs","floor":13,"turns":2}],"seed_played":"-873621413855921604","potions_obtained":[{"floor":1,"key":"Poison Potion"},{"floor":2,"key":"GhostInAJar"},{"floor":6,"key":"FearPotion"}],"is_trial":false,"path_per_floor":["M","M","?","M","?","E","R","E","T","R","M","?","M"],"character_chosen":"THE_SILENT","items_purchased":[],"campfire_rested":2,"item_purchase_floors":[],"current_hp_per_floor":[63,63,68,64,53,10,32,21,21,43,7,7,0],"gold":291,"neow_bonus":"BOSS_RELIC","is_prod":false,"is_daily":false,"chose_seed":false,"campfire_upgraded":0,"win_rate":0,"timestamp":1554781163,"path_taken":["M","?","?","M","?","E","R","E","T","R","M","?","?"],"build_version":"2019-01-23","purchased_purges":0,"victory":false,"max_hp_per_floor":[70,70,75,75,75,75,75,75,75,75,75,75,75],"card_choices":[{"not_picked":["Crippling Poison","Dagger Spray"],"picked":"Endless Agony","floor":1},{"not_picked":["Catalyst","Poisoned Stab"],"picked":"Footwork","floor":2},{"not_picked":["Accuracy","Acrobatics"],"picked":"Terror","floor":4},{"not_picked":["Deflect","Malaise"],"picked":"Cloak And Dagger","floor":6},{"not_picked":["Dagger Throw","Eviscerate","Dagger Spray"],"picked":"SKIP","floor":8},{"not_picked":["Setup","Deadly Poison"],"picked":"PiercingWail","floor":11}],"player_experience":1305066,"relics_obtained":[{"floor":6,"key":"Bag of Preparation"},{"floor":8,"key":"Darkstone Periapt"}],"event_choices":[{"damage_healed":0,"gold_gain":0,"player_choice":"Donut","damage_taken":0,"max_hp_gain":5,"max_hp_loss":0,"event_name":"Big Fish","floor":3,"gold_loss":0},{"damage_healed":0,"gold_gain":75,"player_choice":"Gather Gold","damage_taken":11,"max_hp_gain":0,"max_hp_loss":0,"event_name":"World of Goop","floor":5,"gold_loss":0},{"damage_healed":0,"gold_gain":0,"player_choice":"Trade","damage_taken":0,"relics_obtained":["CultistMask"],"max_hp_gain":0,"max_hp_loss":0,"event_name":"FaceTrader","floor":12,"gold_loss":0}],"is_beta":false,"boss_relics":[],"items_purged_floors":[],"is_endless":false,"potions_floor_spawned":[1,2,6],"killed_by":"Exordium Thugs","ascension_level":8}