{"gold_per_floor":[117,134,59,59,59,59,71,71,71,21,21,40,40,60,60,158,158,172,172,191,98,98,98],"floor_reached":23,"playtime":680,"items_purged":["Strike_B"],"score":197,"play_id":"8b425085-6689-451f-aea7-8939bee81831","local_time":"20181212220013","is_ascension_mode":true,"campfire_choices":[{"data":"Zap","floor":6,"key":"SMITH"},{"data":"Beam Cell","floor":8,"key":"SMITH"},{"data":"Chaos","floor":13,"key":"SMITH"},{"data":"Defend_B","floor":15,"key":"SMITH"}],"neow_cost":"NONE","seed_source_timestamp":98212730818405,"circlet_count":0,"master_deck":["Strike_B","Defend_B+1","Defend_B+1","Defend_B","Defend_B","Zap+1","Dualcast+1","Rebound","Gash","Beam Cell+1","Chaos+1","Gash","Thunder Strike","Redo","Undo+1","Panacea"],"relics":["Cracked Core","Potion Belt","Kunai","War Paint","Velvet Choker","Pantograph"],"potions_floor_usage":[16,16],"damage_taken":[{"damage":0,"enemies":"Small Slimes","floor":1,"turns":2},{"damage":0,"enemies":"2 Louse","floor":2,"turns":2},{"damage":1,"enemies":"Cultist","floor":7,"turns":3},{"damage":3,"enemies":"3 Louse","floor":12,"turns":3},{"damage":3,"enemies":"Blue Slaver","floor":14,"turns":2},{"damage":23,"enemies":"Hexaghost","floor":16,"turns":7},{"damage":5,"enemies":"3 Byrds","floor":18,"turns":5},{"damage":14,"enemies":"Spheric Guardian","floor":20,"turns":4},{"damage":60,"enemies":"Gremlin Leader","floor":23,"turns":5}],"seed_played":"-363694218937446732","potions_obtained":[{"floor":2,"key":"EssenceOfSteel"},{"floor":7,"key":"EssenceOfSteel"},{"floor":11,"key":"Regen Potion"},{"floor":11,"key":"EssenceOfSteel"},{"floor":11,"key":"Dexterity Potion"},{"floor":16,"key":"Block Potion"}],"is_trial":false,"path_per_floor":["M","M","$","?","?","R","M","R","T","?","?","M","R","M","R","B",null,"M","?","M","$","?","E"],"character_chosen":"DEFECT","items_purchased":["Panacea"],"campfire_rested":0,"item_purchase_floors":[21],"current_hp_per_floor":[75,75,75,68,65,65,64,64,64,64,64,61,61,58,58,49,75,70,70,56,56,56,0],"gold":98,"neow_bonus":"RANDOM_COMMON_RELIC","is_prod":false,"is_daily":false,"chose_seed":false,"campfire_upgraded":4,"win_rate":0,"timestamp":1544680813,"path_taken":["M","M","$","?","?","R","M","R","T","?","?","M","R","?","R","BOSS","M","?","M","$","?","E"],"build_version":"2018-12-06","purchased_purges":1,"victory":false,"max_hp_per_floor":[75,75,75,75,75,75,75,75,75,75,75,75,75,75,75,75,75,75,75,75,75,75,75],"card_choices":[{"not_picked":["Stack","Conserve Battery"],"picked":"Rebound","floor":1},{"not_picked":["Compile Driver","Scrape"],"picked":"Gash","floor":2},{"not_picked":["Ball Lightning","Barrage"],"picked":"Beam Cell","floor":7},{"not_picked":["Hologram","Rebound"],"picked":"Chaos","floor":12},{"not_picked":["Compile Driver","Melter"],"picked":"Gash","floor":14},{"not_picked":["Hyperbeam","Biased Cognition"],"picked":"Thunder Strike","floor":16},{"not_picked":["Aggregate+1","Go for the Eyes"],"picked":"Redo","floor":18},{"not_picked":["Tempest","BootSequence+1"],"picked":"Undo+1","floor":20}],"player_experience":545616,"relics_obtained":[{"floor":9,"key":"War Paint"}],"event_choices":[{"cards_removed":["Strike_B"],"damage_healed":0,"gold_gain":0,"player_choice":"Card Removal","damage_taken":7,"max_hp_gain":0,"max_hp_loss":0,"event_name":"Golden Wing","floor":4,"gold_loss":0},{"damage_healed":0,"gold_gain":0,"player_choice":"Success","damage_taken":3,"relics_obtained":["Kunai"],"max_hp_gain":0,"max_hp_loss":0,"event_name":"Scrap Ooze","floor":5,"gold_loss":0},{"cards_removed":["Strike_B"],"damage_healed":0,"gold_gain":0,"player_choice":"Card Removal","damage_taken":0,"max_hp_gain":0,"max_hp_loss":0,"event_name":"The Cleric","floor":10,"gold_loss":50},{"damage_healed":0,"gold_gain":0,"player_choice":"Got Potions","damage_taken":0,"max_hp_gain":0,"max_hp_loss":0,"event_name":"Lab","floor":11,"gold_loss":0},{"damage_healed":0,"gold_gain":0,"player_choice":"Opened","damage_taken":0,"relics_obtained":["Pantograph"],"max_hp_gain":0,"max_hp_loss":0,"event_name":"The Mausoleum","floor":19,"gold_loss":0},{"damage_healed":0,"gold_gain":0,"player_choice":"Ignored","damage_taken":0,"max_hp_gain":0,"max_hp_loss":0,"event_name":"Ghosts","floor":22,"gold_loss":0}],"is_beta":false,"boss_relics":[{"not_picked":["Snecko Eye","Orrery"],"picked":"Velvet Choker"}],"items_purged_floors":[3],"is_endless":false,"potions_floor_spawned":[2,7,16],"killed_by":"Gremlin Leader","ascension_level":2}