{"gold_per_floor":[119,119,134,145,114,114,139,89,146,146,32,52,52,52,52,150,150,136,148,46,63,63],"floor_reached":22,"playtime":634,"items_purged":[],"score":248,"play_id":"c7fd1859-8de6-43f6-9b3b-39b3cdd62167","local_time":"20190507012620","is_ascension_mode":true,"campfire_choices":[{"data":"Hologram","floor":6,"key":"SMITH"},{"data":"Scrape","floor":13,"key":"SMITH"},{"floor":15,"key":"REST"}],"neow_cost":"NONE","seed_source_timestamp":870678295213356,"circlet_count":0,"master_deck":["Strike_B","Defend_B","Defend_B","Defend_B","Defend_B","Zap","Dualcast","Gash","Sweeping Beam","Hologram+1","Gash","Defragment","Scrape+1","Conserve Battery","Steam","Echo Form"],"relics":["Cracked Core","Pen Nib","Tiny Chest","Busted Crown"],"potions_floor_usage":[16,18,19,22,22],"damage_taken":[{"damage":3,"enemies":"2 Louse","floor":1,"turns":3},{"damage":1,"enemies":"Cultist","floor":3,"turns":3},{"damage":4,"enemies":"Jaw Worm","floor":4,"turns":4},{"damage":29,"enemies":"Gremlin Nob","floor":7,"turns":5},{"damage":4,"enemies":"Blue Slaver","floor":12,"turns":3},{"damage":45,"enemies":"Slime Boss","floor":16,"turns":8},{"damage":27,"enemies":"2 Thieves","floor":18,"turns":4},{"damage":6,"enemies":"Chosen","floor":19,"turns":3},{"damage":17,"enemies":"Snecko","floor":21,"turns":5},{"damage":14,"enemies":"Shelled Parasite and Fungi","floor":22,"turns":3}],"seed_played":"-5763253507024275255","potions_obtained":[{"floor":3,"key":"Energy Potion"},{"floor":4,"key":"Dexterity Potion"},{"floor":18,"key":"AttackPotion"}],"is_trial":false,"path_per_floor":["M","?","M","M","?","R","E","?","T","?","$","M","R","?","R","B",null,"M","M","$","M","M"],"character_chosen":"DEFECT","items_purchased":["Scrape","Conserve Battery","Dexterity Potion","PowerPotion"],"campfire_rested":1,"item_purchase_floors":[11,11,20,20],"current_hp_per_floor":[65,65,64,60,60,60,31,31,31,31,31,27,27,27,49,4,57,30,24,24,7,0],"gold":63,"neow_bonus":"THREE_CARDS","is_prod":false,"is_daily":false,"chose_seed":false,"campfire_upgraded":2,"win_rate":0,"timestamp":1557163580,"path_taken":["M","?","?","M","?","R","E","?","T","?","?","M","R","?","R","BOSS","M","?","?","M","?"],"build_version":"2019-01-23","purchased_purges":0,"victory":false,"max_hp_per_floor":[75,75,75,75,75,75,75,75,75,75,75,75,75,75,75,75,75,75,75,75,75,75],"card_choices":[{"not_picked":["Storm","Melter"],"picked":"Gash","floor":0},{"not_picked":["Compile Driver","Reinforced Body"],"picked":"Sweeping Beam","floor":1},{"not_picked":["Sweeping Beam","Consume"],"picked":"Hologram","floor":3},{"not_picked":["Turbo","Stack"],"picked":"Gash","floor":4},{"not_picked":["BootSequence","Blizzard"],"picked":"Defragment","floor":7},{"not_picked":["Blizzard","Skim"],"picked":"Steam","floor":12},{"not_picked":["Multi-Cast","Thunder Strike"],"picked":"Echo Form","floor":16},{"not_picked":["Sweeping Beam+1"],"picked":"SKIP","floor":18},{"not_picked":["Lockon"],"picked":"SKIP","floor":19},{"not_picked":["Aggregate"],"picked":"SKIP","floor":21}],"player_experience":866465,"relics_obtained":[{"floor":7,"key":"Pen Nib"},{"floor":9,"key":"Tiny Chest"}],"event_choices":[{"cards_removed":["Strike_B"],"damage_healed":0,"gold_gain":0,"player_choice":"Purged","damage_taken":0,"max_hp_gain":0,"max_hp_loss":0,"event_name":"Purifier","floor":2,"gold_loss":0},{"damage_healed":0,"gold_gain":0,"player_choice":"Left Gold","damage_taken":0,"max_hp_gain":0,"max_hp_loss":0,"event_name":"World of Goop","floor":5,"gold_loss":31},{"cards_removed":["Strike_B"],"damage_healed":0,"gold_gain":0,"player_choice":"Card Removal","damage_taken":0,"max_hp_gain":0,"max_hp_loss":0,"event_name":"The Cleric","floor":8,"gold_loss":50},{"damage_healed":0,"gold_gain":0,"player_choice":"Ignored","damage_taken":0,"max_hp_gain":0,"max_hp_loss":0,"event_name":"Shining Light","floor":10,"gold_loss":0},{"cards_removed":["Strike_B"],"damage_healed":0,"gold_gain":0,"player_choice":"Offered Basic","damage_taken":0,"max_hp_gain":0,"max_hp_loss":0,"event_name":"Bonfire Elementals","floor":14,"gold_loss":0}],"is_beta":false,"boss_relics":[{"not_picked":["Runic Pyramid","Lizard Tail"],"picked":"Busted Crown"}],"items_purged_floors":[],"is_endless":false,"potions_floor_spawned":[3,4,18],"killed_by":"Shelled Parasite and Fungi","ascension_level":7}