{"gold_per_floor":[110,60,60,60,73,93,93,103,103,103,121,136,136,149,149,245,245,263,112,130,61,81,81,96,130,130,130,130,146,146,146,146,146],"floor_reached":33,"playtime":1135,"items_purged":["Strike_B"],"score":350,"play_id":"95777201-0928-458f-8a32-f93e37f7ff39","local_time":"20190503145508","is_ascension_mode":true,"campfire_choices":[{"data":"Zap","floor":7,"key":"SMITH"},{"data":"Go for the Eyes","floor":10,"key":"SMITH"},{"data":"Stack","floor":15,"key":"SMITH"},{"floor":23,"key":"REST"},{"floor":28,"key":"REST"},{"data":"Recycle","floor":30,"key":"SMITH"},{"floor":32,"key":"REST"}],"neow_cost":"NONE","seed_source_timestamp":573099130469299,"circlet_count":0,"master_deck":["Strike_B+1","Defend_B+1","Defend_B+1","Defend_B+1","Defend_B+1","Zap+1","Dualcast","Ball Lightning","Go for the Eyes+1","Glacier","Sweeping Beam","Multi-Cast+1","Stack+1","Seek","Sunder+1","Darkness","Capacitor","Streamline+1","Recycle+1"],"relics":["Cracked Core","Letter Opener","Gremlin Horn","Nuclear Battery","Art of War","Molten Egg 2"],"potions_floor_usage":[16,25,25,33,33,33],"damage_taken":[{"damage":2,"enemies":"2 Louse","floor":1,"turns":3},{"damage":2,"enemies":"Jaw Worm","floor":5,"turns":3},{"damage":0,"enemies":"Cultist","floor":6,"turns":3},{"damage":3,"enemies":"3 Louse","floor":8,"turns":2},{"damage":9,"enemies":"Gremlin Gang","floor":11,"turns":4},{"damage":0,"enemies":"Blue Slaver","floor":12,"turns":3},{"damage":0,"enemies":"Looter","floor":14,"turns":3},{"damage":35,"enemies":"Slime Boss","floor":16,"turns":13},{"damage":1,"enemies":"3 Byrds","floor":18,"turns":4},{"damage":5,"enemies":"Shell Parasite","floor":20,"turns":4},{"damage":26,"enemies":"Snake Plant","floor":22,"turns":3},{"damage":5,"enemies":"Centurion and Healer","floor":24,"turns":5},{"damage":30,"enemies":"Slavers","floor":25,"turns":5},{"damage":17,"enemies":"Cultist and Chosen","floor":29,"turns":6},{"damage":66,"enemies":"Automaton","floor":33,"turns":8}],"seed_played":"-901188260339077259","potions_obtained":[{"floor":6,"key":"Poison Potion"},{"floor":8,"key":"FearPotion"},{"floor":18,"key":"Weak Potion"},{"floor":25,"key":"SpeedPotion"},{"floor":31,"key":"Fruit Juice"},{"floor":31,"key":"AttackPotion"}],"is_trial":false,"path_per_floor":["M","?","?","?","M","M","R","M","T","R","M","M","?","M","R","B",null,"M","$","M","$","M","R","M","E","T","?","R","M","R","?","R","B"],"character_chosen":"DEFECT","items_purchased":["Regen Potion","Capacitor"],"campfire_rested":3,"item_purchase_floors":[19,21],"current_hp_per_floor":[66,66,66,59,57,57,57,54,54,54,45,45,45,45,45,10,59,58,58,53,53,27,49,44,26,26,26,48,31,31,31,53,0],"gold":146,"neow_bonus":"REMOVE_CARD","is_prod":false,"is_daily":false,"chose_seed":false,"campfire_upgraded":4,"win_rate":0,"timestamp":1556866508,"path_taken":["M","?","?","?","M","M","R","M","T","R","M","M","?","M","R","BOSS","M","$","M","$","M","R","M","E","T","?","R","M","R","?","R","BOSS"],"build_version":"2019-01-23","purchased_purges":1,"victory":false,"max_hp_per_floor":[75,75,75,75,75,75,75,75,75,75,75,75,75,75,75,75,75,75,75,75,75,75,75,75,75,75,75,75,75,75,75,75,80],"card_choices":[{"not_picked":["Lockon","Go for the Eyes"],"picked":"Ball Lightning","floor":1},{"not_picked":["Stack","Creative AI"],"picked":"Go for the Eyes","floor":5},{"not_picked":["Cold Snap","Compile Driver","Streamline"],"picked":"SKIP","floor":6},{"not_picked":["Auto Shields","Turbo"],"picked":"Glacier","floor":8},{"not_picked":["Steam","FTL"],"picked":"Sweeping Beam","floor":11},{"not_picked":["Barrage","Sweeping Beam"],"picked":"Multi-Cast","floor":12},{"not_picked":["Ball Lightning","Sweeping Beam"],"picked":"Stack","floor":14},{"not_picked":["Hyperbeam","Fission"],"picked":"Seek","floor":16},{"not_picked":["Cold Snap","Compile Driver"],"picked":"Sunder+1","floor":18},{"not_picked":["Ball Lightning+1","Static Discharge"],"picked":"Darkness","floor":20},{"not_picked":["Consume","Barrage"],"picked":"Streamline+1","floor":22},{"not_picked":["Go for the Eyes","Glacier","Cold Snap+1"],"picked":"SKIP","floor":24},{"not_picked":["Tempest+1","Loop+1"],"picked":"Recycle","floor":25},{"not_picked":["Beam Cell+1","Sunder+1","Stack"],"picked":"SKIP","floor":29}],"player_experience":848509,"relics_obtained":[{"floor":9,"key":"Gremlin Horn"},{"floor":25,"key":"Art of War"},{"floor":26,"key":"Molten Egg 2"}],"event_choices":[{"cards_removed":["Strike_B"],"damage_healed":0,"gold_gain":0,"player_choice":"Card Removal","damage_taken":0,"max_hp_gain":0,"max_hp_loss":0,"event_name":"The Cleric","floor":2,"gold_loss":50},{"damage_healed":0,"gold_gain":0,"player_choice":"Ignored","damage_taken":0,"max_hp_gain":0,"max_hp_loss":0,"event_name":"Liars Game","floor":3,"gold_loss":0},{"damage_healed":0,"gold_gain":0,"player_choice":"Success","damage_taken":7,"relics_obtained":["Letter Opener"],"max_hp_gain":0,"max_hp_loss":0,"event_name":"Scrap Ooze","floor":4,"gold_loss":0},{"damage_healed":0,"gold_gain":0,"player_choice":"Forge","damage_taken":0,"max_hp_gain":0,"max_hp_loss":0,"event_name":"Accursed Blacksmith","floor":13,"gold_loss":0,"cards_upgraded":["Multi-Cast"]},{"damage_healed":0,"gold_gain":0,"player_choice":"Simplicity","damage_taken":0,"max_hp_gain":0,"max_hp_loss":0,"event_name":"Back to Basics","floor":27,"gold_loss":0,"cards_upgraded":["Strike_B","Defend_B","Defend_B","Defend_B","Defend_B"]},{"damage_healed":0,"gold_gain":0,"player_choice":"Got Potions","damage_taken":0,"max_hp_gain":0,"max_hp_loss":0,"event_name":"Lab","floor":31,"gold_loss":0}],"is_beta":false,"boss_relics":[{"not_picked":["Runic Pyramid","Astrolabe"],"picked":"Nuclear Battery"}],"items_purged_floors":[19],"is_endless":false,"potions_floor_spawned":[6,8,18,20,25],"killed_by":"Automaton","ascension_level":7}