{"gold_per_floor":[114,114,114,132,143,143,160,160,160,175,221,236,144,156,156,254,254,266,286,301,0,16,16,115,115,115,115,134,144,158,176,176,176],"floor_reached":33,"playtime":1495,"items_purged":[],"score":245,"play_id":"1816774e-14f1-4519-b0dd-400460cfdfb7","local_time":"20181026134805","is_ascension_mode":false,"campfire_choices":[{"data":"FTL","floor":6,"key":"SMITH"},{"data":"Gash","floor":8,"key":"SMITH"},{"data":"Madness","floor":15,"key":"SMITH"},{"floor":23,"key":"REST"},{"floor":25,"key":"REST"},{"floor":32,"key":"REST"}],"neow_cost":"NONE","seed_source_timestamp":271871133579924,"circlet_count":0,"master_deck":["Strike_B","Strike_B","Strike_B","Strike_B","Defend_B","Defend_B","Defend_B","Defend_B","Zap","Dualcast","Sweeping Beam+1","FTL+1","Rebound","Gash+1","Core Surge","Doom and Gloom","Madness+1","Capacitor","Electrodynamics","Rebound","Hologram","Rebound+1","Coolheaded","Echo Form","Go for the Eyes+1","Gash+1"],"relics":["Cracked Core","Centennial Puzzle","Ginger","Omamori","Nuclear Battery","Vajra","Strawberry","Dodecahedron"],"potions_floor_usage":[16,20,20,30,31,33,33],"damage_taken":[{"damage":2,"enemies":"2 Louse","floor":1,"turns":2},{"damage":1,"enemies":"Jaw Worm","floor":4,"turns":3},{"damage":1,"enemies":"Cultist","floor":5,"turns":3},{"damage":1,"enemies":"Exordium Thugs","floor":7,"turns":3},{"damage":1,"enemies":"2 Fungi Beasts","floor":10,"turns":2},{"damage":5,"enemies":"Looter","floor":12,"turns":2},{"damage":1,"enemies":"Exordium Wildlife","floor":14,"turns":2},{"damage":10,"enemies":"Slime Boss","floor":16,"turns":7},{"damage":15,"enemies":"Spheric Guardian","floor":18,"turns":4},{"damage":10,"enemies":"3 Byrds","floor":19,"turns":2},{"damage":17,"enemies":"Centurion and Healer","floor":20,"turns":4},{"damage":5,"enemies":"Cultist and Chosen","floor":22,"turns":4},{"damage":3,"enemies":"Chosen and Byrds","floor":28,"turns":4},{"damage":29,"enemies":"Snake Plant","floor":29,"turns":4},{"damage":33,"enemies":"Shelled Parasite and Fungi","floor":30,"turns":5},{"damage":6,"enemies":"3 Cultists","floor":31,"turns":5},{"damage":48,"enemies":"Champ","floor":33,"turns":9}],"seed_played":"7656517276281567089","potions_obtained":[{"floor":4,"key":"Energy Potion"},{"floor":5,"key":"Poison Potion"},{"floor":12,"key":"PowerPotion"},{"floor":19,"key":"Ancient Potion"},{"floor":22,"key":"SkillPotion"},{"floor":27,"key":"LiquidBronze"},{"floor":27,"key":"Regen Potion"},{"floor":30,"key":"SkillPotion"}],"is_trial":false,"path_per_floor":["M","$","?","M","M","R","M","R","T","M","T","M","$","M","R","B",null,"M","M","M","$","M","R","?","R","T","?","M","M","M","M","R"],"character_chosen":"DEFECT","items_purchased":["Madness","Vajra","Strawberry"],"campfire_rested":3,"item_purchase_floors":[13,21,21],"current_hp_per_floor":[73,73,73,72,71,71,70,70,70,69,69,64,64,63,63,53,75,60,50,33,40,35,59,59,82,82,82,79,50,22,16,40,0],"gold":176,"neow_bonus":"RANDOM_COMMON_RELIC","is_prod":false,"is_daily":false,"chose_seed":false,"campfire_upgraded":3,"win_rate":0,"timestamp":1540532885,"path_taken":["M","$","?","M","M","R","M","R","T","?","?","M","$","M","R","BOSS","M","M","M","$","M","R","?","R","T","?","M","?","M","M","R","BOSS"],"build_version":"2018-10-25","purchased_purges":0,"victory":false,"max_hp_per_floor":[75,75,75,75,75,75,75,75,75,75,75,75,75,75,75,75,75,75,75,75,82,82,82,82,82,82,82,82,82,82,82,82,82],"card_choices":[{"not_picked":["Rebound","Streamline"],"picked":"Sweeping Beam","floor":1},{"not_picked":["Coolheaded","Beam Cell"],"picked":"FTL","floor":4},{"not_picked":["Steam","Sweeping Beam"],"picked":"Rebound","floor":5},{"not_picked":["Ball Lightning","Turbo"],"picked":"Gash","floor":7},{"not_picked":["Streamline","Ball Lightning"],"picked":"Core Surge","floor":10},{"not_picked":["Heatsinks","Turbo"],"picked":"Doom and Gloom","floor":12},{"not_picked":["Hologram","Steam"],"picked":"Capacitor","floor":14},{"not_picked":["Biased Cognition","Buffer"],"picked":"Electrodynamics","floor":16},{"not_picked":["Scrape","Go for the Eyes"],"picked":"Rebound","floor":18},{"not_picked":["Static Discharge","Cold Snap+1"],"picked":"Hologram","floor":19},{"not_picked":["Chaos","Compile Driver"],"picked":"Rebound+1","floor":20},{"not_picked":["Ball Lightning","Sweeping Beam"],"picked":"Coolheaded","floor":22},{"not_picked":["Streamline+1","Barrage","Steam"],"picked":"SKIP","floor":28},{"not_picked":["Compile Driver+1","Turbo"],"picked":"Echo Form","floor":29},{"not_picked":["Barrage","Leap"],"picked":"Go for the Eyes+1","floor":30},{"not_picked":["BootSequence","FTL+1"],"picked":"Gash+1","floor":31}],"player_experience":395457,"relics_obtained":[{"floor":9,"key":"Ginger"},{"floor":11,"key":"Omamori"},{"floor":26,"key":"Dodecahedron"}],"event_choices":[{"damage_healed":0,"gold_gain":0,"player_choice":"Grow","damage_taken":0,"max_hp_gain":0,"max_hp_loss":0,"event_name":"Living Wall","floor":3,"gold_loss":0,"cards_upgraded":["Sweeping Beam"]},{"damage_healed":0,"gold_gain":99,"player_choice":"Stole From Cult","damage_taken":0,"max_hp_gain":0,"max_hp_loss":0,"event_name":"Nest","floor":24,"gold_loss":0},{"damage_healed":0,"gold_gain":0,"player_choice":"Got Potions","damage_taken":0,"max_hp_gain":0,"max_hp_loss":0,"event_name":"The Lab","floor":27,"gold_loss":0}],"is_beta":false,"boss_relics":[{"not_picked":["Coffee Dripper","Runic Pyramid"],"picked":"Nuclear Battery"}],"items_purged_floors":[],"is_endless":false,"potions_floor_spawned":[4,5,12,19,22,28,30],"killed_by":"Champ","ascension_level":0}