{"gold_per_floor":[112,112,112,112,112,112,142,142,166,189,213,257,283,321,333,441,453,484,546,577,322,144,144,176,176,176,176,176],"floor_reached":28,"playtime":1579,"items_purged":["Strike_B","Defend_B"],"score":391,"play_id":"2e519b37-fa5c-46f0-9ffc-b62dbe97bddc","local_time":"20190317112339","is_ascension_mode":true,"campfire_choices":[{"floor":6,"key":"REST"},{"floor":8,"key":"REST"},{"floor":15,"key":"REST"},{"data":"Rainbow","floor":23,"key":"SMITH"},{"data":"Go for the Eyes","floor":25,"key":"SMITH"}],"neow_cost":"NONE","seed_source_timestamp":133425254131953,"circlet_count":0,"master_deck":["AscendersBane","Strike_B","Defend_B+1","Defend_B","Defend_B","Zap","Dualcast+1","Go for the Eyes+1","FTL","Hologram","Consume","Self Repair","White Noise","Static Discharge","Turbo","Rainbow+1","Cold Snap","Core Surge","Reinforced Body","White Noise","FTL","Compile Driver","Gash","Zap","Defragment"],"relics":["Cracked Core","StoneCalendar","Dream Catcher","MawBank","Question Card","WingedGreaves","Velvet Choker","Lee\u0027s Waffle","Potion Belt"],"potions_floor_usage":[12,14,20,28,28],"damage_taken":[{"damage":0,"enemies":"Small Slimes","floor":1,"turns":2},{"damage":48,"enemies":"Gremlin Nob","floor":7,"turns":5},{"damage":1,"enemies":"Jaw Worm","floor":10,"turns":2},{"damage":0,"enemies":"Cultist","floor":11,"turns":3},{"damage":27,"enemies":"Lagavulin","floor":12,"turns":6},{"damage":1,"enemies":"Blue Slaver","floor":13,"turns":4},{"damage":24,"enemies":"3 Sentries","floor":14,"turns":6},{"damage":16,"enemies":"The Guardian","floor":16,"turns":7},{"damage":17,"enemies":"3 Byrds","floor":18,"turns":3},{"damage":6,"enemies":"Chosen","floor":20,"turns":5},{"damage":39,"enemies":"Book of Stabbing","floor":24,"turns":6},{"damage":64,"enemies":"Slavers","floor":28,"turns":4}],"seed_played":"-2723898972575140204","potions_obtained":[{"floor":7,"key":"Energy Potion"},{"floor":11,"key":"Poison Potion"},{"floor":12,"key":"Block Potion"},{"floor":18,"key":"FocusPotion"},{"floor":24,"key":"Block Potion"}],"is_trial":false,"path_per_floor":["M","?","?","?","?","R","E","R","T","M","M","E","M","E","R","B",null,"M","?","M","$","$","R","E","R","T","?","E"],"character_chosen":"DEFECT","items_purchased":["Lee\u0027s Waffle","FTL"],"campfire_rested":3,"item_purchase_floors":[21,22],"current_hp_per_floor":[75,57,41,41,34,58,10,34,34,33,40,20,26,9,33,24,68,58,58,59,89,89,89,57,57,57,57,0],"gold":176,"neow_bonus":"TEN_PERCENT_HP_BONUS","is_prod":false,"is_daily":false,"chose_seed":false,"campfire_upgraded":2,"win_rate":0,"timestamp":1552836219,"path_taken":["M","?","?","?","?","R","E","R","T","M","M","E","M","E","R","BOSS","M","?","?","$","$","R","E","R","T","?","E"],"build_version":"2019-01-23","purchased_purges":2,"victory":false,"max_hp_per_floor":[82,82,82,82,82,82,82,82,82,82,82,82,82,82,82,82,82,82,82,82,89,89,89,89,89,89,89,89],"card_choices":[{"not_picked":["Steam","Redo"],"picked":"Go for the Eyes","floor":1},{"not_picked":["Chaos","Sweeping Beam"],"picked":"Hologram","floor":7},{"not_picked":["Melter","Auto Shields"],"picked":"Consume","floor":8},{"not_picked":["Scrape","Storm"],"picked":"Self Repair","floor":10},{"not_picked":["Loop","Hologram"],"picked":"White Noise","floor":11},{"not_picked":["Force Field","Aggregate"],"picked":"Static Discharge","floor":12},{"not_picked":["Force Field","Beam Cell","Stack"],"picked":"Turbo","floor":13},{"not_picked":["Leap","Go for the Eyes","Sweeping Beam"],"picked":"Rainbow","floor":14},{"not_picked":["Redo","Loop","Storm"],"picked":"Cold Snap","floor":15},{"not_picked":["Multi-Cast","Reboot","Buffer"],"picked":"Core Surge","floor":16},{"not_picked":["Beam Cell","Conserve Battery","Ball Lightning"],"picked":"Reinforced Body","floor":18},{"not_picked":["Leap","Turbo","Melter"],"picked":"White Noise","floor":20},{"not_picked":["Consume","Turbo+1","Skim+1"],"picked":"Compile Driver","floor":24}],"player_experience":1097283,"relics_obtained":[{"floor":7,"key":"Dream Catcher"},{"floor":9,"key":"MawBank"},{"floor":12,"key":"Question Card"},{"floor":14,"key":"WingedGreaves"},{"floor":24,"key":"Potion Belt"}],"event_choices":[{"damage_healed":0,"gold_gain":0,"player_choice":"Success","damage_taken":18,"relics_obtained":["StoneCalendar"],"max_hp_gain":0,"max_hp_loss":0,"event_name":"Scrap Ooze","floor":2,"gold_loss":0},{"damage_healed":0,"gold_gain":0,"player_choice":"Entered Light","damage_taken":16,"max_hp_gain":0,"max_hp_loss":0,"event_name":"Shining Light","floor":3,"gold_loss":0,"cards_upgraded":["Dualcast","Defend_B"]},{"damage_healed":0,"gold_gain":0,"cards_transformed":["Strike_B"],"player_choice":"Change","damage_taken":0,"max_hp_gain":0,"max_hp_loss":0,"event_name":"Living Wall","floor":4,"gold_loss":0,"cards_obtained":["FTL"]},{"cards_removed":["Strike_B"],"damage_healed":0,"gold_gain":0,"player_choice":"Card Removal","damage_taken":7,"max_hp_gain":0,"max_hp_loss":0,"event_name":"Golden Wing","floor":5,"gold_loss":0},{"damage_healed":0,"gold_gain":100,"player_choice":"Bet on Murderer","damage_taken":0,"max_hp_gain":0,"max_hp_loss":0,"event_name":"The Joust","floor":19,"gold_loss":50},{"damage_healed":0,"gold_gain":0,"player_choice":"3 cards matched","damage_taken":0,"max_hp_gain":0,"max_hp_loss":0,"event_name":"Match and Keep!","floor":27,"gold_loss":0,"cards_obtained":["Gash","Zap","Defragment"]}],"is_beta":false,"boss_relics":[{"not_picked":["Calling Bell","Ectoplasm"],"picked":"Velvet Choker"}],"items_purged_floors":[21,22],"is_endless":false,"potions_floor_spawned":[7,11,12,18,24],"killed_by":"Slavers","ascension_level":11}