{"gold_per_floor":[113,113,131,144,2,2,36,55,101,148,260,290,318,344,356,471,483,514,134,134,134,2,35,51,51,131,131,150,179,194,194,194,292,292,306,306,324,27,127,137,137,154,154,169,169,180,180,199,199,199],"floor_reached":51,"playtime":7150,"items_purged":[],"score":756,"play_id":"445fd221-2a46-4115-a60a-578675f0c36b","local_time":"20190506161048","is_ascension_mode":false,"campfire_choices":[{"data":"Fusion","floor":6.0,"key":"SMITH"},{"floor":15.0,"key":"REST"},{"floor":25,"key":"REST"},{"data":"Fission","floor":27,"key":"SMITH"},{"data":"Ghostly","floor":32,"key":"SMITH"},{"data":"Ghostly","floor":41,"key":"SMITH"},{"data":"Ghostly","floor":45,"key":"SMITH"},{"data":"Ghostly","floor":49,"key":"SMITH"}],"neow_cost":"NONE","seed_source_timestamp":0,"circlet_count":0,"master_deck":["Strike_B","Strike_B","Strike_B","Strike_B","Defend_B","Defend_B","Defend_B","Defend_B","Dualcast","Gash","Fusion+1","FTL","Cold Snap","Storm","Ball Lightning","Melter","Hello World","Compile Driver","Conserve Battery","Beam Cell","Loop","Fission+1","Aggregate","Ghostly+1","Ghostly+1","Ghostly+1","Ghostly","Ghostly+1","Gash","Static Discharge","Ball Lightning","Static Discharge","Coolheaded","Gash","FTL","RitualDagger","All For One","Gash+1","Ghostly+1","Stack+1","Beam Cell+1","Go for the Eyes+1","Melter+1","Storm+1","BootSequence+1","Steam Power+1","BootSequence","Coolheaded+1"],"special_seed":0,"relics":["Cracked Core","NeowsBlessing","Oddly Smooth Stone","Regal Pillow","MawBank","Strawberry","Runic Pyramid","Bottled Flame","Centennial Puzzle","MutagenicStrength","Pantograph","Bottled Lightning","Red Mask","Philosopher\u0027s Stone","Molten Egg 2","Nunchaku","Meat on the Bone"],"potions_floor_usage":[33,33,33,39,50,50],"damage_taken":[{"damage":0.0,"enemies":"Cultist","floor":1.0,"turns":1.0},{"damage":0.0,"enemies":"Jaw Worm","floor":3.0,"turns":1.0},{"damage":0.0,"enemies":"Small Slimes","floor":4.0,"turns":1.0},{"damage":25.0,"enemies":"Lagavulin","floor":7.0,"turns":6.0},{"damage":4.0,"enemies":"Blue Slaver","floor":8.0,"turns":3.0},{"damage":26.0,"enemies":"Gremlin Nob","floor":10.0,"turns":4.0},{"damage":12.0,"enemies":"Gremlin Gang","floor":12.0,"turns":3.0},{"damage":0.0,"enemies":"3 Louse","floor":13.0,"turns":4.0},{"damage":3.0,"enemies":"2 Fungi Beasts","floor":14.0,"turns":3.0},{"damage":9.0,"enemies":"Slime Boss","floor":16.0,"turns":6.0},{"damage":4.0,"enemies":"Chosen","floor":18.0,"turns":4.0},{"damage":20.0,"enemies":"Book of Stabbing","floor":23.0,"turns":6.0},{"damage":1.0,"enemies":"Shell Parasite","floor":24.0,"turns":5.0},{"damage":2,"enemies":"Sentry and Sphere","floor":28,"turns":3},{"damage":2,"enemies":"Masked Bandits","floor":29,"turns":6},{"damage":2,"enemies":"Centurion and Healer","floor":30,"turns":6},{"damage":40,"enemies":"Collector","floor":33,"turns":10},{"damage":6,"enemies":"Orb Walker","floor":35,"turns":4},{"damage":3,"enemies":"3 Shapes","floor":37,"turns":2},{"damage":4,"enemies":"Mind Bloom Boss Battle","floor":39,"turns":8},{"damage":0,"enemies":"Transient","floor":40,"turns":5},{"damage":1,"enemies":"Sphere and 2 Shapes","floor":42,"turns":6},{"damage":0,"enemies":"Writhing Mass","floor":44,"turns":6},{"damage":2,"enemies":"Spire Growth","floor":46,"turns":6},{"damage":5,"enemies":"Sphere and 2 Shapes","floor":48,"turns":4},{"damage":29,"enemies":"Awakened One","floor":50,"turns":14}],"seed_played":"2395208579395797197","potions_obtained":[{"floor":3.0,"key":"Explosive Potion"},{"floor":10.0,"key":"Fire Potion"},{"floor":13.0,"key":"SkillPotion"},{"floor":14.0,"key":"Poison Potion"},{"floor":28,"key":"SkillPotion"},{"floor":29,"key":"SteroidPotion"},{"floor":30,"key":"Block Potion"},{"floor":33,"key":"Strength Potion"},{"floor":35,"key":"GamblersBrew"},{"floor":37,"key":"Poison Potion"},{"floor":46,"key":"EssenceOfSteel"}],"is_trial":false,"path_per_floor":["M","T","M","M","$","R","E","M","T","E","?","M","M","M","R","B",null,"M","$","?","?","$","E","M","R","T","R","M","?","M","?","R","B",null,"M","?","M","$","?","M","R","M","T","M","R","M","?","M","R","B",null],"character_chosen":"DEFECT","items_purchased":["Cold Snap","Storm","Ball Lightning","Bottled Flame","Centennial Puzzle","Gash","Static Discharge","Molten Egg 2","Beam Cell+1"],"campfire_rested":2,"item_purchase_floors":[5,5,5,19,19,22,22,38,38],"current_hp_per_floor":[75,75,75,75,75,75,50,46,46,27,27,15,15,12,51,42,82,78,78,41,41,41,21,20,41,41,41,39,37,35,29,29,1,41,35,35,32,32,37,37,37,36,36,36,36,34,34,29,29,24],"gold":199,"neow_bonus":"THREE_ENEMY_KILL","is_prod":false,"is_daily":false,"chose_seed":false,"campfire_upgraded":6,"win_rate":0.0,"timestamp":1557151848,"path_taken":["M","?","?","M","?","R","E","?","T","E","?","M","M","?","R","BOSS","M","$","?","?","?","E","?","R","T","R","M","?","M","?","R","BOSS","M","?","?","$","?","M","R","M","T","M","R","M","?","M","R","BOSS"],"build_version":"2019-01-23","purchased_purges":0,"victory":true,"max_hp_per_floor":[75,75,75,75,75,75,75,75,75,82,82,82,82,82,82,82,82,82,82,41,41,41,41,41,41,41,41,41,41,41,41,41,41,41,41,41,41,41,41,41,41,41,41,41,41,41,41,41,41,41],"card_choices":[{"not_picked":["Ball Lightning","Go for the Eyes"],"picked":"Gash","floor":1.0},{"not_picked":["Streamline","Sweeping Beam"],"picked":"Fusion","floor":3.0},{"not_picked":["Chill","Heatsinks"],"picked":"FTL","floor":4.0},{"not_picked":["Heatsinks","Go for the Eyes"],"picked":"Melter","floor":7.0},{"not_picked":["Ball Lightning","Conserve Battery"],"picked":"Hello World","floor":8.0},{"not_picked":["Stack","Seek"],"picked":"Compile Driver","floor":10.0},{"not_picked":["Coolheaded","Leap"],"picked":"Conserve Battery","floor":12.0},{"not_picked":["Redo","Hologram"],"picked":"Beam Cell","floor":13.0},{"not_picked":["Genetic Algorithm","Streamline"],"picked":"Loop","floor":14.0},{"not_picked":["Reboot","Creative AI"],"picked":"Fission","floor":16.0},{"not_picked":["Leap+1","Storm"],"picked":"Aggregate","floor":18.0},{"not_picked":["Leap","Sweeping Beam"],"picked":"Ball Lightning","floor":23.0},{"not_picked":["Creative AI","Stack"],"picked":"Static Discharge","floor":24},{"not_picked":["Blizzard","Ball Lightning"],"picked":"Coolheaded","floor":28},{"not_picked":["Compile Driver","Tempest"],"picked":"Gash","floor":29},{"not_picked":["Conserve Battery","White Noise"],"picked":"FTL","floor":30},{"not_picked":["Seek","Biased Cognition"],"picked":"All For One","floor":33},{"not_picked":["Capacitor","Steam Power"],"picked":"Gash+1","floor":35},{"not_picked":["Sweeping Beam","Melter"],"picked":"Stack+1","floor":37},{"not_picked":["Tempest","Conserve Battery"],"picked":"Go for the Eyes+1","floor":39},{"not_picked":["Go for the Eyes+1","Streamline+1"],"picked":"Melter+1","floor":40},{"not_picked":["Auto Shields","Sweeping Beam+1"],"picked":"Storm+1","floor":42},{"not_picked":["Redo","Skim"],"picked":"BootSequence+1","floor":44},{"not_picked":["Hello World","Stack"],"picked":"Steam Power+1","floor":46},{"not_picked":["Storm+1","Redo+1"],"picked":"Coolheaded+1","floor":48}],"player_experience":36951,"relics_obtained":[{"floor":2.0,"key":"Oddly Smooth Stone"},{"floor":7.0,"key":"Regal Pillow"},{"floor":9.0,"key":"MawBank"},{"floor":10.0,"key":"Strawberry"},{"floor":23.0,"key":"Pantograph"},{"floor":26,"key":"Bottled Lightning"},{"floor":29,"key":"Red Mask"},{"floor":39,"key":"Nunchaku"},{"floor":43,"key":"Meat on the Bone"}],"event_choices":[{"damage_healed":0.0,"max_hp_gain":0.0,"max_hp_loss":0.0,"gold_gain":100.0,"event_name":"Golden Shrine","player_choice":"Pray","floor":11.0,"gold_loss":0.0,"damage_taken":0.0},{"damage_healed":0.0,"max_hp_gain":0.0,"max_hp_loss":41.0,"gold_gain":0.0,"event_name":"Ghosts","player_choice":"Became a Ghost","floor":20.0,"gold_loss":0.0,"damage_taken":0.0,"cards_obtained":["Ghostly","Ghostly","Ghostly","Ghostly","Ghostly"]},{"damage_healed":0.0,"max_hp_gain":0.0,"max_hp_loss":0.0,"gold_gain":0.0,"event_name":"Drug Dealer","player_choice":"Inject Mutagens","floor":21.0,"gold_loss":0.0,"damage_taken":0.0,"relics_obtained":["MutagenicStrength"]},{"damage_healed":0,"gold_gain":0,"player_choice":"Fought Bandits","damage_taken":0,"max_hp_gain":0,"max_hp_loss":0,"event_name":"Masked Bandits","floor":29,"gold_loss":0},{"damage_healed":0,"gold_gain":0,"player_choice":"Joined the Cult","damage_taken":6,"max_hp_gain":0,"max_hp_loss":0,"event_name":"Nest","floor":31,"gold_loss":0,"cards_obtained":["RitualDagger"]},{"damage_healed":0,"gold_gain":0,"player_choice":"Copied","damage_taken":0,"max_hp_gain":0,"max_hp_loss":0,"event_name":"Duplicator","floor":36,"gold_loss":0,"cards_obtained":["Ghostly"]},{"damage_healed":0,"gold_gain":0,"player_choice":"Fight","damage_taken":0,"max_hp_gain":0,"max_hp_loss":0,"event_name":"MindBloom","floor":39,"gold_loss":0},{"damage_healed":0,"gold_gain":0,"cards_transformed":["Zap"],"player_choice":"Transformed","damage_taken":0,"max_hp_gain":0,"max_hp_loss":0,"event_name":"Transmorgrifier","floor":47,"gold_loss":0,"cards_obtained":["BootSequence"]}],"is_beta":false,"boss_relics":[{"not_picked":["Orrery","Empty Cage"],"picked":"Runic Pyramid"},{"not_picked":["Coffee Dripper","Lizard Tail"],"picked":"Philosopher\u0027s Stone"}],"items_purged_floors":[],"is_endless":false,"potions_floor_spawned":[3,10,13,14,28,29,30,33,35,37,46,48],"ascension_level":0}