{"gold_per_floor":[109,184,37,37,212,244,262,274,274,22,33,50,66,80,80,184,184,201,216,141,156,170,204,222,222,268,268,296,57,24,41,41,139,139,158,175,275,275,275,275,301,312,339,339,364,379,379,135,135,135,135,135,54,80,80],"floor_reached":56,"playtime":3614,"items_purged":["Doubt"],"score":1299,"play_id":"a6862ddf-582b-4f70-aaf3-621caa47360b","local_time":"20190602211321","is_ascension_mode":false,"campfire_choices":[{"floor":15.0,"key":"REST"},{"data":"Footwork","floor":25.0,"key":"SMITH"},{"floor":32.0,"key":"REST"},{"data":"Bouncing Flask","floor":40.0,"key":"SMITH"},{"floor":44.0,"key":"RECALL"},{"data":"Caltrops","floor":47.0,"key":"SMITH"},{"data":"Dash","floor":49.0,"key":"SMITH"},{"data":"Dash","floor":52.0,"key":"SMITH"}],"neow_cost":"NONE","seed_source_timestamp":0,"circlet_count":0,"master_deck":["Survivor","Neutralize","Bouncing Flask+1","Backstab","Caltrops+1","Footwork+1","Escape Plan+1","Adrenaline+1","Dash+1","Malaise+1","Dagger Spray","Sucker Punch","After Image","Night Terror+1","Skewer","Corpse Explosion+1","Distraction+1","PiercingWail+1","A Thousand Cuts+1","Bullet Time+1","Riddle With Holes+1","Backflip+1","Bouncing Flask+1","Backstab+1","Bullet Time+1","Cloak And Dagger+1","Terror+1","Discovery+1","Well Laid Plans+1","Noxious Fumes+1","Predator+1","Dash+1","Outmaneuver+1","Footwork","Concentrate+1"],"special_seed":0,"relics":["Ring of the Serpent","Snake Skull","Singing Bowl","Toxic Egg 2","Pantograph","Pandora\u0027s Box","Bag of Marbles","Art of War","Calipers","Shuriken","Prayer Wheel","Ancient Tea Set","Bronze Scales","Sundial","Mummified Hand"],"potions_floor_usage":[],"damage_taken":[{"damage":2.0,"enemies":"Jaw Worm","floor":1.0,"turns":7.0},{"damage":12.0,"enemies":"3 Sentries","floor":6.0,"turns":8.0},{"damage":0.0,"enemies":"2 Louse","floor":7.0,"turns":1.0},{"damage":0.0,"enemies":"Cultist","floor":8.0,"turns":3.0},{"damage":0.0,"enemies":"Lots of Slimes","floor":11.0,"turns":5.0},{"damage":3.0,"enemies":"Large Slime","floor":12.0,"turns":5.0},{"damage":5.0,"enemies":"Exordium Thugs","floor":13.0,"turns":5.0},{"damage":14.0,"enemies":"Exordium Wildlife","floor":14.0,"turns":5.0},{"damage":23.0,"enemies":"The Guardian","floor":16.0,"turns":9.0},{"damage":0.0,"enemies":"3 Byrds","floor":18.0,"turns":2.0},{"damage":18.0,"enemies":"Shell Parasite","floor":19.0,"turns":6.0},{"damage":5.0,"enemies":"Centurion and Healer","floor":21.0,"turns":5.0},{"damage":0.0,"enemies":"Cultist and Chosen","floor":22.0,"turns":4.0},{"damage":16.0,"enemies":"Gremlin Leader","floor":23.0,"turns":6.0},{"damage":0.0,"enemies":"Snake Plant","floor":24.0,"turns":4.0},{"damage":12.0,"enemies":"Book of Stabbing","floor":28.0,"turns":5.0},{"damage":0.0,"enemies":"Chosen and Byrds","floor":31.0,"turns":4.0},{"damage":32.0,"enemies":"Champ","floor":33.0,"turns":10.0},{"damage":1.0,"enemies":"Orb Walker","floor":35.0,"turns":3.0},{"damage":0.0,"enemies":"3 Shapes","floor":36.0,"turns":1.0},{"damage":6.0,"enemies":"Mind Bloom Boss Battle","floor":37.0,"turns":5.0},{"damage":27.0,"enemies":"Reptomancer","floor":41.0,"turns":6.0},{"damage":0.0,"enemies":"Transient","floor":42.0,"turns":5.0},{"damage":6.0,"enemies":"Giant Head","floor":45.0,"turns":8.0},{"damage":0.0,"enemies":"4 Shapes","floor":46.0,"turns":3.0},{"damage":24.0,"enemies":"Donu and Deca","floor":50.0,"turns":5.0},{"damage":47.0,"enemies":"Shield and Spear","floor":54.0,"turns":7.0},{"damage":61,"enemies":"The Heart","floor":55,"turns":8}],"seed_played":"3402797852104749057","potions_obtained":[{"floor":7.0,"key":"SpeedPotion"},{"floor":11.0,"key":"Swift Potion"},{"floor":12.0,"key":"AttackPotion"},{"floor":19.0,"key":"Swift Potion"},{"floor":22.0,"key":"Explosive Potion"},{"floor":23.0,"key":"AttackPotion"},{"floor":24.0,"key":"Energy Potion"},{"floor":31.0,"key":"FearPotion"},{"floor":36.0,"key":"SkillPotion"},{"floor":37.0,"key":"Regen Potion"},{"floor":42.0,"key":"Ancient Potion"},{"floor":46.0,"key":"EntropicBrew"}],"is_trial":false,"path_per_floor":["M","?","$","?","?","E","M","M","T","$","M","M","M","M","R","B",null,"M","M","$","M","M","E","M","R","T","?","E","$","$","M","R","B",null,"M","M","?","?","?","R","E","M","T","R","E","M","R","$","R","B",null,"R","$","E","B",null],"character_chosen":"THE_SILENT","items_purchased":["Backstab","Caltrops","Pantograph","Shuriken","Bouncing Flask+1","Sundial","Footwork"],"campfire_rested":2,"item_purchase_floors":[3,3,10,29,30,48,53],"current_hp_per_floor":[68,57,57,43,43,31,33,35,35,35,35,32,27,15,37,39,76,78,62,62,59,61,47,47,47,47,47,35,35,35,35,60,53,86,85,85,82,82,82,82,67,69,69,69,63,63,63,63,63,64,90,90,90,43,7],"gold":80,"neow_bonus":"RANDOM_COMMON_RELIC","is_prod":false,"is_daily":false,"chose_seed":false,"campfire_upgraded":5,"win_rate":0,"timestamp":1559538801,"path_taken":["M","?","?","?","?","E","M","M","T","?","M","M","?","?","R","BOSS","M","M","$","M","M","E","M","R","T","?","E","?","$","?","R","BOSS","M","M","?","?","?","R","E","M","T","R","E","M","R","$","R","BOSS","R","$","E","BOSS"],"build_version":"2019-01-23","purchased_purges":1,"victory":true,"max_hp_per_floor":[70,70,70,70,70,70,72,74,74,74,74,74,74,76,76,76,76,78,80,80,82,84,86,86,86,86,86,86,86,86,86,86,86,86,86,86,88,88,88,88,88,90,90,90,90,90,90,90,90,90,90,90,90,90,90],"card_choices":[{"not_picked":["Slice","Bane"],"picked":"Bouncing Flask","floor":1.0},{"not_picked":["Dodge and Roll","Night Terror"],"picked":"Footwork","floor":6.0},{"not_picked":["Bane","Deflect","Tactician"],"picked":"Singing Bowl","floor":7.0},{"not_picked":["Catalyst","Acrobatics","Expertise"],"picked":"Singing Bowl","floor":8.0},{"not_picked":["Quick Slash","Sucker Punch"],"picked":"Escape Plan+1","floor":11.0},{"not_picked":["Underhanded Strike","Bouncing Flask+1"],"picked":"Adrenaline+1","floor":12.0},{"not_picked":["Concentrate+1","Skewer"],"picked":"Dash","floor":13.0},{"not_picked":["Sucker Punch","Finisher","Deflect+1"],"picked":"Singing Bowl","floor":14.0},{"not_picked":["Die Die Die","Wraith Form v2"],"picked":"Malaise+1","floor":16.0},{"not_picked":["Underhanded Strike","Sucker Punch","Reflex+1"],"picked":"Singing Bowl","floor":18.0},{"not_picked":["Quick Slash+1","Sucker Punch","Dagger Throw"],"picked":"Singing Bowl","floor":19.0},{"not_picked":["Cloak And Dagger+1","Night Terror+1","PiercingWail+1"],"picked":"Singing Bowl","floor":21.0},{"not_picked":["Dagger Spray","Prepared+1","Poisoned Stab"],"picked":"Singing Bowl","floor":22.0},{"not_picked":["Prepared+1","Grand Finale","Tools of the Trade"],"picked":"Singing Bowl","floor":23.0},{"not_picked":["Reflex+1","Deadly Poison+1"],"picked":"Riddle With Holes+1","floor":24.0},{"not_picked":["PiercingWail+1","Flying Knee"],"picked":"Backflip+1","floor":28.0},{"not_picked":["Deflect+1","Endless Agony"],"picked":"Backstab+1","floor":31.0},{"not_picked":["Night Terror+1","Venomology+1"],"picked":"Bullet Time+1","floor":33.0},{"not_picked":["Slice+1","Deflect+1"],"picked":"Cloak And Dagger+1","floor":35.0},{"not_picked":["Outmaneuver+1","Flying Knee+1"],"picked":"Terror+1","floor":36.0},{"not_picked":["A Thousand Cuts","Skewer+1","Riddle With Holes"],"picked":"Singing Bowl","floor":37.0},{"not_picked":["Chrysalis+1","Madness+1"],"picked":"Discovery+1","floor":39.0},{"not_picked":["Sucker Punch","Prepared+1"],"picked":"Well Laid Plans+1","floor":41.0},{"not_picked":["Underhanded Strike+1","Eviscerate+1"],"picked":"Noxious Fumes+1","floor":42.0},{"not_picked":["Deflect+1","Outmaneuver+1","Underhanded Strike+1"],"picked":"Singing Bowl","floor":42.0},{"not_picked":["Dodge and Roll+1","Infinite Blades"],"picked":"Predator+1","floor":45.0},{"not_picked":["Bouncing Flask+1","Bullet Time+1"],"picked":"Dash","floor":46.0},{"not_picked":["Poisoned Stab","PiercingWail+1"],"picked":"Outmaneuver+1","floor":46.0},{"not_picked":["PiercingWail+1","Slice+1"],"picked":"Concentrate+1","floor":54.0}],"player_experience":524335,"relics_obtained":[{"floor":6.0,"key":"Singing Bowl"},{"floor":9.0,"key":"Toxic Egg 2"},{"floor":23.0,"key":"Bag of Marbles"},{"floor":26.0,"key":"Art of War"},{"floor":28.0,"key":"Calipers"},{"floor":37.0,"key":"Prayer Wheel"},{"floor":41.0,"key":"Ancient Tea Set"},{"floor":45.0,"key":"Bronze Scales"},{"floor":54.0,"key":"Mummified Hand"}],"event_choices":[{"damage_healed":0.0,"max_hp_gain":0.0,"max_hp_loss":0.0,"gold_gain":75.0,"event_name":"World of Goop","player_choice":"Gather Gold","floor":2.0,"gold_loss":0.0,"damage_taken":11.0},{"damage_healed":0.0,"max_hp_gain":0.0,"max_hp_loss":0.0,"gold_gain":0.0,"event_name":"Shining Light","player_choice":"Entered Light","floor":4.0,"gold_loss":0.0,"damage_taken":14.0,"cards_upgraded":["Defend_G","Strike_G"]},{"damage_healed":0.0,"max_hp_gain":0.0,"max_hp_loss":0.0,"gold_gain":175.0,"event_name":"Liars Game","player_choice":"AGREE","floor":5.0,"gold_loss":0.0,"damage_taken":0.0,"cards_obtained":["Doubt"]},{"damage_healed":0.0,"max_hp_gain":0.0,"max_hp_loss":0.0,"gold_gain":0.0,"event_name":"Accursed Blacksmith","player_choice":"Forge","floor":27.0,"gold_loss":0.0,"damage_taken":0.0,"cards_upgraded":["A Thousand Cuts"]},{"damage_healed":0.0,"max_hp_gain":0.0,"max_hp_loss":0.0,"gold_gain":0.0,"event_name":"MindBloom","player_choice":"Fight","floor":37.0,"gold_loss":0.0,"damage_taken":0.0},{"damage_healed":0.0,"max_hp_gain":0.0,"max_hp_loss":0.0,"gold_gain":0.0,"event_name":"Tomb of Lord Red Mask","player_choice":"Ignored","floor":38.0,"gold_loss":0.0,"damage_taken":0.0},{"damage_healed":0.0,"max_hp_gain":0.0,"max_hp_loss":0.0,"gold_gain":0.0,"event_name":"SensoryStone","player_choice":"Memory 1","floor":39.0,"gold_loss":0.0,"damage_taken":0.0}],"is_beta":false,"boss_relics":[{"not_picked":["Runic Pyramid","Empty Cage"],"picked":"Pandora\u0027s Box"},{"not_picked":["Coffee Dripper","White Beast Statue"],"picked":"Ring of the Serpent"}],"items_purged_floors":[20],"is_endless":false,"potions_floor_spawned":[7,11,12,13,14,19,22,23,24,31,36,37,42,46],"ascension_level":0}