{"gold_per_floor":[112,128,146,163,173,173,191,191,191,224,103,115,115,132,132,234,234,246,258,258,258,40,40,59,59,59,59,21,41,57,89,89,89],"floor_reached":33,"playtime":1627,"items_purged":["Pain","Pain"],"score":271,"play_id":"49b5edca-c2f5-407c-ad43-afad1b0461f1","local_time":"20180719014922","is_ascension_mode":false,"campfire_choices":[{"data":"Ball Lightning","floor":6,"key":"SMITH"},{"floor":13,"key":"REST"},{"data":"Darkness","floor":15,"key":"SMITH"},{"data":"Defragment","floor":23,"key":"SMITH"},{"floor":25,"key":"REST"},{"data":"Hologram","floor":27,"key":"SMITH"},{"floor":32,"key":"REST"}],"neow_cost":"NONE","seed_source_timestamp":108804151178327,"circlet_count":0,"master_deck":["Strike_B","Strike_B","Strike_B","Defend_B","Defend_B","Defend_B","Defend_B","Zap","Dualcast","Melter","Ball Lightning+1","Darkness+1","Cold Snap","Sweeping Beam","Hologram+1","Skim","Beam Cell+1","Rebound+1","Leap","Electrodynamics","Pain","Doubt","Ball Lightning+1","Go for the Eyes+1","Aggregate","Defragment+1","Doom and Gloom+1","Redo","Rip and Tear+1","Genetic Algorithm","FTL+1","Auto Shields"],"relics":["Cursed Key","NlothsMask","Molten Egg 2","Calling Bell","Torii","Letter Opener","Oddly Smooth Stone","Calipers"],"potions_floor_usage":[16,29,30,31,31,31],"damage_taken":[{"damage":6,"enemies":"Jaw Worm","floor":1,"turns":3},{"damage":0,"enemies":"Cultist","floor":2,"turns":4},{"damage":3,"enemies":"2 Louse","floor":3,"turns":2},{"damage":0,"enemies":"Looter","floor":4,"turns":2},{"damage":4,"enemies":"Lots of Slimes","floor":5,"turns":4},{"damage":0,"enemies":"Blue Slaver","floor":7,"turns":2},{"damage":13,"enemies":"3 Sentries","floor":10,"turns":5},{"damage":13,"enemies":"3 Louse","floor":12,"turns":2},{"damage":6,"enemies":"Lots of Slimes","floor":14,"turns":3},{"damage":13,"enemies":"Hexaghost","floor":16,"turns":8},{"damage":0,"enemies":"Spheric Guardian","floor":18,"turns":1},{"damage":22,"enemies":"3 Byrds","floor":19,"turns":4},{"damage":25,"enemies":"Snecko","floor":24,"turns":4},{"damage":4,"enemies":"Cultist and Chosen","floor":29,"turns":4},{"damage":14,"enemies":"3 Cultists","floor":30,"turns":4},{"damage":29,"enemies":"Gremlin Leader","floor":31,"turns":6},{"damage":25,"enemies":"Champ","floor":33,"turns":3}],"seed_played":"-5715597134142855767","potions_obtained":[{"floor":3,"key":"Regen Potion"},{"floor":10,"key":"Explosive Potion"},{"floor":12,"key":"Ancient Potion"},{"floor":16,"key":"Dexterity Potion"},{"floor":24,"key":"LiquidBronze"},{"floor":29,"key":"Strength Potion"},{"floor":30,"key":"Fire Potion"}],"is_trial":false,"path_per_floor":["M","M","M","M","M","R","M","?","T","E","$","M","R","M","R","B",null,"M","M","?","?","$","R","M","R","T","R","$","M","M","E","R"],"character_chosen":"DEFECT","items_purchased":["Beam Cell+1","Defragment","Doom and Gloom+1","Rip and Tear+1"],"campfire_rested":3,"item_purchase_floors":[11,22,22,28],"current_hp_per_floor":[69,69,66,66,62,62,62,62,62,49,49,36,58,52,52,54,75,75,53,53,53,53,53,28,50,50,50,50,46,32,3,25,0],"gold":89,"neow_bonus":"BOSS_RELIC","is_prod":false,"is_daily":false,"chose_seed":false,"campfire_upgraded":4,"win_rate":0.0,"timestamp":1531936162,"path_taken":["M","M","M","M","M","R","M","?","T","E","$","M","R","M","R","BOSS","M","M","?","?","$","R","M","R","T","R","$","M","M","E","R","BOSS"],"build_version":"2018-07-12","purchased_purges":2,"victory":false,"max_hp_per_floor":[75,75,75,75,75,75,75,75,75,75,75,75,75,75,75,75,75,75,75,75,75,75,75,75,75,75,75,75,75,75,75,75,75],"card_choices":[{"not_picked":["Cold Snap","Leap"],"picked":"Melter","floor":1},{"not_picked":["Coolheaded","Stack"],"picked":"Ball Lightning","floor":2},{"not_picked":["Stack","Barrage"],"picked":"Darkness","floor":3},{"not_picked":["Rebound","Compile Driver"],"picked":"Cold Snap","floor":4},{"not_picked":["Turbo","Meteor Strike"],"picked":"Sweeping Beam","floor":5},{"not_picked":["Scrape","Fusion"],"picked":"Hologram","floor":7},{"not_picked":["Barrage","Turbo"],"picked":"Skim","floor":10},{"not_picked":["Conserve Battery","Hello World"],"picked":"Rebound+1","floor":12},{"not_picked":["Steam Power","Gash+1"],"picked":"Leap","floor":14},{"not_picked":["Thunder Strike+1","Meteor Strike+1"],"picked":"Electrodynamics","floor":16},{"not_picked":["Gash+1","Rainbow"],"picked":"Ball Lightning+1","floor":18},{"not_picked":["Gash+1","Coolheaded"],"picked":"Go for the Eyes+1","floor":19},{"not_picked":["Steam","Darkness"],"picked":"Redo","floor":24},{"not_picked":["Coolheaded","Cold Snap+1"],"picked":"Genetic Algorithm","floor":29},{"not_picked":["Steam","Darkness"],"picked":"FTL+1","floor":30},{"not_picked":["Double Energy","All For One+1"],"picked":"Auto Shields","floor":31}],"player_experience":88385,"relics_obtained":[{"floor":10,"key":"Molten Egg 2"},{"floor":17,"key":"Torii"},{"floor":17,"key":"Letter Opener"},{"floor":17,"key":"Oddly Smooth Stone"},{"floor":31,"key":"Calipers"}],"event_choices":[{"event_name":"FaceTrader","player_choice":"Trade","floor":8,"damage_taken":0},{"event_name":"Transmorgrifier","player_choice":"Transform","floor":20,"damage_taken":0},{"event_name":"Accursed Blacksmith","player_choice":"Ignore","floor":21,"damage_taken":0}],"boss_relics":[{"not_picked":["Philosopher\u0027s Stone","Sozu"],"picked":"Calling Bell"}],"items_purged_floors":[11,22],"is_endless":false,"potions_floor_spawned":[3,10,12,16,24,29,30],"killed_by":"Champ","ascension_level":0}