{"gold_per_floor":[118,42,42,42,52,67,99,55,134,80,99,99,74,89,89,194,194,205,82,7,7,27,27,27,27],"floor_reached":25,"playtime":710,"items_purged":["Strike_B"],"score":296,"play_id":"90c64f71-d5fd-4a98-80a1-2a7380a5652d","local_time":"20190502150239","is_ascension_mode":true,"campfire_choices":[{"floor":12,"key":"REST"},{"floor":15,"key":"REST"},{"floor":23,"key":"REST"}],"neow_cost":"NONE","seed_source_timestamp":487575555677882,"circlet_count":0,"master_deck":["Defend_B","Defend_B","Defend_B","Defend_B","Zap","Dualcast","Go for the Eyes","Rip and Tear","Sweeping Beam","Coolheaded","Darkness","Conserve Battery","Compile Driver","Stack","BootSequence","Beam Cell","Streamline","Creative AI+1","Steam","Hologram","Double Energy"],"relics":["Cracked Core","Strawberry","Letter Opener","Empty Cage"],"potions_floor_usage":[7,18,24],"damage_taken":[{"damage":0,"enemies":"Cultist","floor":1,"turns":3},{"damage":6,"enemies":"2 Louse","floor":5,"turns":2},{"damage":9,"enemies":"Jaw Worm","floor":6,"turns":2},{"damage":28,"enemies":"Gremlin Nob","floor":7,"turns":4},{"damage":4,"enemies":"Red Slaver","floor":11,"turns":3},{"damage":6,"enemies":"Blue Slaver","floor":14,"turns":4},{"damage":30,"enemies":"Slime Boss","floor":16,"turns":10},{"damage":11,"enemies":"2 Thieves","floor":18,"turns":4},{"damage":38,"enemies":"Shell Parasite","floor":22,"turns":8},{"damage":0,"enemies":"Book of Stabbing","floor":24,"turns":1},{"damage":55,"enemies":"Sentry and Sphere","floor":25,"turns":6}],"seed_played":"6194638922124843493","potions_obtained":[{"floor":1,"key":"SteroidPotion"},{"floor":7,"key":"SmokeBomb"},{"floor":11,"key":"Fire Potion"},{"floor":16,"key":"Poison Potion"}],"is_trial":false,"path_per_floor":["M","$","?","?","M","M","E","?","T","$","M","R","$","M","R","B",null,"M","$","?","?","M","R","E","M"],"character_chosen":"DEFECT","items_purchased":["Sweeping Beam","Coolheaded","Stack","Beam Cell","Hologram"],"campfire_rested":3,"item_purchase_floors":[2,2,10,13,19],"current_hp_per_floor":[68,68,68,68,62,53,32,32,32,32,28,52,52,46,70,40,72,61,61,61,61,23,47,47,0],"gold":27,"neow_bonus":"THREE_CARDS","is_prod":false,"is_daily":false,"chose_seed":false,"campfire_upgraded":0,"win_rate":0,"timestamp":1556780559,"path_taken":["M","$","?","?","M","M","E","?","T","$","?","R","?","M","R","BOSS","M","$","?","?","M","R","E","M"],"build_version":"2019-01-23","purchased_purges":1,"victory":false,"max_hp_per_floor":[75,75,75,75,75,75,82,82,82,82,82,82,82,82,82,82,82,82,82,82,82,82,82,82,82],"card_choices":[{"not_picked":["Heatsinks","Steam"],"picked":"Go for the Eyes","floor":0},{"not_picked":["Aggregate","Beam Cell"],"picked":"Rip and Tear","floor":1},{"not_picked":["Turbo","Tempest"],"picked":"Darkness","floor":5},{"not_picked":["Fission","Fusion"],"picked":"Conserve Battery","floor":6},{"not_picked":["Hello World","Sweeping Beam"],"picked":"Compile Driver","floor":7},{"not_picked":["Sweeping Beam","Doom and Gloom"],"picked":"BootSequence","floor":11},{"not_picked":["Go for the Eyes","Sunder"],"picked":"Streamline","floor":14},{"not_picked":["Biased Cognition","All For One"],"picked":"Creative AI","floor":16},{"not_picked":["Conserve Battery","Storm"],"picked":"Steam","floor":18},{"not_picked":["Ball Lightning","Beam Cell+1"],"picked":"Double Energy","floor":22}],"player_experience":845411,"relics_obtained":[{"floor":7,"key":"Strawberry"},{"floor":9,"key":"Letter Opener"}],"event_choices":[{"damage_healed":0,"gold_gain":0,"player_choice":"Leave","damage_taken":0,"max_hp_gain":0,"max_hp_loss":0,"event_name":"The Cleric","floor":3,"gold_loss":0},{"damage_healed":0,"gold_gain":0,"player_choice":"Ignored","damage_taken":0,"max_hp_gain":0,"max_hp_loss":0,"event_name":"Liars Game","floor":4,"gold_loss":0},{"damage_healed":0,"gold_gain":0,"player_choice":"Left Gold","damage_taken":0,"max_hp_gain":0,"max_hp_loss":0,"event_name":"World of Goop","floor":8,"gold_loss":44},{"cards_removed":["Strike_B"],"damage_healed":0,"gold_gain":0,"player_choice":"Gave Gold","damage_taken":0,"max_hp_gain":0,"max_hp_loss":0,"event_name":"Beggar","floor":20,"gold_loss":75},{"damage_healed":0,"gold_gain":0,"player_choice":"Upgraded","damage_taken":0,"max_hp_gain":0,"max_hp_loss":0,"event_name":"Upgrade Shrine","floor":21,"gold_loss":0,"cards_upgraded":["Creative AI"]}],"is_beta":false,"boss_relics":[{"not_picked":["Calling Bell","Runic Dome"],"picked":"Empty Cage"}],"items_purged_floors":[19],"is_endless":false,"potions_floor_spawned":[1,7,11,16,24],"killed_by":"Sentry and Sphere","ascension_level":7}