{"gold_per_floor":[116,116,116,131,146,146,146,164,216,236,256,267,267,281,281,378,378,358,358,358,368,383,383,416,331,331,87,103,117,127,161,161,261,261,281,281,39,50,63,63,75,94,143,0,27,27,60,60],"floor_reached":48,"playtime":3948,"items_purged":[],"score":686,"play_id":"e5dae8fa-de1e-4a24-9a57-318a3bb217cd","local_time":"20180731025232","is_ascension_mode":true,"campfire_choices":[{"data":"Deadly Poison","floor":7,"key":"SMITH"},{"floor":13,"key":"REST"},{"floor":15,"key":"REST"},{"floor":23,"key":"REST"},{"floor":32,"key":"REST"},{"data":"Footwork","floor":40,"key":"SMITH"}],"neow_cost":"NONE","seed_source_timestamp":208666205078884,"circlet_count":0,"master_deck":["Defend_G+1","Defend_G+1","Defend_G+1","Defend_G+1","Defend_G+1","Strike_G+1","Survivor","Neutralize","Venomology+1","Envenom+1","Catalyst","Deadly Poison+1","Dagger Spray","Footwork","Dodge and Roll","Backflip","Footwork+1","Dagger Spray","Deadly Poison","Deadly Poison+1","Deflect","Poisoned Stab","Concentrate","Escape Plan","Catalyst+1","Distraction","Dodge and Roll","Prepared","Die Die Die","Dodge and Roll+1","Noxious Fumes+1","Deadly Poison+1","Poisoned Stab+1","Normality","Sadistic Nature","Deflect"],"relics":["Astrolabe","Dream Catcher","Runic Pyramid","Ancient Tea Set","Shuriken","Pear","Mummified Hand","Incense Burner","Cursed Key","Molten Egg 2","Juzu Bracelet","Red Mask","Shovel","Vajra"],"potions_floor_usage":[5,8,10,11,11,12,14,18,22,22,24,28,30,31,31,33,33,33,35,38,39,41,42,45,45,45,47,47,47,47,47,47,48],"damage_taken":[{"damage":0,"enemies":"Small Slimes","floor":1,"turns":4},{"damage":9,"enemies":"Cultist","floor":4,"turns":6},{"damage":1,"enemies":"Jaw Worm","floor":5,"turns":5},{"damage":16,"enemies":"Large Slime","floor":8,"turns":6},{"damage":18,"enemies":"Lots of Slimes","floor":10,"turns":5},{"damage":2,"enemies":"Looter","floor":11,"turns":3},{"damage":0,"enemies":"3 Louse","floor":12,"turns":2},{"damage":0,"enemies":"2 Fungi Beasts","floor":14,"turns":4},{"damage":33,"enemies":"Slime Boss","floor":16,"turns":14},{"damage":23,"enemies":"2 Thieves","floor":18,"turns":4},{"damage":8,"enemies":"Shell Parasite","floor":21,"turns":4},{"damage":12,"enemies":"Snecko","floor":22,"turns":5},{"damage":17,"enemies":"Book of Stabbing","floor":24,"turns":6},{"damage":10,"enemies":"Snake Plant","floor":28,"turns":4},{"damage":16,"enemies":"Slaver and Parasite","floor":29,"turns":7},{"damage":6,"enemies":"Centurion and Healer","floor":30,"turns":6},{"damage":0,"enemies":"Slavers","floor":31,"turns":6},{"damage":18,"enemies":"Automaton","floor":33,"turns":10},{"damage":3,"enemies":"Flame Bruiser 1 Orb","floor":35,"turns":5},{"damage":8,"enemies":"3 Shapes","floor":38,"turns":7},{"damage":5,"enemies":"Spire Growth","floor":39,"turns":5},{"damage":9,"enemies":"4 Shapes","floor":41,"turns":5},{"damage":11,"enemies":"Maw","floor":42,"turns":5},{"damage":17,"enemies":"Giant Head","floor":45,"turns":7},{"damage":24,"enemies":"Nemesis","floor":47,"turns":7},{"damage":4,"enemies":"Sphere and 2 Shapes","floor":48,"turns":3}],"seed_played":"-3098637283936549343","potions_obtained":[{"floor":4,"key":"Regen Potion"},{"floor":11,"key":"Explosive Potion"},{"floor":16,"key":"SpeedPotion"},{"floor":30,"key":"Block Potion"},{"floor":33,"key":"Block Potion"},{"floor":35,"key":"Poison Potion"},{"floor":45,"key":"PowerPotion"}],"is_trial":false,"path_per_floor":["M","?","?","M","M","$","R","M","T","M","M","M","R","M","R","B",null,"M","?","?","M","M","R","E","?","T","$","M","M","M","E","R","B",null,"M","?","$","M","M","R","M","M","T","?","E","?","E"],"character_chosen":"THE_SILENT","items_purchased":["Mummified Hand","Molten Egg 2"],"campfire_rested":4,"item_purchase_floors":[27,37],"current_hp_per_floor":[70,70,63,54,65,65,65,49,49,31,29,29,50,50,70,37,70,47,47,47,39,27,48,31,31,41,41,31,15,9,9,33,15,80,77,77,77,69,64,64,55,44,44,44,27,27,3,0],"gold":60,"neow_bonus":"BOSS_RELIC","is_prod":false,"is_daily":false,"chose_seed":false,"campfire_upgraded":2,"win_rate":0,"timestamp":1533030752,"path_taken":["M","?","?","M","?","$","R","M","T","M","M","M","R","M","R","BOSS","M","?","?","?","M","R","E","?","T","$","?","M","M","E","R","BOSS","M","?","?","M","M","R","?","M","T","?","E","?","E","M"],"build_version":"2018-07-26","purchased_purges":0,"victory":false,"max_hp_per_floor":[70,70,70,70,70,70,70,70,70,70,70,70,70,70,70,70,70,70,70,70,70,70,70,70,70,80,80,80,80,80,80,80,80,80,80,80,80,80,80,80,80,80,80,80,80,80,80,80],"card_choices":[{"not_picked":["Deadly Poison","Dagger Spray"],"picked":"Catalyst","floor":1},{"not_picked":["Distraction","Cloak And Dagger"],"picked":"Deadly Poison","floor":4},{"not_picked":["Dagger Throw","Bane"],"picked":"Dagger Spray","floor":5},{"not_picked":["Slice","Storm of Steel"],"picked":"Footwork","floor":8},{"not_picked":["Cloak And Dagger","Underhanded Strike"],"picked":"Dodge and Roll","floor":10},{"not_picked":["Cloak And Dagger","Expertise"],"picked":"Backflip","floor":11},{"not_picked":["Skewer","Quick Slash"],"picked":"Footwork","floor":12},{"not_picked":["Masterful Stab","Underhanded Strike"],"picked":"Dagger Spray","floor":13},{"not_picked":["Flying Knee","Endless Agony"],"picked":"Deadly Poison","floor":14},{"not_picked":["Backflip","Prepared"],"picked":"Deadly Poison+1","floor":18},{"not_picked":["Sucker Punch+1","Tactician"],"picked":"Deflect","floor":21},{"not_picked":["Quick Slash","Doppelganger"],"picked":"Poisoned Stab","floor":22},{"not_picked":["Acrobatics","Envenom"],"picked":"Concentrate","floor":24},{"not_picked":["Well Laid Plans","Tactician+1"],"picked":"Escape Plan","floor":28},{"not_picked":["Bane+1","Riddle With Holes"],"picked":"Catalyst+1","floor":29},{"not_picked":["Masterful Stab","Endless Agony+1"],"picked":"Distraction","floor":30},{"not_picked":["Eviscerate+1","Calculated Gamble+1"],"picked":"Dodge and Roll","floor":31},{"not_picked":["Slice","Skewer"],"picked":"Prepared","floor":32},{"not_picked":["Adrenaline","Night Terror"],"picked":"Die Die Die","floor":33},{"not_picked":["PiercingWail+1","Prepared"],"picked":"Dodge and Roll+1","floor":35},{"not_picked":["Deflect+1","Poisoned Stab+1"],"picked":"Noxious Fumes+1","floor":38},{"not_picked":["Heel Hook+1","Cloak And Dagger+1","Skewer+1"],"picked":"SKIP","floor":39},{"not_picked":["Underhanded Strike+1","Night Terror"],"picked":"Deadly Poison+1","floor":41},{"not_picked":["Endless Agony+1","Escape Plan"],"picked":"Poisoned Stab+1","floor":42},{"not_picked":["Dagger Throw+1","Cloak And Dagger+1","Endless Agony+1"],"picked":"SKIP","floor":45},{"not_picked":["Thinking Ahead","Purity"],"picked":"Sadistic Nature","floor":46},{"not_picked":["Dodge and Roll","Distraction+1"],"picked":"Deflect","floor":47}],"player_experience":198155,"relics_obtained":[{"floor":9,"key":"Dream Catcher"},{"floor":24,"key":"Ancient Tea Set"},{"floor":26,"key":"Pear"},{"floor":31,"key":"Incense Burner"},{"floor":43,"key":"Juzu Bracelet"},{"floor":45,"key":"Shovel"},{"floor":47,"key":"Vajra"}],"event_choices":[{"event_name":"Transmorgrifier","player_choice":"Transform","floor":2,"damage_taken":0},{"event_name":"Golden Wing","player_choice":"Card Removal","floor":3,"damage_taken":0},{"event_name":"Back to Basics","player_choice":"Simplicity","floor":19,"damage_taken":0},{"event_name":"Ghosts","player_choice":"Ignored","floor":20,"damage_taken":0},{"event_name":"Addict","player_choice":"Obtained Relic","floor":25,"damage_taken":0},{"event_name":"Falling","player_choice":"Removed Attack","floor":36,"damage_taken":0},{"event_name":"Tomb of Lord Red Mask","player_choice":"Paid","floor":44,"damage_taken":0},{"event_name":"SensoryStone","player_choice":"Memory 1","floor":46,"damage_taken":0}],"is_beta":false,"boss_relics":[{"not_picked":["Sozu","Philosopher\u0027s Stone"],"picked":"Runic Pyramid"},{"not_picked":["Empty Cage","WristBlade"],"picked":"Cursed Key"}],"items_purged_floors":[],"is_endless":false,"potions_floor_spawned":[4,8,10,11,16,21,30,31,33,35,45],"killed_by":"Sphere and 2 Shapes","ascension_level":2}