{"gold_per_floor":[366,376,388,74,74,94,94,115,161,5,54,66,85,97,97,202,202,215,231,246,257,257,257,270,305,353,365],"floor_reached":27,"playtime":970,"items_purged":["Strike_B"],"score":309,"play_id":"95bd2d04-23e8-449b-ad9f-9cdc516c342f","local_time":"20190507005822","is_ascension_mode":true,"campfire_choices":[{"data":"Defragment","floor":7,"key":"SMITH"},{"floor":15,"key":"REST"},{"floor":23,"key":"REST"}],"neow_cost":"CURSE","seed_source_timestamp":868664743113267,"circlet_count":0,"master_deck":["Strike_B","Strike_B","Strike_B","Defend_B","Defend_B","Defend_B","Defend_B","Zap","Dualcast","Clumsy","Defragment+1","Rebound","Go for the Eyes","Apotheosis+1","Multi-Cast","FTL","Chaos","Melter","Glacier","Electrodynamics","Leap","Seek","Redo+1","Capacitor+1"],"relics":["Cracked Core","Odd Mushroom","Regal Pillow","Art of War","Fusion Hammer","FaceOfCleric","Bag of Preparation","MawBank"],"potions_floor_usage":[8,19,25,25],"damage_taken":[{"damage":0,"enemies":"Cultist","floor":1,"turns":3},{"damage":0,"enemies":"2 Louse","floor":2,"turns":3},{"damage":0,"enemies":"Small Slimes","floor":3,"turns":2},{"damage":6,"enemies":"Blue Slaver","floor":6,"turns":3},{"damage":18,"enemies":"The Mushroom Lair","floor":8,"turns":4},{"damage":13,"enemies":"Gremlin Gang","floor":12,"turns":3},{"damage":0,"enemies":"2 Fungi Beasts","floor":13,"turns":3},{"damage":10,"enemies":"Red Slaver","floor":14,"turns":2},{"damage":18,"enemies":"Hexaghost","floor":16,"turns":9},{"damage":13,"enemies":"Spheric Guardian","floor":18,"turns":4},{"damage":5,"enemies":"2 Thieves","floor":19,"turns":4},{"damage":0,"enemies":"Snecko","floor":20,"turns":6},{"damage":23,"enemies":"Centurion and Healer","floor":21,"turns":6},{"damage":7,"enemies":"Shelled Parasite and Fungi","floor":24,"turns":4},{"damage":49,"enemies":"Gremlin Leader","floor":25,"turns":4},{"damage":12,"enemies":"Book of Stabbing","floor":27,"turns":3}],"seed_played":"-2638889092451783225","potions_obtained":[{"floor":2,"key":"Energy Potion"},{"floor":13,"key":"FocusPotion"},{"floor":14,"key":"Block Potion"},{"floor":16,"key":"GamblersBrew"},{"floor":21,"key":"Energy Potion"}],"is_trial":false,"path_per_floor":["M","M","M","$","?","M","R","?","T","$","T","M","M","M","R","B",null,"M","M","M","M","?","R","M","E","T","E"],"character_chosen":"DEFECT","items_purchased":["Apotheosis","Multi-Cast","Melter"],"campfire_rested":2,"item_purchase_floors":[4,4,10],"current_hp_per_floor":[68,68,68,68,68,62,62,44,44,44,44,31,31,21,58,40,66,53,48,48,25,25,62,56,8,8,0],"gold":365,"neow_bonus":"TWO_FIFTY_GOLD","is_prod":false,"is_daily":false,"chose_seed":false,"campfire_upgraded":1,"win_rate":0,"timestamp":1557161902,"path_taken":["M","M","M","?","?","M","R","?","T","$","?","M","M","M","R","BOSS","M","?","M","M","?","R","?","E","T","E"],"build_version":"2019-01-23","purchased_purges":1,"victory":false,"max_hp_per_floor":[75,75,75,75,75,75,75,75,75,75,75,75,75,75,75,75,75,75,75,75,75,75,75,76,77,77,77],"card_choices":[{"not_picked":["Sweeping Beam","Rip and Tear"],"picked":"Defragment","floor":1},{"not_picked":["Turbo","Steam"],"picked":"Rebound","floor":2},{"not_picked":["Blizzard","Storm"],"picked":"Go for the Eyes","floor":3},{"not_picked":["Hello World","Streamline"],"picked":"FTL","floor":6},{"not_picked":["Gash","Genetic Algorithm"],"picked":"Chaos","floor":8},{"not_picked":["Lockon","Coolheaded"],"picked":"Glacier","floor":12},{"not_picked":["Compile Driver","Glacier"],"picked":"Electrodynamics","floor":13},{"not_picked":["Compile Driver","Melter"],"picked":"Leap","floor":14},{"not_picked":["Multi-Cast","All For One"],"picked":"Seek","floor":16},{"not_picked":["Ball Lightning+1","Defragment"],"picked":"Redo+1","floor":18},{"not_picked":["Go for the Eyes","Stack"],"picked":"Capacitor+1","floor":19},{"not_picked":["Stack","Steam","Fusion"],"picked":"SKIP","floor":20},{"not_picked":["White Noise","Compile Driver","Stack"],"picked":"SKIP","floor":21},{"not_picked":["Rip and Tear+1","FTL+1","Gash"],"picked":"SKIP","floor":24},{"not_picked":["Redo","Static Discharge","Leap"],"picked":"SKIP","floor":25}],"player_experience":864497,"relics_obtained":[{"floor":8,"key":"Odd Mushroom"},{"floor":9,"key":"Regal Pillow"},{"floor":11,"key":"Art of War"},{"floor":25,"key":"Bag of Preparation"},{"floor":26,"key":"MawBank"}],"event_choices":[{"damage_healed":0,"gold_gain":0,"player_choice":"Grow","damage_taken":0,"max_hp_gain":0,"max_hp_loss":0,"event_name":"Living Wall","floor":5,"gold_loss":0,"cards_upgraded":["Apotheosis"]},{"damage_healed":0,"gold_gain":0,"player_choice":"Fought Mushrooms","damage_taken":0,"max_hp_gain":0,"max_hp_loss":0,"event_name":"Mushrooms","floor":8,"gold_loss":0},{"damage_healed":0,"gold_gain":0,"player_choice":"Trade","damage_taken":0,"relics_obtained":["FaceOfCleric"],"max_hp_gain":0,"max_hp_loss":0,"event_name":"FaceTrader","floor":22,"gold_loss":0}],"is_beta":false,"boss_relics":[{"not_picked":["Runic Dome","Coffee Dripper"],"picked":"Fusion Hammer"}],"items_purged_floors":[10],"is_endless":false,"potions_floor_spawned":[2,13,14,16,18,21],"killed_by":"Book of Stabbing","ascension_level":7}