{"gold_per_floor":[111,123,139,103,120,147,22,48,86,273,285,372,384,346,358,475,487,486,513,450,462,488,500,540,552],"floor_reached":25,"playtime":983,"items_purged":["Strike_R"],"score":263,"play_id":"0c87478c-2a65-42a1-99bd-24a836dc599b","local_time":"20180928010934","is_ascension_mode":true,"campfire_choices":[{"data":"Armaments","floor":11,"key":"SMITH"},{"floor":13,"key":"REST"},{"data":"Rampage","floor":15,"key":"SMITH"},{"floor":23,"key":"REST"}],"neow_cost":"NONE","seed_source_timestamp":41182775059642,"circlet_count":0,"master_deck":["Strike_R","Strike_R","Strike_R","Defend_R","Defend_R","Defend_R","Defend_R","Bash","Shrug It Off","True Grit","Headbutt","Rampage+1","Headbutt","True Grit","Armaments+1","Feed","Inflame+1","True Grit"],"relics":["Burning Blood","Anchor","Regal Pillow","MawBank","Ancient Tea Set","Black Star","Smiling Mask","Centennial Puzzle"],"potions_floor_usage":[19,22],"damage_taken":[{"damage":2,"enemies":"Jaw Worm","floor":1,"turns":2},{"damage":4,"enemies":"Small Slimes","floor":2,"turns":4},{"damage":3,"enemies":"2 Louse","floor":3,"turns":3},{"damage":10,"enemies":"Exordium Thugs","floor":5,"turns":5},{"damage":28,"enemies":"Lagavulin","floor":6,"turns":6},{"damage":23,"enemies":"3 Sentries","floor":8,"turns":8},{"damage":42,"enemies":"Hexaghost","floor":16,"turns":11},{"damage":22,"enemies":"2 Thieves","floor":18,"turns":4},{"damage":23,"enemies":"Chosen","floor":19,"turns":7},{"damage":19,"enemies":"Snake Plant","floor":22,"turns":4},{"damage":55,"enemies":"Gremlin Leader","floor":24,"turns":9},{"damage":24,"enemies":"Shelled Parasite and Fungi","floor":25,"turns":2}],"seed_played":"-8356242339294017092","potions_obtained":[{"floor":3,"key":"Block Potion"},{"floor":19,"key":"Poison Potion"},{"floor":24,"key":"SpeedPotion"}],"is_trial":false,"path_per_floor":["M","M","M","$","M","E","$","E","T","?","R","?","R","?","R","B",null,"M","M","?","?","M","R","E"],"character_chosen":"IRONCLAD","items_purchased":["Rampage","True Grit"],"campfire_rested":2,"item_purchase_floors":[4,7],"current_hp_per_floor":[80,80,80,80,76,54,54,37,37,37,37,26,65,65,65,29,80,64,47,47,47,34,73,24,0],"gold":552,"neow_bonus":"RANDOM_COMMON_RELIC","is_prod":false,"is_daily":false,"chose_seed":false,"campfire_upgraded":2,"win_rate":0,"timestamp":1538122174,"path_taken":["M","M","M","$","M","E","$","E","T","?","R","?","R","?","R","BOSS","M","M","?","?","?","R","E","M"],"build_version":"2018-09-27","purchased_purges":1,"victory":false,"max_hp_per_floor":[80,80,80,80,80,80,80,80,80,80,80,80,80,80,80,80,80,80,80,80,80,80,80,80,80],"card_choices":[{"not_picked":["Wild Strike","Shockwave"],"picked":"Shrug It Off","floor":1},{"not_picked":["Cleave","Carnage"],"picked":"True Grit","floor":2},{"not_picked":["Iron Wave","Battle Trance"],"picked":"Headbutt","floor":3},{"not_picked":["Infernal Blade","Evolve"],"picked":"Headbutt","floor":5},{"not_picked":["Twin Strike","Pommel Strike","Wild Strike"],"picked":"SKIP","floor":6},{"not_picked":["Cleave","Immolate"],"picked":"Armaments","floor":8},{"not_picked":["Brutality","Immolate"],"picked":"Feed","floor":16},{"not_picked":["Bloodletting+1","Clothesline","Twin Strike"],"picked":"SKIP","floor":18},{"not_picked":["Pommel Strike+1","Searing Blow"],"picked":"Inflame+1","floor":19},{"not_picked":["Sever Soul","Perfected Strike+1","Body Slam"],"picked":"SKIP","floor":22},{"not_picked":["Blood for Blood","Anger"],"picked":"True Grit","floor":24}],"player_experience":283993,"relics_obtained":[{"floor":6,"key":"Regal Pillow"},{"floor":8,"key":"MawBank"},{"floor":9,"key":"Ancient Tea Set"},{"floor":24,"key":"Smiling Mask"},{"floor":24,"key":"Centennial Puzzle"}],"event_choices":[{"event_name":"Liars Game","player_choice":"agreed","floor":10,"damage_taken":0},{"event_name":"World of Goop","player_choice":"Gather Gold","floor":12,"damage_taken":0},{"event_name":"The Cleric","player_choice":"Card Removal","floor":14,"damage_taken":0},{"event_name":"Beggar","player_choice":"Gave Gold","floor":20,"damage_taken":0},{"event_name":"The Woman in Blue","player_choice":"Bought 0 Potions","floor":21,"damage_taken":0}],"is_beta":false,"boss_relics":[{"not_picked":["Tiny House","Coffee Dripper"],"picked":"Black Star"}],"items_purged_floors":[7],"is_endless":false,"potions_floor_spawned":[3,19,24],"killed_by":"Shelled Parasite and Fungi","ascension_level":3}