{"gold_per_floor":[110,110,110,124,140,158,158,185,185,203,236,236,250,270,270,367,367,354,365,365],"floor_reached":20,"playtime":1689,"items_purged":[],"score":228,"play_id":"644a204f-6ff6-4ce6-9b91-a34889e53571","local_time":"20180724122519","is_ascension_mode":false,"campfire_choices":[{"data":"Reprogram","floor":7,"key":"SMITH"},{"floor":12,"key":"REST"},{"floor":15,"key":"REST"}],"neow_cost":"NONE","seed_source_timestamp":2033236407483,"circlet_count":0,"master_deck":["Strike_B","Strike_B","Strike_B","Strike_B","Defend_B","Defend_B","Defend_B","Defend_B","Zap","Dualcast","Reprogram+1","Hologram","Reinforced Body","Go for the Eyes","Auto Shields","Turbo","Buffer","Defragment","Coolheaded","Fission","Sweeping Beam+1","Reinforced Body"],"relics":["Cracked Core","Symbiotic Virus","Odd Mushroom","Centennial Puzzle","Du-Vu Doll","Nuclear Battery"],"potions_floor_usage":[5,6,8,16,20,20],"damage_taken":[{"damage":1,"enemies":"2 Louse","floor":1,"turns":2},{"damage":6,"enemies":"Cultist","floor":4,"turns":3},{"damage":2,"enemies":"Small Slimes","floor":5,"turns":2},{"damage":16,"enemies":"2 Fungi Beasts","floor":6,"turns":4},{"damage":15,"floor":8,"turns":4},{"damage":0,"enemies":"Large Slime","floor":10,"turns":3},{"damage":15,"enemies":"3 Sentries","floor":11,"turns":8},{"damage":7,"enemies":"Lots of Slimes","floor":13,"turns":6},{"damage":1,"enemies":"3 Louse","floor":14,"turns":4},{"damage":0,"enemies":"Slime Boss","floor":16,"turns":6},{"damage":12,"enemies":"2 Thieves","floor":18,"turns":5},{"damage":9,"enemies":"Chosen","floor":19,"turns":5},{"damage":78,"enemies":"Centurion and Healer","floor":20,"turns":32}],"seed_played":"253627369456548608","potions_obtained":[{"floor":5,"key":"FocusPotion"},{"floor":11,"key":"Energy Potion"},{"floor":13,"key":"LiquidBronze"},{"floor":19,"key":"Explosive Potion"}],"is_trial":false,"path_per_floor":["M","?","?","M","M","M","R","?","T","M","E","R","M","M","R","B",null,"M","M"],"character_chosen":"DEFECT","items_purchased":[],"campfire_rested":2,"item_purchase_floors":[],"current_hp_per_floor":[74,71,71,65,63,59,59,44,44,44,29,51,44,43,65,65,75,63,54,0],"gold":365,"neow_bonus":"THREE_SMALL_POTIONS","is_prod":false,"is_daily":false,"chose_seed":false,"campfire_upgraded":1,"win_rate":0,"timestamp":1532406319,"path_taken":["M","?","?","M","M","M","R","?","T","?","E","R","M","M","R","BOSS","M","?","?"],"build_version":"2018-07-19v2","purchased_purges":0,"victory":false,"max_hp_per_floor":[75,75,75,75,75,75,75,75,75,75,75,75,75,75,75,75,75,75,75,75],"card_choices":[{"not_picked":["Undo","Redo"],"picked":"Reprogram","floor":1},{"not_picked":["Sweeping Beam","Beam Cell"],"picked":"Hologram","floor":4},{"not_picked":["FTL","Stack"],"picked":"Reinforced Body","floor":5},{"not_picked":["Compile Driver","Leap"],"picked":"Go for the Eyes","floor":6},{"not_picked":["Barrage","Steam"],"picked":"Auto Shields","floor":8},{"not_picked":["Rebound","Gash"],"picked":"Turbo","floor":10},{"not_picked":["Coolheaded","Chaos"],"picked":"Buffer","floor":11},{"not_picked":["Sweeping Beam","Defragment","Conserve Battery"],"picked":"SKIP","floor":13},{"not_picked":["Sweeping Beam","Conserve Battery"],"picked":"Defragment","floor":13},{"not_picked":["Cold Snap","Multi-Cast"],"picked":"Coolheaded","floor":14},{"not_picked":["Amplify","Buffer"],"picked":"Fission","floor":16},{"not_picked":["Streamline","Stack"],"picked":"Sweeping Beam+1","floor":18},{"not_picked":["Go for the Eyes","Force Field"],"picked":"Reinforced Body","floor":19}],"player_experience":159272,"relics_obtained":[{"floor":8,"key":"Odd Mushroom"},{"floor":9,"key":"Centennial Puzzle"},{"floor":11,"key":"Du-Vu Doll"}],"event_choices":[{"event_name":"Scrap Ooze","player_choice":"success","floor":2,"damage_taken":3},{"event_name":"Golden Wing","player_choice":"Ignored","floor":3,"damage_taken":0},{"event_name":"Mushrooms","player_choice":"Fought Mushrooms","floor":8,"damage_taken":0}],"is_beta":false,"boss_relics":[{"not_picked":["Velvet Choker","Eternal Feather"],"picked":"Nuclear Battery"}],"items_purged_floors":[],"is_endless":false,"potions_floor_spawned":[1,4,5,11,13,19],"killed_by":"Centurion and Healer","ascension_level":0}