{"gold_per_floor":[14,28,47,121,140,171,191,191,215,247,247,41,53,79,79,182,182,196,196,207,223,223,223],"floor_reached":23,"playtime":1225,"items_purged":[],"score":314,"play_id":"c81e8d25-9cb1-4310-ae27-3431163dc203","local_time":"20180723044045","is_ascension_mode":true,"campfire_choices":[{"floor":8,"key":"REST"},{"floor":11,"key":"REST"},{"floor":15,"key":"REST"}],"neow_cost":"NO_GOLD","seed_source_timestamp":40310948966735,"circlet_count":0,"master_deck":["Defend_R","Defend_R","Defend_R","Defend_R","Bash","Wild Strike","Searing Blow","Inflame","Rampage","Evolve","Wild Strike","Flex","Heavy Blade","Double Tap","Impervious","Armaments","Cleave","Havoc","Searing Blow","Bite","Bite","Bite","Bite","Bite"],"relics":["Burning Blood","Gambling Chip","Boot","Art of War","Regal Pillow","Vajra","Pen Nib","Runic Dome"],"potions_floor_usage":[6,7,16],"damage_taken":[{"damage":0,"enemies":"Small Slimes","floor":1,"turns":3},{"damage":7,"enemies":"2 Louse","floor":2,"turns":3},{"damage":1,"enemies":"Cultist","floor":3,"turns":3},{"damage":26,"enemies":"Lots of Slimes","floor":5,"turns":4},{"damage":35,"enemies":"3 Sentries","floor":6,"turns":7},{"damage":30,"enemies":"Gremlin Gang","floor":7,"turns":4},{"damage":15,"enemies":"Gremlin Nob","floor":10,"turns":4},{"damage":21,"enemies":"Large Slime","floor":13,"turns":4},{"damage":16,"enemies":"Lagavulin","floor":14,"turns":5},{"damage":0,"enemies":"Slime Boss","floor":16,"turns":5},{"damage":2,"enemies":"Chosen","floor":18,"turns":4},{"damage":50,"enemies":"3 Byrds","floor":20,"turns":5},{"damage":15,"enemies":"Snecko","floor":21,"turns":4},{"damage":34,"enemies":"Slavers","floor":23,"turns":2}],"seed_played":"-7733680546134585388","potions_obtained":[{"floor":1,"key":"SneckoOil"},{"floor":2,"key":"SpeedPotion"},{"floor":3,"key":"BloodPotion"},{"floor":14,"key":"Fire Potion"},{"floor":18,"key":"Ancient Potion"}],"is_trial":false,"path_per_floor":["M","M","M","?","M","E","M","R","T","E","R","$","M","E","R","B",null,"M","?","M","M","?"],"character_chosen":"IRONCLAD","items_purchased":["Vajra","Heavy Blade"],"campfire_rested":3,"item_purchase_floors":[12,12],"current_hp_per_floor":[80,79,80,80,60,39,15,39,39,30,69,69,54,44,80,80,80,80,80,36,27,27,0],"gold":223,"neow_bonus":"ONE_RARE_RELIC","is_prod":false,"is_daily":false,"chose_seed":false,"campfire_upgraded":0,"win_rate":0,"timestamp":1532346045,"path_taken":["M","M","M","?","?","E","M","R","T","E","R","$","M","E","R","BOSS","M","?","M","M","?","E"],"build_version":"2018-07-19v2","purchased_purges":0,"victory":false,"max_hp_per_floor":[80,80,80,80,80,80,80,80,80,80,80,80,80,80,80,80,80,80,80,80,80,56,56],"card_choices":[{"not_picked":["Dual Wield","Evolve"],"picked":"Wild Strike","floor":1},{"not_picked":["Burning Pact","Metallicize"],"picked":"Searing Blow","floor":2},{"not_picked":["Heavy Blade","Entrench"],"picked":"Inflame","floor":3},{"not_picked":["Sword Boomerang","Spot Weakness"],"picked":"Rampage","floor":5},{"not_picked":["Body Slam","Shrug It Off"],"picked":"Evolve","floor":6},{"not_picked":["Warcry","Cleave"],"picked":"Wild Strike","floor":7},{"not_picked":["Inflame","Clash"],"picked":"Flex","floor":10},{"not_picked":["Body Slam","Metallicize"],"picked":"Double Tap","floor":13},{"not_picked":["Sword Boomerang","Feel No Pain"],"picked":"True Grit","floor":14},{"not_picked":["Exhume","Brutality"],"picked":"Impervious","floor":16},{"not_picked":["Clothesline","Clash"],"picked":"Armaments","floor":18},{"not_picked":["Shrug It Off","Bloodletting+1"],"picked":"Havoc","floor":20},{"not_picked":["Shrug It Off","Second Wind"],"picked":"Searing Blow","floor":21}],"player_experience":135996,"relics_obtained":[{"floor":6,"key":"Boot"},{"floor":9,"key":"Art of War"},{"floor":10,"key":"Regal Pillow"},{"floor":14,"key":"Pen Nib"}],"event_choices":[{"event_name":"Golden Wing","player_choice":"Gained Gold","floor":4,"damage_taken":0},{"event_name":"Transmorgrifier","player_choice":"Transform","floor":19,"damage_taken":0},{"event_name":"Vampires","player_choice":"Became a vampire","floor":22,"damage_taken":0}],"is_beta":false,"boss_relics":[{"not_picked":["Empty Cage","Ectoplasm"],"picked":"Runic Dome"}],"items_purged_floors":[],"is_endless":false,"potions_floor_spawned":[1,2,3,14,18],"killed_by":"Slavers","ascension_level":2}