{"gold_per_floor":[110,38,38,38,53,85,85,120,166,186,204,254,264,274,274,370,370,381,456,58,75,93,93],"floor_reached":23,"playtime":7249,"items_purged":["Strike_G"],"score":284,"play_id":"dc2b7463-4ebf-4057-950d-a482cf053b65","local_time":"20190407203004","is_ascension_mode":true,"campfire_choices":[{"floor":7,"key":"REST"},{"floor":15,"key":"REST"}],"neow_cost":"NONE","seed_source_timestamp":1614222077002302,"circlet_count":0,"master_deck":["Defend_G","Defend_G","Defend_G","Defend_G","Defend_G","Strike_G","Strike_G","Strike_G","Survivor","Neutralize","Dodge and Roll","Noxious Fumes","Endless Agony","Catalyst","Envenom","Leg Sweep","Footwork","Concentrate","Bouncing Flask","Die Die Die","Footwork","PiercingWail","Noxious Fumes"],"relics":["Ring of the Snake","Vajra","Orichalcum","Potion Belt","Velvet Choker","TwistedFunnel"],"potions_floor_usage":[6,6,6,10,16],"damage_taken":[{"damage":2,"enemies":"Cultist","floor":1,"turns":5},{"damage":2,"enemies":"2 Louse","floor":5,"turns":4},{"damage":27,"enemies":"Lagavulin","floor":6,"turns":11},{"damage":43,"enemies":"Gremlin Nob","floor":8,"turns":5},{"damage":3,"enemies":"Small Slimes","floor":10,"turns":5},{"damage":11,"enemies":"Exordium Wildlife","floor":11,"turns":5},{"damage":0,"enemies":"Large Slime","floor":13,"turns":8},{"damage":9,"enemies":"Lots of Slimes","floor":14,"turns":7},{"damage":15,"enemies":"The Guardian","floor":16,"turns":9},{"damage":31,"enemies":"3 Byrds","floor":18,"turns":5},{"damage":0,"enemies":"Spheric Guardian","floor":21,"turns":3},{"damage":7,"enemies":"3 Cultists","floor":22,"turns":5},{"damage":17,"enemies":"Book of Stabbing","floor":23,"turns":3}],"seed_played":"-7075443505746358178","potions_obtained":[{"floor":1,"key":"AttackPotion"},{"floor":4,"key":"SkillPotion"},{"floor":4,"key":"SkillPotion"},{"floor":8,"key":"Regen Potion"},{"floor":14,"key":"LiquidBronze"},{"floor":21,"key":"Dexterity Potion"}],"is_trial":false,"path_per_floor":["M","$","?","?","M","E","R","E","T","M","M","T","M","M","R","B",null,"M","?","$","M","M","E"],"character_chosen":"THE_SILENT","items_purchased":["Noxious Fumes","TwistedFunnel","Footwork","PiercingWail"],"campfire_rested":2,"item_purchase_floors":[2,20,20,20],"current_hp_per_floor":[68,68,61,61,59,32,55,12,12,23,12,12,12,3,26,11,61,30,23,23,23,16,0],"gold":93,"neow_bonus":"TEN_PERCENT_HP_BONUS","is_prod":false,"is_daily":false,"chose_seed":false,"campfire_upgraded":0,"win_rate":0,"timestamp":1554683404,"path_taken":["M","?","?","?","M","E","R","E","T","M","?","?","M","M","R","BOSS","M","?","$","?","M","E"],"build_version":"2019-01-23","purchased_purges":1,"victory":false,"max_hp_per_floor":[77,77,77,77,77,77,77,77,77,77,77,77,77,77,77,77,77,77,77,77,77,77,77],"card_choices":[{"not_picked":["Choke","Eviscerate"],"picked":"Dodge and Roll","floor":1},{"not_picked":["All Out Attack","Dagger Throw"],"picked":"Endless Agony","floor":5},{"not_picked":["Prepared","Expertise"],"picked":"Catalyst","floor":6},{"not_picked":["Bane","Tactician"],"picked":"Envenom","floor":8},{"not_picked":["Prepared","Dash"],"picked":"Leg Sweep","floor":10},{"not_picked":["Blade Dance","Dagger Spray"],"picked":"Footwork","floor":11},{"not_picked":["Distraction","Dodge and Roll"],"picked":"Concentrate","floor":13},{"not_picked":["Masterful Stab","Bane"],"picked":"Bouncing Flask","floor":14},{"not_picked":["Envenom","Doppelganger"],"picked":"Die Die Die","floor":16},{"not_picked":["Quick Slash","Bane","Dodge and Roll"],"picked":"SKIP","floor":18},{"not_picked":["Deadly Poison","Outmaneuver+1","Poisoned Stab+1"],"picked":"SKIP","floor":21},{"not_picked":["Tactician+1","Flechettes"],"picked":"Noxious Fumes","floor":22}],"player_experience":1297817,"relics_obtained":[{"floor":6,"key":"Vajra"},{"floor":8,"key":"Orichalcum"},{"floor":12,"key":"Potion Belt"}],"event_choices":[{"cards_removed":["Strike_G"],"damage_healed":0,"gold_gain":0,"player_choice":"Card Removal","damage_taken":7,"max_hp_gain":0,"max_hp_loss":0,"event_name":"Golden Wing","floor":3,"gold_loss":0},{"damage_healed":0,"gold_gain":0,"player_choice":"Got Potions","damage_taken":0,"max_hp_gain":0,"max_hp_loss":0,"event_name":"Lab","floor":4,"gold_loss":0},{"damage_healed":0,"gold_gain":75,"player_choice":"Touch","damage_taken":7,"max_hp_gain":0,"max_hp_loss":0,"event_name":"FaceTrader","floor":19,"gold_loss":0}],"is_beta":false,"boss_relics":[{"not_picked":["Empty Cage","Black Star"],"picked":"Velvet Choker"}],"items_purged_floors":[20],"is_endless":false,"potions_floor_spawned":[1,5,8,14,21],"killed_by":"Book of Stabbing","ascension_level":8}