{"gold_per_floor":[119,135,135,145,145,145,21,21,21,55,55,66,66,86,86,190,190,210,223,223],"floor_reached":20,"playtime":645,"items_purged":["Strike_B"],"score":235,"play_id":"3767d778-8619-4a36-9bbe-a2996e788a61","local_time":"20190502140251","is_ascension_mode":true,"campfire_choices":[{"data":"Go for the Eyes","floor":6,"key":"SMITH"},{"data":"Redo","floor":8,"key":"SMITH"},{"data":"Zap","floor":13,"key":"SMITH"},{"data":"Darkness","floor":15,"key":"SMITH"}],"neow_cost":"NONE","seed_source_timestamp":484051566203764,"circlet_count":0,"master_deck":["Strike_B","Strike_B","Strike_B","Defend_B","Defend_B","Defend_B","Defend_B","Zap+1","Dualcast","Darkness+1","Cold Snap","Compile Driver","Go for the Eyes+1","Redo+1","Capacitor","Sweeping Beam","Rebound","Core Surge","Steam+1","White Noise+1"],"relics":["Cracked Core","Gremlin Horn","Meat on the Bone","Question Card","Black Star"],"potions_floor_usage":[10,16,19],"damage_taken":[{"damage":7,"enemies":"Jaw Worm","floor":1,"turns":3},{"damage":3,"enemies":"2 Louse","floor":2,"turns":2},{"damage":5,"enemies":"Small Slimes","floor":4,"turns":3},{"damage":14,"enemies":"Gremlin Nob","floor":10,"turns":4},{"damage":1,"enemies":"Blue Slaver","floor":12,"turns":4},{"damage":12,"enemies":"Exordium Thugs","floor":14,"turns":4},{"damage":9,"enemies":"Slime Boss","floor":16,"turns":5},{"damage":30,"enemies":"Shell Parasite","floor":18,"turns":7},{"damage":29,"enemies":"3 Byrds","floor":19,"turns":5},{"damage":25,"enemies":"Centurion and Healer","floor":20,"turns":4}],"seed_played":"1891589736387840186","potions_obtained":[{"floor":1,"key":"PowerPotion"},{"floor":10,"key":"GamblersBrew"},{"floor":14,"key":"Swift Potion"}],"is_trial":false,"path_per_floor":["M","M","?","M","?","R","$","R","T","E","?","M","R","M","R","B",null,"M","M","M"],"character_chosen":"DEFECT","items_purchased":["Redo"],"campfire_rested":0,"item_purchase_floors":[7],"current_hp_per_floor":[61,58,55,50,50,50,50,50,50,48,53,52,52,52,52,43,71,41,24,0],"gold":223,"neow_bonus":"THREE_CARDS","is_prod":false,"is_daily":false,"chose_seed":false,"campfire_upgraded":4,"win_rate":0,"timestamp":1556776971,"path_taken":["M","M","?","M","?","R","$","R","T","E","?","M","R","M","R","BOSS","M","M","M"],"build_version":"2019-01-23","purchased_purges":1,"victory":false,"max_hp_per_floor":[75,75,75,75,75,75,75,75,75,75,80,80,80,80,80,80,80,80,80,80],"card_choices":[{"not_picked":["Cold Snap","Compile Driver"],"picked":"Darkness","floor":0},{"not_picked":["Capacitor","Compile Driver"],"picked":"Cold Snap","floor":1},{"not_picked":["Melter","Stack"],"picked":"Compile Driver","floor":2},{"not_picked":["Cold Snap","Undo"],"picked":"Go for the Eyes","floor":4},{"not_picked":["Conserve Battery","White Noise"],"picked":"Capacitor","floor":10},{"not_picked":["Leap","Hologram","Cold Snap"],"picked":"Sweeping Beam","floor":12},{"not_picked":["Creative AI","Gash","Sweeping Beam"],"picked":"Rebound","floor":14},{"not_picked":["Amplify","Meteor Strike","Machine Learning"],"picked":"Core Surge","floor":16},{"not_picked":["Go for the Eyes","Cold Snap+1","Ball Lightning"],"picked":"Steam+1","floor":18},{"not_picked":["Gash","Stack","Coolheaded"],"picked":"White Noise+1","floor":19}],"player_experience":841930,"relics_obtained":[{"floor":9,"key":"Meat on the Bone"},{"floor":10,"key":"Question Card"}],"event_choices":[{"damage_healed":0,"gold_gain":0,"player_choice":"Success","damage_taken":3,"relics_obtained":["Gremlin Horn"],"max_hp_gain":0,"max_hp_loss":0,"event_name":"Scrap Ooze","floor":3,"gold_loss":0},{"damage_healed":0,"gold_gain":0,"player_choice":"Ignored","damage_taken":0,"max_hp_gain":0,"max_hp_loss":0,"event_name":"Golden Idol","floor":5,"gold_loss":0},{"damage_healed":0,"gold_gain":0,"player_choice":"Donut","damage_taken":0,"max_hp_gain":5,"max_hp_loss":0,"event_name":"Big Fish","floor":11,"gold_loss":0}],"is_beta":false,"boss_relics":[{"not_picked":["Cursed Key","Sozu"],"picked":"Black Star"}],"items_purged_floors":[7],"is_endless":false,"potions_floor_spawned":[1,10,14],"killed_by":"Centurion and Healer","ascension_level":7}