{"gold_per_floor":[112,126,143,163,173,173,183,183,209,209,209,184,215,233,233,329,329,343,343,343,192,204,204,60,89,89,9,9,25,25,41,41,139,169,186,186,186,186,186,186,186],"floor_reached":41,"playtime":2984,"items_purged":[],"score":495,"play_id":"222ce323-f457-4dd9-93aa-0609c12f540d","local_time":"20180802043637","is_ascension_mode":true,"campfire_choices":[{"floor":6,"key":"REST"},{"floor":8,"key":"REST"},{"data":"Cloak And Dagger","floor":11,"key":"SMITH"},{"floor":15,"key":"REST"},{"data":"Reflex","floor":23,"key":"SMITH"},{"floor":30,"key":"REST"},{"floor":32,"key":"REST"},{"data":"Reflex","floor":40,"key":"SMITH"}],"neow_cost":"NONE","seed_source_timestamp":247441480629121,"circlet_count":0,"master_deck":["Defend_G","Defend_G","Defend_G","Defend_G","Defend_G","Strike_G","Strike_G","Strike_G","Strike_G","Strike_G","Survivor","Neutralize","Cloak And Dagger+1","All Out Attack+1","Underhanded Strike","Underhanded Strike","Sucker Punch","Eviscerate+1","Acrobatics","Reflex+1","Backflip","Storm of Steel","Sucker Punch","Masterful Stab","Slice","Tools of the Trade","Skewer","Backflip+1","RitualDagger","Backflip","PiercingWail","Reflex+1","Expertise","Finisher+1","Tools of the Trade","Doubt","Clumsy","Backstab+1","Masterful Stab","Neutralize"],"relics":["HoveringKite","Lantern","Tough Bandages","Orrery","Bag of Marbles","Blood Vial","Ancient Tea Set","Letter Opener","Calling Bell","Tiny Chest","Kunai","Sundial","Bottled Lightning"],"potions_floor_usage":[5,5,35,41,41,41],"damage_taken":[{"damage":0,"enemies":"Cultist","floor":1,"turns":4},{"damage":10,"enemies":"Jaw Worm","floor":2,"turns":6},{"damage":9,"enemies":"2 Louse","floor":3,"turns":3},{"damage":10,"enemies":"Exordium Wildlife","floor":4,"turns":4},{"damage":17,"enemies":"Large Slime","floor":5,"turns":5},{"damage":2,"enemies":"3 Louse","floor":7,"turns":3},{"damage":8,"enemies":"3 Sentries","floor":13,"turns":5},{"damage":0,"enemies":"Exordium Wildlife","floor":14,"turns":3},{"damage":19,"enemies":"The Guardian","floor":16,"turns":11},{"damage":4,"enemies":"Spheric Guardian","floor":18,"turns":4},{"damage":6,"enemies":"2 Thieves","floor":22,"turns":4},{"damage":19,"enemies":"Book of Stabbing","floor":25,"turns":5},{"damage":6,"enemies":"Snake Plant","floor":29,"turns":4},{"damage":9,"enemies":"Centurion and Healer","floor":31,"turns":5},{"damage":31,"enemies":"Automaton","floor":33,"turns":11},{"damage":23,"enemies":"Flame Bruiser 1 Orb","floor":35,"turns":6},{"damage":45,"enemies":"Giant Head","floor":41,"turns":11}],"seed_played":"3903845560289206215","potions_obtained":[{"floor":1,"key":"AttackPotion"},{"floor":4,"key":"FearPotion"},{"floor":5,"key":"AttackPotion"},{"floor":22,"key":"Ancient Potion"},{"floor":25,"key":"GhostInAJar"},{"floor":31,"key":"GamblersBrew"},{"floor":33,"key":"SkillPotion"},{"floor":35,"key":"SpeedPotion"}],"is_trial":false,"path_per_floor":["M","M","M","M","M","R","M","R","T","?","R","$","E","M","R","B",null,"M","?","?","$","M","R","$","E","T","$","?","M","R","M","R","B",null,"M","?","?","?","T","R"],"character_chosen":"THE_SILENT","items_purchased":["Acrobatics","Bag of Marbles","Blood Vial","Reflex"],"campfire_rested":5,"item_purchase_floors":[12,21,24,27],"current_hp_per_floor":[70,60,51,41,24,45,43,64,64,50,50,50,42,42,63,44,70,66,60,60,60,54,54,54,37,37,37,37,33,54,47,68,39,70,47,47,47,47,47,47,4],"gold":186,"neow_bonus":"BOSS_RELIC","is_prod":false,"is_daily":false,"chose_seed":false,"campfire_upgraded":3,"win_rate":0,"timestamp":1533209797,"path_taken":["M","?","M","M","M","R","M","R","T","?","R","$","E","M","R","BOSS","M","?","?","$","M","R","$","E","T","$","?","M","R","M","R","BOSS","M","?","?","?","?","R","E"],"build_version":"2018-07-26","purchased_purges":0,"victory":false,"max_hp_per_floor":[70,70,70,70,70,70,70,70,70,70,70,70,70,70,70,70,70,70,70,70,70,70,70,70,70,70,70,70,70,70,70,70,70,70,70,70,70,70,70,70,70],"card_choices":[{"not_picked":["Crippling Poison","PiercingWail"],"picked":"Cloak And Dagger","floor":1},{"not_picked":["Setup","Dodge and Roll"],"picked":"All Out Attack","floor":2},{"not_picked":["Outmaneuver","Backflip"],"picked":"Underhanded Strike","floor":3},{"not_picked":["Flechettes","Glass Knife"],"picked":"Underhanded Strike","floor":4},{"not_picked":["Dagger Spray","Flying Knee"],"picked":"Sucker Punch","floor":5},{"not_picked":["Outmaneuver","PiercingWail"],"picked":"Eviscerate","floor":7},{"not_picked":["Doppelganger","Dash"],"picked":"Reflex","floor":13},{"not_picked":["Bane","Dagger Throw"],"picked":"Backflip","floor":14},{"not_picked":["Corpse Explosion","Grand Finale"],"picked":"Storm of Steel","floor":16},{"not_picked":["Backstab","Infinite Blades"],"picked":"Sucker Punch","floor":17},{"not_picked":["Outmaneuver","Crippling Poison"],"picked":"Masterful Stab","floor":17},{"not_picked":["Bane","Noxious Fumes"],"picked":"Slice","floor":17},{"not_picked":["Bane","Deflect"],"picked":"Tools of the Trade","floor":17},{"not_picked":["Slice","PiercingWail"],"picked":"Skewer","floor":17},{"not_picked":["Footwork","Reflex"],"picked":"Backflip+1","floor":18},{"not_picked":["Backstab","Slice"],"picked":"Backflip","floor":22},{"not_picked":["Dagger Throw","Die Die Die"],"picked":"PiercingWail","floor":25},{"not_picked":["Flechettes","Flying Knee"],"picked":"Expertise","floor":29},{"not_picked":["Backstab","Outmaneuver"],"picked":"Finisher+1","floor":31},{"not_picked":["Night Terror","Phantasmal Killer"],"picked":"Tools of the Trade","floor":33},{"not_picked":["Crippling Poison+1","Poisoned Stab"],"picked":"Backstab+1","floor":35}],"player_experience":215572,"relics_obtained":[{"floor":9,"key":"Lantern"},{"floor":13,"key":"Tough Bandages"},{"floor":25,"key":"Ancient Tea Set"},{"floor":26,"key":"Letter Opener"},{"floor":34,"key":"Tiny Chest"},{"floor":34,"key":"Kunai"},{"floor":34,"key":"Sundial"},{"floor":39,"key":"Bottled Lightning"}],"event_choices":[{"event_name":"Shining Light","player_choice":"Entered Light","floor":10,"damage_taken":0},{"event_name":"Nest","player_choice":"Joined the Cult","floor":19,"damage_taken":0},{"event_name":"Ghosts","player_choice":"Ignored","floor":20,"damage_taken":0},{"event_name":"Beggar","player_choice":"Ignored","floor":28,"damage_taken":0},{"event_name":"Match and Keep!","player_choice":"2 cards matched","floor":36,"damage_taken":0},{"event_name":"SecretPortal","player_choice":"Rejected Portal.","floor":37,"damage_taken":0},{"event_name":"Purifier","player_choice":"One Purge","floor":38,"damage_taken":0}],"is_beta":false,"boss_relics":[{"not_picked":["White Beast Statue","Sozu"],"picked":"Orrery"},{"not_picked":["Fusion Hammer","Snecko Eye"],"picked":"Calling Bell"}],"items_purged_floors":[],"is_endless":false,"potions_floor_spawned":[1,4,5,22,25,31,33,35],"killed_by":"Giant Head","ascension_level":3}