{"gold_per_floor":[118,118,128,144,104,104,115,134,204,230,230,311,311,311,311,406,406,418,435,435,435],"floor_reached":21,"playtime":574,"items_purged":[],"score":242,"play_id":"96e827c4-2388-4f3e-9367-d532e5c7770c","local_time":"20190503143601","is_ascension_mode":true,"campfire_choices":[{"data":"Genetic Algorithm","floor":6,"key":"SMITH"},{"data":"Aggregate","floor":11,"key":"SMITH"},{"floor":13,"key":"REST"},{"floor":15,"key":"REST"}],"neow_cost":"NONE","seed_source_timestamp":572512751731187,"circlet_count":0,"master_deck":["Strike_B","Strike_B","Strike_B","Strike_B","Defend_B","Defend_B","Defend_B","Defend_B","Zap+1","Dualcast","Steam","Ball Lightning","Genetic Algorithm+1","Capacitor","Rebound","Conserve Battery","Aggregate+1","Reboot","Genetic Algorithm+1"],"relics":["Cracked Core","Dodecahedron","Bird Faced Urn","Meat on the Bone","Busted Crown"],"potions_floor_usage":[8,10],"damage_taken":[{"damage":0,"enemies":"Cultist","floor":1,"turns":3},{"damage":7,"enemies":"Jaw Worm","floor":3,"turns":3},{"damage":1,"enemies":"Small Slimes","floor":4,"turns":3},{"damage":11,"enemies":"Looter","floor":7,"turns":3},{"damage":0,"enemies":"Red Slaver","floor":8,"turns":1},{"damage":23,"enemies":"Lagavulin","floor":10,"turns":6},{"damage":46,"enemies":"The Guardian","floor":16,"turns":16},{"damage":12,"enemies":"Chosen","floor":18,"turns":6},{"damage":18,"enemies":"Shell Parasite","floor":19,"turns":8},{"damage":13,"enemies":"Snake Plant","floor":21,"turns":3}],"seed_played":"-5787324934672328816","potions_obtained":[{"floor":1,"key":"Fire Potion"},{"floor":2,"key":"Energy Potion"},{"floor":2,"key":"Weak Potion"},{"floor":10,"key":"Swift Potion"},{"floor":18,"key":"AttackPotion"}],"is_trial":false,"path_per_floor":["M","?","M","M","$","R","M","M","T","E","R","T","R","?","R","B",null,"M","M","?","M"],"character_chosen":"DEFECT","items_purchased":["Capacitor"],"campfire_rested":2,"item_purchase_floors":[5],"current_hp_per_floor":[68,68,61,60,60,60,49,49,49,26,26,26,48,48,70,38,66,54,38,38,25],"gold":435,"neow_bonus":"UPGRADE_CARD","is_prod":false,"is_daily":false,"chose_seed":false,"campfire_upgraded":2,"win_rate":0,"timestamp":1556865361,"path_taken":["M","?","?","M","$","R","M","M","T","E","R","?","R","?","R","BOSS","M","M","?","M"],"build_version":"2019-01-23","purchased_purges":0,"victory":false,"max_hp_per_floor":[75,75,75,75,75,75,75,75,75,75,75,75,75,75,75,75,75,75,75,75,75],"card_choices":[{"not_picked":["BootSequence","Cold Snap"],"picked":"Steam","floor":1},{"not_picked":["Cold Snap","Beam Cell"],"picked":"Ball Lightning","floor":3},{"not_picked":["Skim","Tempest"],"picked":"Genetic Algorithm","floor":4},{"not_picked":["Force Field","Redo"],"picked":"Rebound","floor":7},{"not_picked":["Redo","Machine Learning"],"picked":"Conserve Battery","floor":8},{"not_picked":["Hello World","Hologram"],"picked":"Aggregate","floor":10},{"not_picked":["Biased Cognition","Machine Learning"],"picked":"Reboot","floor":16},{"not_picked":["Hologram"],"picked":"SKIP","floor":18},{"not_picked":["Beam Cell"],"picked":"SKIP","floor":19}],"player_experience":847935,"relics_obtained":[{"floor":9,"key":"Dodecahedron"},{"floor":10,"key":"Bird Faced Urn"},{"floor":12,"key":"Meat on the Bone"}],"event_choices":[{"damage_healed":0,"gold_gain":0,"player_choice":"Got Potions","damage_taken":0,"max_hp_gain":0,"max_hp_loss":0,"event_name":"Lab","floor":2,"gold_loss":0},{"damage_healed":0,"gold_gain":0,"player_choice":"Ignored","damage_taken":0,"max_hp_gain":0,"max_hp_loss":0,"event_name":"Liars Game","floor":14,"gold_loss":0},{"damage_healed":0,"gold_gain":0,"player_choice":"Copied","damage_taken":0,"max_hp_gain":0,"max_hp_loss":0,"event_name":"Duplicator","floor":20,"gold_loss":0,"cards_obtained":["Genetic Algorithm"]}],"is_beta":false,"boss_relics":[{"not_picked":["Snecko Eye","Lizard Tail"],"picked":"Busted Crown"}],"items_purged_floors":[],"is_endless":false,"potions_floor_spawned":[1,7,10,18],"killed_by":"Snake Plant","ascension_level":7}