{"gold_per_floor":[109,119,40,40,115,115,127,160,160,160,186,36,36,49,49,153,203,172,172,172],"floor_reached":20,"playtime":791,"items_purged":[],"score":198,"play_id":"777c969a-c356-4cec-8ae4-cd9ca6451ad8","local_time":"20181102104047","is_ascension_mode":true,"campfire_choices":[{"data":"Defragment","floor":6,"key":"SMITH"},{"floor":10,"key":"REST"},{"floor":13,"key":"REST"},{"data":"Loop","floor":15,"key":"SMITH"}],"neow_cost":"NONE","seed_source_timestamp":93209934126277,"circlet_count":0,"master_deck":["Strike_B","Strike_B","Strike_B","Strike_B","Defend_B","Defend_B","Defend_B","Defend_B","Zap","Dualcast","Chill","Loop+1","Defragment+1","Fusion","Redo","Ball Lightning","Self Repair","Chaos","Core Surge","Multi-Cast+1","Conserve Battery","Darkness","Writhe"],"relics":["Cracked Core","Thread and Needle","Dodecahedron","Calipers","Tiny House","Bag of Preparation"],"potions_floor_usage":[16,20,20],"damage_taken":[{"damage":4,"enemies":"Small Slimes","floor":1,"turns":3},{"damage":0,"enemies":"Cultist","floor":2,"turns":3},{"damage":3,"enemies":"Jaw Worm","floor":7,"turns":3},{"damage":16,"enemies":"Gremlin Nob","floor":8,"turns":4},{"damage":11,"enemies":"3 Sentries","floor":11,"turns":12},{"damage":0,"enemies":"3 Louse","floor":14,"turns":3},{"damage":5,"enemies":"Slime Boss","floor":16,"turns":7},{"damage":40,"enemies":"2 Thieves","floor":18,"turns":5},{"damage":21,"enemies":"Colosseum Slavers","floor":20,"turns":5},{"damage":47,"enemies":"Colosseum Nobs","floor":20,"turns":4}],"seed_played":"7924336933002198277","potions_obtained":[{"floor":11,"key":"Dexterity Potion"},{"floor":14,"key":"Explosive Potion"},{"floor":16,"key":"Weak Potion"},{"floor":17,"key":"SteroidPotion"}],"is_trial":false,"path_per_floor":["M","M","$","?","?","R","M","E","T","R","E","$","R","M","R","B",null,"M","?","?"],"character_chosen":"DEFECT","items_purchased":["Defragment","Self Repair","Chaos"],"campfire_rested":2,"item_purchase_floors":[3,12,12],"current_hp_per_floor":[78,78,78,78,70,70,67,51,51,75,64,64,82,82,82,82,87,54,54,0],"gold":172,"neow_bonus":"TEN_PERCENT_HP_BONUS","is_prod":false,"is_daily":false,"chose_seed":false,"campfire_upgraded":2,"win_rate":0,"timestamp":1541126447,"path_taken":["M","M","$","?","?","R","M","E","T","R","E","$","R","?","R","BOSS","M","?","?"],"build_version":"2018-11-01","purchased_purges":0,"victory":false,"max_hp_per_floor":[82,82,82,82,82,82,82,82,82,82,82,82,82,82,82,82,87,87,87,87],"card_choices":[{"not_picked":["Steam","Blizzard"],"picked":"Chill","floor":1},{"not_picked":["Ball Lightning","Go for the Eyes"],"picked":"Loop","floor":2},{"not_picked":["Conserve Battery","Leap"],"picked":"Fusion","floor":7},{"not_picked":["Rebound","Steam Power"],"picked":"Redo","floor":8},{"not_picked":["Undo","Fusion"],"picked":"Ball Lightning","floor":11},{"not_picked":["Skim","White Noise"],"picked":"Core Surge","floor":14},{"not_picked":["Rainbow","Hyperbeam"],"picked":"Multi-Cast","floor":16},{"not_picked":["Turbo","Hologram"],"picked":"Conserve Battery","floor":17},{"not_picked":["Recycle","Sweeping Beam"],"picked":"Darkness","floor":18}],"player_experience":411044,"relics_obtained":[{"floor":8,"key":"Thread and Needle"},{"floor":9,"key":"Dodecahedron"},{"floor":11,"key":"Calipers"}],"event_choices":[{"damage_healed":0,"gold_gain":0,"player_choice":"Leave","damage_taken":0,"max_hp_gain":0,"max_hp_loss":0,"event_name":"The Cleric","floor":4,"gold_loss":0},{"damage_healed":0,"gold_gain":75,"player_choice":"Touch","damage_taken":8,"max_hp_gain":0,"max_hp_loss":0,"event_name":"FaceTrader","floor":5,"gold_loss":0},{"damage_healed":0,"gold_gain":0,"player_choice":"Opened","damage_taken":0,"relics_obtained":["Bag of Preparation"],"max_hp_gain":0,"max_hp_loss":0,"event_name":"The Mausoleum","floor":19,"gold_loss":0,"cards_obtained":["Writhe"]},{"damage_healed":0,"gold_gain":0,"player_choice":"Fight","damage_taken":0,"max_hp_gain":0,"max_hp_loss":0,"event_name":"Colosseum","floor":20,"gold_loss":0},{"damage_healed":0,"gold_gain":0,"player_choice":"Fought Nobs","damage_taken":0,"max_hp_gain":0,"max_hp_loss":0,"event_name":"Colosseum","floor":20,"gold_loss":0}],"is_beta":false,"boss_relics":[{"not_picked":["Sozu","Astrolabe"],"picked":"Tiny House"}],"items_purged_floors":[],"is_endless":false,"potions_floor_spawned":[11,14,16,18,20],"killed_by":"Colosseum Nobs","ascension_level":2}