{"gold_per_floor":[111,3,22,42,52,52,2,28,65,107,145,157,181,241,253,343,355,384,396,378,390,414,453,465,507,519,557,587,599],"floor_reached":29,"playtime":1755,"items_purged":["Strike_B"],"score":498,"play_id":"059cd3e8-c823-4243-8d4a-2d65798cfe53","local_time":"20190413030913","is_ascension_mode":true,"campfire_choices":[{"data":"Zap","floor":6,"key":"SMITH"},{"floor":15,"key":"REST"},{"floor":24,"key":"REST"}],"neow_cost":"NONE","seed_source_timestamp":264537017604726,"circlet_count":0,"master_deck":["AscendersBane","Strike_B","Defend_B","Defend_B","Defend_B","Zap+1","Dualcast","FTL","Coolheaded","Reinforced Body","Lockon","Cold Snap","Creative AI","Sunder"],"relics":["Cracked Core","MawBank","PreservedInsect","Bag of Marbles","Regal Pillow","Velvet Choker","Mummified Hand","Matryoshka","Vajra","Singing Bowl"],"potions_floor_usage":[5,8,13,16,21,22,23,29],"damage_taken":[{"damage":1,"enemies":"Cultist","floor":1,"turns":3},{"damage":2,"enemies":"Small Slimes","floor":3,"turns":3},{"damage":0,"enemies":"2 Louse","floor":4,"turns":2},{"damage":0,"enemies":"2 Fungi Beasts","floor":5,"turns":2},{"damage":29,"enemies":"Lagavulin","floor":8,"turns":7},{"damage":36,"enemies":"Gremlin Nob","floor":11,"turns":5},{"damage":0,"enemies":"Large Slime","floor":13,"turns":3},{"damage":18,"enemies":"The Guardian","floor":16,"turns":12},{"damage":14,"enemies":"Spheric Guardian","floor":18,"turns":6},{"damage":7,"enemies":"3 Byrds","floor":21,"turns":3},{"damage":10,"enemies":"Shelled Parasite and Fungi","floor":22,"turns":9},{"damage":13,"enemies":"Book of Stabbing","floor":23,"turns":6},{"damage":18,"enemies":"Slavers","floor":25,"turns":3},{"damage":10,"enemies":"Book of Stabbing","floor":27,"turns":4},{"damage":22,"enemies":"Snake Plant","floor":28,"turns":4},{"damage":13,"enemies":"Cultist and Chosen","floor":29,"turns":6}],"seed_played":"-1219571167893076325","potions_obtained":[{"floor":1,"key":"Fire Potion"},{"floor":4,"key":"Fire Potion"},{"floor":11,"key":"AttackPotion"},{"floor":13,"key":"FocusPotion"},{"floor":20,"key":"SmokeBomb"},{"floor":20,"key":"Weak Potion"},{"floor":22,"key":"EssenceOfSteel"},{"floor":23,"key":"Strength Potion"}],"is_trial":false,"path_per_floor":["M","$","M","M","M","R","?","E","T","?","E","?","M","T","R","B",null,"M","?","?","M","M","E","R","E","T","E","M","M"],"character_chosen":"DEFECT","items_purchased":["FTL"],"campfire_rested":2,"item_purchase_floors":[2],"current_hp_per_floor":[70,70,68,68,68,68,68,39,39,39,3,3,3,3,41,23,64,50,50,50,43,33,20,58,40,40,32,12,0],"gold":599,"neow_bonus":"TEN_PERCENT_HP_BONUS","is_prod":false,"is_daily":false,"chose_seed":false,"campfire_upgraded":1,"win_rate":0,"timestamp":1555139353,"path_taken":["M","$","?","M","?","R","?","E","T","?","E","?","M","?","R","BOSS","M","?","?","M","?","E","R","E","T","E","M","M"],"build_version":"2019-01-23","purchased_purges":1,"victory":false,"max_hp_per_floor":[78,78,78,78,78,78,78,78,78,78,78,78,78,78,78,78,78,78,78,78,78,78,78,78,78,78,80,82,82],"card_choices":[{"not_picked":["Reprogram","Auto Shields","Barrage"],"picked":"SKIP","floor":1},{"not_picked":["Melter","Gash","Beam Cell"],"picked":"SKIP","floor":3},{"not_picked":["Leap","Blizzard","Rip and Tear"],"picked":"SKIP","floor":4},{"not_picked":["Conserve Battery","Hologram"],"picked":"Coolheaded","floor":5},{"not_picked":["Storm","Melter"],"picked":"Reinforced Body","floor":8},{"not_picked":["Steam","Tempest","Steam Power"],"picked":"SKIP","floor":11},{"not_picked":["Loop","Redo"],"picked":"Cold Snap","floor":13},{"not_picked":["Machine Learning","Reboot"],"picked":"Creative AI","floor":16},{"not_picked":["Consume","Ball Lightning","Redo"],"picked":"SKIP","floor":18},{"not_picked":["Turbo","Go for the Eyes","Fusion"],"picked":"SKIP","floor":22},{"not_picked":["FTL","Doom and Gloom"],"picked":"Sunder","floor":23},{"not_picked":["Fission","Cold Snap","Conserve Battery"],"picked":"SKIP","floor":25},{"not_picked":["Stack+1","Conserve Battery","Chaos"],"picked":"Singing Bowl","floor":27},{"not_picked":["Rebound","Steam","Hologram"],"picked":"Singing Bowl","floor":28}],"player_experience":1339714,"relics_obtained":[{"floor":8,"key":"MawBank"},{"floor":9,"key":"PreservedInsect"},{"floor":11,"key":"Bag of Marbles"},{"floor":14,"key":"Regal Pillow"},{"floor":23,"key":"Mummified Hand"},{"floor":25,"key":"Matryoshka"},{"floor":26,"key":"Vajra"},{"floor":27,"key":"Singing Bowl"}],"event_choices":[{"cards_removed":["Strike_B"],"damage_healed":0,"gold_gain":0,"player_choice":"Card Removal","damage_taken":0,"max_hp_gain":0,"max_hp_loss":0,"event_name":"The Cleric","floor":7,"gold_loss":50},{"damage_healed":0,"gold_gain":30,"player_choice":"Searched \u00271\u0027 times","damage_taken":0,"max_hp_gain":0,"max_hp_loss":0,"event_name":"Dead Adventurer","floor":10,"gold_loss":0},{"damage_healed":0,"gold_gain":0,"cards_transformed":["Defend_B"],"player_choice":"Change","damage_taken":0,"max_hp_gain":0,"max_hp_loss":0,"event_name":"Living Wall","floor":12,"gold_loss":0,"cards_obtained":["Lockon"]},{"cards_removed":["Strike_B"],"damage_healed":0,"gold_gain":0,"player_choice":"Elegance","damage_taken":0,"max_hp_gain":0,"max_hp_loss":0,"event_name":"Back to Basics","floor":19,"gold_loss":0},{"damage_healed":0,"gold_gain":0,"player_choice":"Bought 2 Potions","damage_taken":0,"max_hp_gain":0,"max_hp_loss":0,"event_name":"The Woman in Blue","floor":20,"gold_loss":0}],"is_beta":false,"boss_relics":[{"not_picked":["Sozu","Orrery"],"picked":"Velvet Choker"}],"items_purged_floors":[2],"is_endless":false,"potions_floor_spawned":[1,4,11,13,22,23],"killed_by":"Cultist and Chosen","ascension_level":14}