{"gold_per_floor":[113,67,67,85,100,100,133,149,149,168,168,168,194,210,210,312,312,332,350,330,179,193,193,210,225,250,267,267,285,285,300,300,402,402,418,437,437,437,437,437,437,447,447,447,447,447,464,494,506,518],"floor_reached":50,"playtime":2248,"items_purged":["Strike_B"],"score":656,"play_id":"64b95deb-6527-4003-84dc-0f4579ff1d1d","local_time":"20190506162437","is_ascension_mode":true,"campfire_choices":[{"data":"Hologram","floor":6,"key":"SMITH"},{"floor":15,"key":"REST"},{"data":"Machine Learning","floor":23,"key":"SMITH"},{"floor":30,"key":"REST"},{"data":"White Noise","floor":32,"key":"SMITH"},{"floor":40,"key":"REST"},{"data":"Conserve Battery","floor":44,"key":"SMITH"},{"floor":46,"key":"REST"},{"floor":49,"key":"REST"}],"neow_cost":"NONE","seed_source_timestamp":836560627292462,"circlet_count":0,"master_deck":["Strike_B","Strike_B","Defend_B","Defend_B","Defend_B","Defend_B","Zap+1","Dualcast","Hologram+1","Gash","Conserve Battery+1","Gash","Coolheaded+1","Rebound","White Noise+1","Machine Learning+1","Rainbow","Melter","Self Repair","Doom and Gloom","White Noise+1","Gash","Stack+1","Dark Shackles","Parasite","Madness","Madness","Heatsinks+1","Storm"],"relics":["Cracked Core","NeowsBlessing","Ornamental Fan","Bird Faced Urn","Emotion Chip","Busted Crown","Orichalcum","Philosopher\u0027s Stone","Nunchaku","MawBank"],"potions_floor_usage":[7,13,13,24,24,25,31,33,33,36,47],"damage_taken":[{"damage":0,"enemies":"Jaw Worm","floor":1,"turns":1},{"damage":0,"enemies":"Cultist","floor":4,"turns":1},{"damage":0,"enemies":"Small Slimes","floor":5,"turns":1},{"damage":25,"enemies":"Lagavulin","floor":7,"turns":6},{"damage":3,"enemies":"Blue Slaver","floor":8,"turns":4},{"damage":0,"enemies":"Looter","floor":10,"turns":3},{"damage":17,"enemies":"Gremlin Nob","floor":13,"turns":4},{"damage":0,"enemies":"Gremlin Gang","floor":14,"turns":6},{"damage":28,"enemies":"The Guardian","floor":16,"turns":13},{"damage":0,"enemies":"Spheric Guardian","floor":18,"turns":3},{"damage":19,"enemies":"Chosen","floor":19,"turns":5},{"damage":4,"enemies":"Snecko","floor":22,"turns":4},{"damage":12,"enemies":"Shelled Parasite and Fungi","floor":24,"turns":5},{"damage":13,"enemies":"3 Cultists","floor":25,"turns":4},{"damage":26,"enemies":"Cultist and Chosen","floor":27,"turns":8},{"damage":0,"enemies":"Snecko","floor":29,"turns":5},{"damage":3,"enemies":"3 Cultists","floor":31,"turns":3},{"damage":13,"enemies":"Collector","floor":33,"turns":10},{"damage":38,"enemies":"3 Shapes","floor":35,"turns":4},{"damage":21,"enemies":"3 Darklings","floor":36,"turns":3},{"damage":12,"enemies":"Writhing Mass","floor":42,"turns":6},{"damage":37,"enemies":"Transient","floor":47,"turns":5},{"damage":23,"enemies":"Giant Head","floor":48,"turns":9},{"damage":80,"enemies":"Awakened One","floor":50,"turns":4}],"seed_played":"-2948916777726390717","potions_obtained":[{"floor":1,"key":"PowerPotion"},{"floor":3,"key":"Energy Potion"},{"floor":3,"key":"Fire Potion"},{"floor":8,"key":"FocusPotion"},{"floor":18,"key":"FocusPotion"},{"floor":20,"key":"Block Potion"},{"floor":24,"key":"PowerPotion"},{"floor":29,"key":"Poison Potion"},{"floor":31,"key":"FocusPotion"},{"floor":35,"key":"GamblersBrew"},{"floor":36,"key":"GamblersBrew"}],"is_trial":false,"path_per_floor":["M","$","?","M","M","R","E","M","T","M","?","?","E","M","R","B",null,"M","M","?","$","M","R","M","M","T","M","?","M","R","M","R","B",null,"M","M","?","?","?","R","?","M","T","R","?","R","M","E","R","B"],"character_chosen":"DEFECT","items_purchased":["Gash","Melter"],"campfire_rested":5,"item_purchase_floors":[2,21],"current_hp_per_floor":[68,68,68,68,68,68,43,40,40,40,40,40,25,27,49,25,63,65,50,50,50,50,50,51,51,51,38,38,46,68,69,69,71,74,50,37,37,37,37,59,59,62,62,62,53,75,49,43,65,0],"gold":518,"neow_bonus":"THREE_ENEMY_KILL","is_prod":false,"is_daily":false,"chose_seed":false,"campfire_upgraded":4,"win_rate":0,"timestamp":1557131077,"path_taken":["M","$","?","?","M","R","E","M","T","M","?","?","E","M","R","BOSS","M","M","?","$","?","R","M","M","T","M","?","?","R","M","R","BOSS","M","M","?","?","?","R","?","?","T","R","?","R","M","E","R","BOSS"],"build_version":"2019-01-23","purchased_purges":1,"victory":false,"max_hp_per_floor":[75,75,75,75,75,75,75,75,75,75,75,75,75,75,75,75,75,75,75,75,75,75,75,75,75,75,75,75,75,75,75,75,75,75,75,75,75,75,75,75,75,75,75,75,75,75,75,75,75,75],"card_choices":[{"not_picked":["Self Repair","Recycle"],"picked":"Hologram","floor":1},{"not_picked":["Turbo","Cold Snap"],"picked":"Conserve Battery","floor":4},{"not_picked":["Streamline","Cold Snap"],"picked":"Gash","floor":5},{"not_picked":["Turbo","Barrage"],"picked":"Coolheaded","floor":7},{"not_picked":["Go for the Eyes","Reprogram"],"picked":"Rebound","floor":8},{"not_picked":["Hologram","Barrage","Ball Lightning"],"picked":"SKIP","floor":10},{"not_picked":["Fusion","Steam"],"picked":"White Noise","floor":13},{"not_picked":["Undo","BootSequence"],"picked":"Machine Learning","floor":14},{"not_picked":["Biased Cognition","Hyperbeam"],"picked":"Rainbow","floor":16},{"not_picked":["Compile Driver"],"picked":"SKIP","floor":18},{"not_picked":["Conserve Battery"],"picked":"SKIP","floor":19},{"not_picked":[],"picked":"Self Repair","floor":22},{"not_picked":["Doom and Gloom"],"picked":"SKIP","floor":24},{"not_picked":[],"picked":"Doom and Gloom","floor":24},{"not_picked":["Streamline"],"picked":"SKIP","floor":25},{"not_picked":[],"picked":"White Noise+1","floor":27},{"not_picked":[],"picked":"Gash","floor":29},{"not_picked":["Conserve Battery"],"picked":"SKIP","floor":31},{"not_picked":[],"picked":"Stack+1","floor":35},{"not_picked":["Darkness"],"picked":"SKIP","floor":36},{"not_picked":[],"picked":"Dark Shackles","floor":38},{"not_picked":["Melter"],"picked":"SKIP","floor":42},{"not_picked":[],"picked":"Heatsinks+1","floor":47},{"not_picked":[],"picked":"Storm","floor":48}],"player_experience":856696,"relics_obtained":[{"floor":7,"key":"Ornamental Fan"},{"floor":9,"key":"Bird Faced Urn"},{"floor":13,"key":"Emotion Chip"},{"floor":26,"key":"Orichalcum"},{"floor":43,"key":"Nunchaku"},{"floor":48,"key":"MawBank"}],"event_choices":[{"damage_healed":0,"gold_gain":0,"player_choice":"Got Potions","damage_taken":0,"max_hp_gain":0,"max_hp_loss":0,"event_name":"Lab","floor":3,"gold_loss":0},{"damage_healed":0,"gold_gain":0,"player_choice":"Ignored","damage_taken":0,"max_hp_gain":0,"max_hp_loss":0,"event_name":"Liars Game","floor":11,"gold_loss":0},{"damage_healed":0,"gold_gain":0,"player_choice":"Grow","damage_taken":0,"max_hp_gain":0,"max_hp_loss":0,"event_name":"Living Wall","floor":12,"gold_loss":0,"cards_upgraded":["Coolheaded"]},{"damage_healed":0,"gold_gain":0,"player_choice":"Bought 1 Potion","damage_taken":0,"max_hp_gain":0,"max_hp_loss":0,"event_name":"The Woman in Blue","floor":20,"gold_loss":0},{"damage_healed":0,"gold_gain":0,"player_choice":"Upgraded","damage_taken":0,"max_hp_gain":0,"max_hp_loss":0,"event_name":"Upgrade Shrine","floor":28,"gold_loss":0,"cards_upgraded":["Zap"]},{"damage_healed":0,"gold_gain":0,"player_choice":"Ignored","damage_taken":0,"max_hp_gain":0,"max_hp_loss":0,"event_name":"Mysterious Sphere","floor":37,"gold_loss":0},{"damage_healed":0,"gold_gain":0,"player_choice":"Memory 1","damage_taken":0,"max_hp_gain":0,"max_hp_loss":0,"event_name":"SensoryStone","floor":38,"gold_loss":0},{"cards_removed":["Strike_B"],"damage_healed":0,"gold_gain":0,"player_choice":"Removed Attack","damage_taken":0,"max_hp_gain":0,"max_hp_loss":0,"event_name":"Falling","floor":39,"gold_loss":0},{"damage_healed":0,"gold_gain":0,"player_choice":"Leave","damage_taken":0,"max_hp_gain":0,"max_hp_loss":0,"event_name":"FaceTrader","floor":41,"gold_loss":0},{"damage_healed":0,"gold_gain":0,"player_choice":"Embrace Madness","damage_taken":9,"max_hp_gain":0,"max_hp_loss":0,"event_name":"Winding Halls","floor":45,"gold_loss":0,"cards_obtained":["Madness","Madness"]}],"is_beta":false,"boss_relics":[{"not_picked":["Snecko Eye","Ectoplasm"],"picked":"Busted Crown"},{"not_picked":["Coffee Dripper","Orrery"],"picked":"Philosopher\u0027s Stone"}],"items_purged_floors":[21],"is_endless":false,"potions_floor_spawned":[1,5,8,10,18,24,29,31,35,36],"killed_by":"Awakened One","ascension_level":7}