{"gold_per_floor":[114,114,129,129,148,148,167,167,167,186,224,399,69,88,88,213,213,232,232,251,251],"floor_reached":21,"playtime":961,"items_purged":[],"score":183,"play_id":"b491497b-f481-414b-b569-46f2c9dbe091","local_time":"20180714045539","daily_mods":["Shiny","Uncertain Future","Lethality"],"is_ascension_mode":false,"campfire_choices":[{"floor":6,"key":"REST"},{"data":"1","floor":8,"key":"LIFT"},{"floor":15,"key":"REST"}],"neow_cost":"","seed_source_timestamp":0,"circlet_count":0,"master_deck":["Multi-Cast","Hyperbeam","Thunder Strike","Biased Cognition","Machine Learning","Electrodynamics","Buffer","Rainbow","Seek","Meteor Strike","Echo Form","All For One","Reboot","Amplify","Creative AI","Fission","Core Surge","Double Energy","Injury","Gash","Leap","Steam Power","Doubt","Gash","Turbo","Genetic Algorithm","All For One+1","Leap"],"special_seed":17726,"relics":["Cracked Core","Girya","Golden Idol","Pen Nib","Dodecahedron","Molten Egg 2","Black Star"],"potions_floor_usage":[16,19],"damage_taken":[{"damage":9,"enemies":"2 Louse","floor":1,"turns":2},{"damage":19,"enemies":"Small Slimes","floor":3,"turns":3},{"damage":0,"enemies":"Cultist","floor":5,"turns":2},{"damage":0,"enemies":"Large Slime","floor":7,"turns":4},{"damage":0,"enemies":"2 Fungi Beasts","floor":10,"turns":1},{"damage":12,"enemies":"Lagavulin","floor":11,"turns":4},{"damage":30,"enemies":"Gremlin Gang","floor":14,"turns":3},{"damage":20,"enemies":"The Guardian","floor":16,"turns":9},{"damage":0,"enemies":"Spheric Guardian","floor":18,"turns":3},{"damage":39,"enemies":"Shell Parasite","floor":19,"turns":5},{"damage":16,"enemies":"Cultist and Chosen","floor":20,"turns":4},{"damage":0,"enemies":"Slaver and Parasite","floor":21,"turns":1}],"seed_played":"-1557900698408723444","potions_obtained":[{"floor":1,"key":"Strength Potion"},{"floor":5,"key":"SmokeBomb"}],"is_trial":false,"path_per_floor":["M","?","M","?","M","R","M","R","T","M","E","?","$","M","R","B",null,"M","M","M"],"character_chosen":"DEFECT","items_purchased":["Gash","Turbo","Molten Egg 2"],"campfire_rested":2,"item_purchase_floors":[13,13,13],"current_hp_per_floor":[66,54,35,35,35,57,57,57,57,57,45,45,45,15,37,17,75,75,36,20,20],"gold":251,"neow_bonus":"","is_prod":false,"is_daily":true,"chose_seed":false,"campfire_upgraded":0,"win_rate":0,"timestamp":1531569339,"path_taken":["M","?","M","?","M","R","M","R","T","M","E","?","$","M","R","BOSS","M","M","?","M"],"build_version":"2018-07-12","purchased_purges":0,"victory":false,"max_hp_per_floor":[75,75,75,75,75,75,75,75,75,75,75,75,75,75,75,75,75,75,75,75,75],"card_choices":[{"not_picked":["Chaos","Steam Power"],"picked":"Double Energy","floor":1},{"not_picked":["Stack","Compile Driver","Cold Snap"],"picked":"SKIP","floor":3},{"not_picked":["Recycle","Conserve Battery"],"picked":"Gash","floor":5},{"not_picked":["Reinforced Body","Rebound","Stack"],"picked":"SKIP","floor":7},{"not_picked":["Conserve Battery","Reprogram"],"picked":"Leap","floor":10},{"not_picked":["White Noise","Tempest"],"picked":"Steam Power","floor":11},{"not_picked":["Conserve Battery","Blizzard+1"],"picked":"Genetic Algorithm","floor":14},{"not_picked":["Meteor Strike+1","Fission"],"picked":"All For One+1","floor":16},{"not_picked":["Redo","Stack+1","Coolheaded+1"],"picked":"SKIP","floor":18},{"not_picked":["Barrage+1","Loop"],"picked":"Leap","floor":20}],"player_experience":86373,"relics_obtained":[{"floor":9,"key":"Pen Nib"},{"floor":11,"key":"Dodecahedron"}],"event_choices":[{"event_name":"Scrap Ooze","player_choice":"success","floor":2,"damage_taken":12},{"event_name":"Golden Idol","player_choice":"Take Wound","floor":4,"damage_taken":0},{"event_name":"Liars Game","player_choice":"agreed","floor":12,"damage_taken":0}],"boss_relics":[{"not_picked":["Tiny House","Cursed Key"],"picked":"Black Star"}],"items_purged_floors":[],"is_endless":false,"potions_floor_spawned":[1,5,19],"killed_by":"Slaver and Parasite","ascension_level":0}