{"gold_per_floor":[115,290,290,310,330,330,127,155,155,155,184,184,200,218,218,314,314,332,349,359,369,387,414,414,441,441,460,460,460,490,500,500,601,601,615,427,427,446,446,471,489,489,489,499,70,70,97,97],"floor_reached":48,"playtime":2855,"items_purged":["Strike_R"],"score":696,"play_id":"2612bcb9-97d6-43d0-b906-2a3c83756386","local_time":"20180926015931","is_ascension_mode":true,"campfire_choices":[{"data":"Armaments","floor":6,"key":"SMITH"},{"floor":10,"key":"REST"},{"floor":15,"key":"REST"},{"floor":24,"key":"REST"},{"floor":28,"key":"REST"},{"data":"Demon Form","floor":32,"key":"SMITH"},{"floor":42,"key":"REST"}],"neow_cost":"NONE","seed_source_timestamp":1518284760718587,"circlet_count":0,"master_deck":["Strike_R","Strike_R","Defend_R","Defend_R","Defend_R","Bash","Twin Strike","Thunderclap","Armaments+1","Sword Boomerang","Twin Strike","Dropkick","Reaper","Twin Strike","Rage","Demon Form+1","Carnage+1","Cleave+1","Thunderclap","Ghostly Armor","Seeing Red+1","Twin Strike","Sword Boomerang","Iron Wave+1","Feed","Pummel","Rage+1","Rampage","Heavy Blade","Limit Break","Mayhem","Discovery","Mayhem","Clash","Inflame+1","Clash+1","Ghostly Armor","Disarm","Pummel+1","Heavy Blade+1","Mayhem","Iron Wave"],"relics":["Black Blood","Boot","Toolbox","Prayer Wheel","Torii","Bronze Scales","Velvet Choker","Blood Vial","Bag of Preparation","Kunai","MutagenicStrength","Question Card","Mummified Hand","Blue Candle","Juzu Bracelet","Toxic Egg 2"],"potions_floor_usage":[20,23,25,25,30,31,33,33,38,40,47,47],"damage_taken":[{"damage":0,"enemies":"Small Slimes","floor":1,"turns":3},{"damage":2,"enemies":"Jaw Worm","floor":4,"turns":3},{"damage":1,"enemies":"Cultist","floor":5,"turns":3},{"damage":46,"enemies":"Lagavulin","floor":8,"turns":7},{"damage":25,"enemies":"Gremlin Nob","floor":11,"turns":4},{"damage":6,"enemies":"Exordium Thugs","floor":13,"turns":3},{"damage":8,"enemies":"Exordium Wildlife","floor":14,"turns":2},{"damage":43,"enemies":"Slime Boss","floor":16,"turns":9},{"damage":26,"enemies":"Shell Parasite","floor":18,"turns":4},{"damage":17,"enemies":"2 Thieves","floor":19,"turns":2},{"damage":9,"enemies":"Snecko","floor":20,"turns":4},{"damage":10,"enemies":"Centurion and Healer","floor":21,"turns":5},{"damage":31,"enemies":"Shelled Parasite and Fungi","floor":22,"turns":4},{"damage":19,"enemies":"Book of Stabbing","floor":23,"turns":3},{"damage":43,"enemies":"Gremlin Leader","floor":25,"turns":6},{"damage":2,"enemies":"3 Cultists","floor":27,"turns":4},{"damage":16,"enemies":"Book of Stabbing","floor":30,"turns":2},{"damage":10,"enemies":"Sentry and Sphere","floor":31,"turns":4},{"damage":17,"enemies":"Champ","floor":33,"turns":6},{"damage":25,"enemies":"Orb Walker","floor":35,"turns":3},{"damage":56,"enemies":"3 Darklings","floor":38,"turns":5},{"damage":0,"enemies":"Giant Head","floor":40,"turns":6},{"damage":21,"enemies":"Spire Growth","floor":41,"turns":3},{"damage":30,"enemies":"4 Shapes","floor":44,"turns":3},{"damage":57,"enemies":"2 Orb Walkers","floor":47,"turns":5},{"damage":16,"enemies":"Transient","floor":48,"turns":4}],"seed_played":"-7438737800830646626","potions_obtained":[{"floor":1,"key":"Weak Potion"},{"floor":11,"key":"Dexterity Potion"},{"floor":14,"key":"GamblersBrew"},{"floor":16,"key":"AttackPotion"},{"floor":21,"key":"GamblersBrew"},{"floor":23,"key":"GamblersBrew"},{"floor":25,"key":"EssenceOfSteel"},{"floor":27,"key":"AttackPotion"},{"floor":30,"key":"EntropicBrew"},{"floor":31,"key":"Fruit Juice"},{"floor":38,"key":"LiquidBronze"},{"floor":40,"key":"AttackPotion"}],"is_trial":false,"path_per_floor":["M","?","?","M","M","R","$","E","T","R","E","?","M","M","R","B",null,"M","M","M","M","M","E","R","E","T","M","R","?","E","M","R","B",null,"M","$","?","M","?","E","M","R","T","M","$","?","E"],"character_chosen":"IRONCLAD","items_purchased":["Toolbox","Mayhem","Juzu Bracelet","Mayhem"],"campfire_rested":5,"item_purchase_floors":[7,36,45,45],"current_hp_per_floor":[80,80,73,77,80,80,80,40,40,64,49,49,49,53,77,47,80,60,49,53,65,50,37,61,26,26,47,71,71,63,66,66,57,88,73,73,68,31,31,43,34,60,60,42,42,42,13,0],"gold":97,"neow_bonus":"RANDOM_COMMON_RELIC","is_prod":false,"is_daily":false,"chose_seed":false,"campfire_upgraded":2,"win_rate":0,"timestamp":1537952371,"path_taken":["M","?","?","M","M","R","?","E","T","R","E","?","M","M","R","BOSS","M","M","M","M","M","E","R","E","T","M","R","?","E","M","R","BOSS","M","$","?","M","?","E","M","R","T","M","$","?","E","M"],"build_version":"2018-09-20","purchased_purges":1,"victory":false,"max_hp_per_floor":[80,80,80,80,80,80,80,80,80,80,80,80,80,80,80,80,80,80,80,80,80,80,80,80,80,80,83,83,83,83,88,88,88,88,88,88,88,88,88,88,88,88,88,88,88,88,91,91],"card_choices":[{"not_picked":["Evolve","Heavy Blade"],"picked":"Twin Strike","floor":1},{"not_picked":["Headbutt","Wild Strike"],"picked":"Thunderclap","floor":4},{"not_picked":["Whirlwind","Pummel"],"picked":"Armaments","floor":5},{"not_picked":["Iron Wave","Combust"],"picked":"Sword Boomerang","floor":8},{"not_picked":["Shrug It Off","Dual Wield"],"picked":"Twin Strike","floor":11},{"not_picked":["Pommel Strike","Uppercut"],"picked":"Dropkick","floor":13},{"not_picked":["Wild Strike","Sword Boomerang"],"picked":"Reaper","floor":13},{"not_picked":["Perfected Strike","Headbutt"],"picked":"Twin Strike","floor":14},{"not_picked":["Shockwave","Infernal Blade"],"picked":"Rage","floor":14},{"not_picked":["Exhume","Fiend Fire"],"picked":"Demon Form","floor":16},{"not_picked":["Corruption+1","Clothesline"],"picked":"Carnage+1","floor":18},{"not_picked":["Bloodletting+1","Dual Wield"],"picked":"Cleave+1","floor":18},{"not_picked":["Iron Wave","Whirlwind","Power Through"],"picked":"SKIP","floor":19},{"not_picked":["Clothesline","Carnage","Warcry"],"picked":"SKIP","floor":19},{"not_picked":["Bloodletting","Power Through"],"picked":"Thunderclap","floor":20},{"not_picked":["Entrench","Power Through"],"picked":"Ghostly Armor","floor":20},{"not_picked":["Clothesline","Iron Wave"],"picked":"Seeing Red+1","floor":21},{"not_picked":["Heavy Blade","Dropkick+1"],"picked":"Twin Strike","floor":21},{"not_picked":["Intimidate","Evolve"],"picked":"Sword Boomerang","floor":22},{"not_picked":["Wild Strike","Feel No Pain","Flex"],"picked":"SKIP","floor":22},{"not_picked":["Barricade","Burning Pact"],"picked":"Iron Wave+1","floor":23},{"not_picked":["Pommel Strike","Barricade"],"picked":"Feed","floor":25},{"not_picked":["Rampage","Corruption+1"],"picked":"Pummel","floor":27},{"not_picked":["Fire Breathing","Flame Barrier","Wild Strike"],"picked":"SKIP","floor":27},{"not_picked":["Shockwave","Flex"],"picked":"Rage+1","floor":30},{"not_picked":["Cleave","Warcry","Corruption+1"],"picked":"Rampage","floor":31},{"not_picked":["Battle Trance","Twin Strike","Hemokinesis"],"picked":"Heavy Blade","floor":31},{"not_picked":["Fiend Fire","Brutality","Offering"],"picked":"Limit Break","floor":33},{"not_picked":["Body Slam","Metallicize","Shrug It Off","Corruption"],"picked":"SKIP","floor":35},{"not_picked":["Flame Barrier","Havoc+1","True Grit","Armaments"],"picked":"SKIP","floor":35},{"not_picked":["Deep Breath","Purity","Madness"],"picked":"Discovery","floor":37},{"not_picked":["Panache","Impatience","Blind"],"picked":"Mayhem","floor":37},{"not_picked":["Infernal Blade+1","Searing Blow","True Grit"],"picked":"Clash","floor":38},{"not_picked":["Perfected Strike","Carnage+1","Pommel Strike"],"picked":"Inflame+1","floor":38},{"not_picked":["Blood for Blood+1","Perfected Strike+1","Havoc+1"],"picked":"Clash+1","floor":40},{"not_picked":["Flex","Armaments","Twin Strike"],"picked":"Ghostly Armor","floor":41},{"not_picked":["Perfected Strike+1","Body Slam+1","Second Wind+1"],"picked":"Disarm","floor":41},{"not_picked":["Whirlwind","Metallicize+1","Sword Boomerang"],"picked":"Pummel+1","floor":44},{"not_picked":["Blood for Blood","Combust","Intimidate+1"],"picked":"Heavy Blade+1","floor":44},{"not_picked":["Armaments","Reckless Charge","Immolate"],"picked":"Iron Wave","floor":47}],"player_experience":261394,"relics_obtained":[{"floor":8,"key":"Prayer Wheel"},{"floor":9,"key":"Torii"},{"floor":11,"key":"Bronze Scales"},{"floor":23,"key":"Blood Vial"},{"floor":25,"key":"Bag of Preparation"},{"floor":26,"key":"Kunai"},{"floor":30,"key":"Question Card"},{"floor":40,"key":"Mummified Hand"},{"floor":43,"key":"Blue Candle"},{"floor":47,"key":"Toxic Egg 2"}],"event_choices":[{"event_name":"Liars Game","player_choice":"agreed","floor":2,"damage_taken":0},{"event_name":"Golden Wing","player_choice":"Card Removal","floor":3,"damage_taken":0},{"event_name":"Purifier","player_choice":"One Purge","floor":12,"damage_taken":0},{"event_name":"Drug Dealer","player_choice":"Inject Mutagens","floor":29,"damage_taken":0},{"event_name":"SensoryStone","player_choice":"Memory 2","floor":37,"damage_taken":0},{"event_name":"Purifier","player_choice":"One Purge","floor":39,"damage_taken":0},{"event_name":"Falling","player_choice":"Removed Skill","floor":46,"damage_taken":0}],"is_beta":false,"boss_relics":[{"not_picked":["Astrolabe","Pandora\u0027s Box"],"picked":"Velvet Choker"},{"not_picked":["Eternal Feather","Empty Cage"],"picked":"Black Blood"}],"items_purged_floors":[45],"is_endless":false,"potions_floor_spawned":[1,11,14,16,21,23,25,27,30,31,38,40],"killed_by":"Transient","ascension_level":2}