{"gold_per_floor":[361,3,23,23,23,23,41,74,126,144,61,61,61,61,61,162,162,172,182,182,193,211,226,226,254,277,492,492,507,507,507,507,609,609,619,719,719,566,585,585,595,611,634,117,117],"floor_reached":45,"playtime":1769,"items_purged":["Strike_B+1","Strike_B+1"],"score":583,"play_id":"26119c05-d709-408f-a67d-465132fd1b36","local_time":"20190502135150","is_ascension_mode":true,"campfire_choices":[{"data":"Defragment","floor":6,"key":"SMITH"},{"data":"Panacea","floor":13,"key":"SMITH"},{"floor":15,"key":"REST"},{"data":"Stack","floor":28,"key":"SMITH"},{"data":"Lockon","floor":30,"key":"SMITH"},{"data":"Dualcast","floor":32,"key":"SMITH"},{"floor":40,"key":"REST"}],"neow_cost":"TEN_PERCENT_HP_LOSS","seed_source_timestamp":482264303132930,"circlet_count":0,"master_deck":["Strike_B+1","Strike_B+1","Defend_B+1","Defend_B+1","Defend_B+1","Defend_B+1","Zap+1","Dualcast+1","Cold Snap","Rip and Tear+1","Defragment+1","Rebound+1","Leap","Panacea+1","Seek","Ball Lightning","Static Discharge+1","Seek","Lockon+1","Stack+1","Coolheaded+1","Creative AI","Conserve Battery","Redo+1","Bandage Up","Glacier+1","Double Energy","Blizzard"],"relics":["Cracked Core","Cables","Anchor","Bag of Preparation","Inserter","Red Mask","Whetstone","Old Coin","White Beast Statue","Calipers","Art of War","Torii"],"potions_floor_usage":[16,21,23,23,23,29,41,42,42,45,45],"damage_taken":[{"damage":1,"enemies":"2 Louse","floor":1,"turns":3},{"damage":2,"enemies":"Jaw Worm","floor":3,"turns":3},{"damage":0,"enemies":"Small Slimes","floor":7,"turns":2},{"damage":34,"enemies":"Gremlin Nob","floor":8,"turns":4},{"damage":0,"enemies":"Looter","floor":10,"turns":2},{"damage":17,"enemies":"Slime Boss","floor":16,"turns":9},{"damage":8,"enemies":"Spheric Guardian","floor":18,"turns":4},{"damage":0,"enemies":"Chosen","floor":19,"turns":3},{"damage":19,"enemies":"3 Cultists","floor":21,"turns":4},{"damage":23,"enemies":"Centurion and Healer","floor":22,"turns":6},{"damage":25,"enemies":"Cultist and Chosen","floor":23,"turns":6},{"damage":16,"enemies":"Masked Bandits","floor":25,"turns":3},{"damage":0,"enemies":"3 Cultists","floor":29,"turns":3},{"damage":37,"enemies":"Collector","floor":33,"turns":10},{"damage":32,"enemies":"3 Darklings","floor":35,"turns":4},{"damage":0,"enemies":"Mind Bloom Boss Battle","floor":36,"turns":11},{"damage":15,"enemies":"Orb Walker","floor":39,"turns":4},{"damage":25,"enemies":"Sphere and 2 Shapes","floor":41,"turns":8},{"damage":0,"enemies":"Jaw Worm Horde","floor":42,"turns":9},{"damage":22,"enemies":"Reptomancer","floor":45,"turns":2}],"seed_played":"3670496768297822258","potions_obtained":[{"floor":1,"key":"Regen Potion"},{"floor":3,"key":"Swift Potion"},{"floor":8,"key":"PowerPotion"},{"floor":18,"key":"Regen Potion"},{"floor":22,"key":"Regen Potion"},{"floor":25,"key":"PowerPotion"},{"floor":35,"key":"SpeedPotion"},{"floor":36,"key":"EssenceOfSteel"},{"floor":39,"key":"Energy Potion"},{"floor":41,"key":"Block Potion"},{"floor":42,"key":"AttackPotion"}],"is_trial":false,"path_per_floor":["M","$","M","?","?","R","M","E","T","M","$","?","R","?","R","B",null,"M","M","$","M","M","M","?","?","T","?","R","M","R","?","R","B",null,"M","?","?","$","M","R","M","M","T","$","E"],"character_chosen":"DEFECT","items_purchased":["Cables","Rip and Tear","Defragment","Panacea","FocusPotion","Blizzard","Torii","SpeedPotion"],"campfire_rested":2,"item_purchase_floors":[2,2,2,11,38,44,44,44],"current_hp_per_floor":[67,67,65,65,70,70,70,36,36,36,36,36,36,36,57,40,65,57,57,57,38,15,55,55,39,39,39,39,39,39,63,63,26,61,29,29,29,29,18,39,18,22,22,22,0],"gold":117,"neow_bonus":"TWO_FIFTY_GOLD","is_prod":false,"is_daily":false,"chose_seed":false,"campfire_upgraded":5,"win_rate":0,"timestamp":1556776310,"path_taken":["M","$","M","?","?","R","M","E","T","M","$","?","R","?","R","BOSS","M","M","$","M","M","?","?","?","T","?","R","?","R","?","R","BOSS","M","?","?","$","M","R","M","M","T","$","E"],"build_version":"2019-01-23","purchased_purges":2,"victory":false,"max_hp_per_floor":[68,68,68,68,73,73,73,73,73,73,73,73,73,73,73,73,73,73,73,73,73,73,73,73,73,73,73,73,73,73,73,73,73,73,73,73,73,73,73,73,73,73,73,73,73],"card_choices":[{"not_picked":["Scrape","Lockon"],"picked":"Cold Snap","floor":1},{"not_picked":["Hologram","Steam"],"picked":"Rebound","floor":3},{"not_picked":["Redo","Hello World"],"picked":"Leap","floor":7},{"not_picked":["Gash","Hologram","Defragment"],"picked":"SKIP","floor":8},{"not_picked":["Stack","Coolheaded","Compile Driver"],"picked":"SKIP","floor":10},{"not_picked":["Fission","Multi-Cast"],"picked":"Seek","floor":16},{"not_picked":["Conserve Battery","Steam"],"picked":"Ball Lightning","floor":18},{"not_picked":["Storm","White Noise+1"],"picked":"Static Discharge+1","floor":19},{"not_picked":["Rebound","Compile Driver","Gash+1"],"picked":"SKIP","floor":21},{"not_picked":["Scrape","Beam Cell+1"],"picked":"Seek","floor":22},{"not_picked":["Scrape+1","Blizzard"],"picked":"Lockon","floor":23},{"not_picked":["Redo","Beam Cell+1"],"picked":"Stack","floor":25},{"not_picked":["Cold Snap+1","Streamline"],"picked":"Coolheaded+1","floor":29},{"not_picked":["Buffer","Echo Form"],"picked":"Creative AI","floor":33},{"not_picked":["Sweeping Beam+1","Rebound"],"picked":"Conserve Battery","floor":35},{"not_picked":["FTL","Ball Lightning"],"picked":"Redo+1","floor":36},{"not_picked":["Flash of Steel","HandOfGreed"],"picked":"Bandage Up","floor":37},{"not_picked":["Cold Snap+1","Gash+1"],"picked":"Glacier+1","floor":39},{"not_picked":["Hologram","Gash+1"],"picked":"Double Energy","floor":41},{"not_picked":["Rebound+1","Auto Shields","Leap+1"],"picked":"SKIP","floor":42}],"player_experience":840161,"relics_obtained":[{"floor":8,"key":"Anchor"},{"floor":9,"key":"Bag of Preparation"},{"floor":25,"key":"Red Mask"},{"floor":26,"key":"Whetstone"},{"floor":36,"key":"Calipers"},{"floor":43,"key":"Art of War"}],"event_choices":[{"damage_healed":0,"gold_gain":0,"player_choice":"Ignored","damage_taken":0,"max_hp_gain":0,"max_hp_loss":0,"event_name":"Liars Game","floor":4,"gold_loss":0},{"damage_healed":0,"gold_gain":0,"player_choice":"Donut","damage_taken":0,"max_hp_gain":5,"max_hp_loss":0,"event_name":"Big Fish","floor":5,"gold_loss":0},{"damage_healed":0,"gold_gain":0,"player_choice":"Fled","damage_taken":0,"max_hp_gain":0,"max_hp_loss":0,"event_name":"Scrap Ooze","floor":12,"gold_loss":0},{"damage_healed":0,"gold_gain":0,"player_choice":"Upgraded","damage_taken":0,"max_hp_gain":0,"max_hp_loss":0,"event_name":"Upgrade Shrine","floor":14,"gold_loss":0,"cards_upgraded":["Zap"]},{"damage_healed":0,"gold_gain":0,"player_choice":"Simplicity","damage_taken":0,"max_hp_gain":0,"max_hp_loss":0,"event_name":"Back to Basics","floor":24,"gold_loss":0,"cards_upgraded":["Strike_B","Strike_B","Strike_B","Strike_B","Defend_B","Defend_B","Defend_B","Defend_B"]},{"damage_healed":0,"gold_gain":0,"player_choice":"Fought Bandits","damage_taken":0,"max_hp_gain":0,"max_hp_loss":0,"event_name":"Masked Bandits","floor":25,"gold_loss":0},{"damage_healed":0,"gold_gain":0,"player_choice":"Obtained Relic","damage_taken":0,"relics_obtained":["Old Coin"],"max_hp_gain":0,"max_hp_loss":0,"event_name":"Addict","floor":27,"gold_loss":85},{"damage_healed":24,"gold_gain":0,"player_choice":"Heal","damage_taken":0,"max_hp_gain":0,"max_hp_loss":0,"event_name":"The Library","floor":31,"gold_loss":0},{"damage_healed":0,"gold_gain":0,"player_choice":"Fight","damage_taken":0,"max_hp_gain":0,"max_hp_loss":0,"event_name":"MindBloom","floor":36,"gold_loss":0},{"damage_healed":0,"gold_gain":0,"player_choice":"Memory 1","damage_taken":0,"max_hp_gain":0,"max_hp_loss":0,"event_name":"SensoryStone","floor":37,"gold_loss":0}],"is_beta":false,"boss_relics":[{"not_picked":["Empty Cage","Runic Pyramid"],"picked":"Inserter"},{"not_picked":["Pandora\u0027s Box","Coffee Dripper"],"picked":"White Beast Statue"}],"items_purged_floors":[38,44],"is_endless":false,"potions_floor_spawned":[1,3,8,18,22,25,35,36,39,41,42],"killed_by":"Reptomancer","ascension_level":7}