{"gold_per_floor":[116,66,66,66,85,118,118,118,142,169,198,216,234,234,234,308,308,325,46,65,25,25,51,51,77,130,147,160,0,15,114,114,192,192,209,309,321,321,321,321,356,368,368,382,396,424,440,466,466,466,466,466,5,33,33],"floor_reached":55,"playtime":6152,"items_purged":["Defend_B","Strike_B"],"score":1329,"play_id":"1d884ba3-efed-4861-9ac5-2085ce3a14ab","local_time":"20190413130502","is_ascension_mode":true,"campfire_choices":[{"data":"Echo Form","floor":7,"key":"SMITH"},{"floor":15,"key":"REST"},{"data":"Fission","floor":24,"key":"SMITH"},{"floor":32,"key":"REST"},{"data":"Sunder","floor":40,"key":"SMITH"},{"floor":49,"key":"RECALL"},{"data":"Echo Form","floor":52,"key":"SMITH"}],"neow_cost":"NONE","seed_source_timestamp":266306032368962,"circlet_count":0,"master_deck":["AscendersBane","Defend_B+1","Defend_B","Defend_B","Zap+1","Dualcast","Cold Snap","Core Surge","Echo Form+1","Echo Form+1","Cold Snap","Fission+1","Sunder+1","Sunder+1","Sunder","Creative AI","Writhe","Zap","Glacier+1","Parasite","Loop+1","Seek","Self Repair","Consume+1","Biased Cognition"],"relics":["Cracked Core","War Paint","Lantern","Strawberry","Blood Vial","Snecko Eye","Runic Capacitor","Ancient Tea Set","Potion Belt","DataDisk","Coffee Dripper","Incense Burner","Smiling Mask","Bronze Scales","Toxic Egg 2","Dodecahedron","Vajra"],"potions_floor_usage":[6,6,13,14,16,23,30,35,36,42,42,47,48,54],"damage_taken":[{"damage":2,"enemies":"2 Louse","floor":1,"turns":3},{"damage":0,"enemies":"Cultist","floor":5,"turns":3},{"damage":23,"enemies":"Gremlin Nob","floor":6,"turns":4},{"damage":20,"enemies":"3 Sentries","floor":11,"turns":13},{"damage":7,"enemies":"Jaw Worm","floor":12,"turns":4},{"damage":0,"enemies":"Exordium Wildlife","floor":13,"turns":5},{"damage":0,"enemies":"Exordium Thugs","floor":14,"turns":1},{"damage":42,"enemies":"Hexaghost","floor":16,"turns":11},{"damage":7,"enemies":"Spheric Guardian","floor":18,"turns":6},{"damage":15,"enemies":"2 Thieves","floor":20,"turns":3},{"damage":22,"enemies":"Gremlin Leader","floor":23,"turns":5},{"damage":24,"enemies":"Slavers","floor":25,"turns":3},{"damage":9,"enemies":"Centurion and Healer","floor":27,"turns":4},{"damage":7,"enemies":"Chosen and Byrds","floor":28,"turns":4},{"damage":6,"enemies":"Shelled Parasite and Fungi","floor":30,"turns":2},{"damage":22,"enemies":"Collector","floor":33,"turns":6},{"damage":18,"enemies":"3 Shapes","floor":35,"turns":3},{"damage":0,"enemies":"Mind Bloom Boss Battle","floor":36,"turns":4},{"damage":5,"enemies":"3 Darklings","floor":37,"turns":5},{"damage":10,"enemies":"Nemesis","floor":41,"turns":5},{"damage":4,"enemies":"4 Shapes","floor":42,"turns":3},{"damage":0,"enemies":"Transient","floor":44,"turns":5},{"damage":6,"enemies":"Writhing Mass","floor":45,"turns":4},{"damage":0,"enemies":"Giant Head","floor":46,"turns":5},{"damage":4,"enemies":"Jaw Worm Horde","floor":47,"turns":3},{"damage":19,"enemies":"Nemesis","floor":48,"turns":6},{"damage":5,"enemies":"Time Eater","floor":50,"turns":10},{"damage":62,"enemies":"Shield and Spear","floor":54,"turns":6},{"damage":77,"enemies":"The Heart","floor":55,"turns":3}],"seed_played":"5531359484707212907","potions_obtained":[{"floor":0,"key":"Regen Potion"},{"floor":0,"key":"Poison Potion"},{"floor":11,"key":"SpeedPotion"},{"floor":12,"key":"SmokeBomb"},{"floor":13,"key":"SteroidPotion"},{"floor":20,"key":"Explosive Potion"},{"floor":28,"key":"SneckoOil"},{"floor":30,"key":"SpeedPotion"},{"floor":33,"key":"Regen Potion"},{"floor":35,"key":"FocusPotion"},{"floor":37,"key":"Swift Potion"},{"floor":44,"key":"Weak Potion"},{"floor":45,"key":"GamblersBrew"}],"is_trial":false,"path_per_floor":["M","?","?","$","M","E","R","?","T","T","E","M","M","M","R","B",null,"M","$","M","$","?","E","R","E","T","M","M","?","M","?","R","B",null,"M","?","M","?","?","R","E","M","T","M","M","E","M","E","R","B",null,"R","$","E","B"],"character_chosen":"DEFECT","items_purchased":["Runic Capacitor","Sunder","Self Repair","Consume+1","Dodecahedron","PowerPotion"],"campfire_rested":2,"item_purchase_floors":[19,21,53,53,53,53],"current_hp_per_floor":[62,62,62,62,62,51,51,51,51,58,38,33,35,37,60,20,64,59,59,46,46,72,52,52,30,30,23,18,18,14,14,37,17,63,56,58,55,75,75,75,67,65,65,67,63,65,63,46,46,43,69,69,69,23,0],"gold":33,"neow_bonus":"THREE_SMALL_POTIONS","is_prod":false,"is_daily":false,"chose_seed":false,"campfire_upgraded":4,"win_rate":0,"timestamp":1555175102,"path_taken":["M","?","?","$","?","E","R","?","T","?","E","M","?","M","R","BOSS","M","$","M","?","?","E","R","E","T","M","M","?","M","?","R","BOSS","M","?","M","?","?","R","E","M","T","M","M","E","M","E","R","BOSS","R","$","E","BOSS"],"build_version":"2019-01-23","purchased_purges":2,"victory":false,"max_hp_per_floor":[71,71,71,71,71,71,71,71,71,78,78,78,78,78,78,78,78,78,78,78,78,78,78,78,78,78,78,78,78,78,78,78,78,78,78,78,78,78,78,78,78,78,78,78,78,78,78,78,78,78,78,78,78,78,78],"card_choices":[{"not_picked":["Gash","Rebound"],"picked":"Cold Snap","floor":1},{"not_picked":["Leap","Rebound","Fusion"],"picked":"SKIP","floor":5},{"not_picked":["Electrodynamics","Beam Cell"],"picked":"Echo Form","floor":6},{"not_picked":["Rebound","Conserve Battery","Amplify"],"picked":"SKIP","floor":11},{"not_picked":["Gash","Compile Driver"],"picked":"Cold Snap","floor":12},{"not_picked":["Tempest","Steam Power","Gash"],"picked":"SKIP","floor":13},{"not_picked":["Echo Form","Hyperbeam"],"picked":"Fission","floor":16},{"not_picked":["Conserve Battery","Static Discharge+1"],"picked":"Sunder+1","floor":18},{"not_picked":["Streamline","Leap","Skim"],"picked":"SKIP","floor":20},{"not_picked":["Conserve Battery+1","Reboot","Double Energy"],"picked":"SKIP","floor":23},{"not_picked":["Turbo","Coolheaded","Rebound+1"],"picked":"SKIP","floor":25},{"not_picked":["FTL","Streamline","Conserve Battery"],"picked":"SKIP","floor":27},{"not_picked":["Cold Snap","Stack","Beam Cell+1"],"picked":"SKIP","floor":28},{"not_picked":["Coolheaded","Fusion"],"picked":"Sunder","floor":30},{"not_picked":["Thunder Strike","Seek"],"picked":"Creative AI","floor":33},{"not_picked":["Gash","Turbo+1","Barrage"],"picked":"SKIP","floor":35},{"not_picked":["Stack+1","Double Energy+1","Redo+1"],"picked":"SKIP","floor":37},{"not_picked":["Redo","Aggregate+1"],"picked":"Glacier+1","floor":41},{"not_picked":["Beam Cell","Multi-Cast","Go for the Eyes"],"picked":"SKIP","floor":42},{"not_picked":["Heatsinks+1","Streamline+1","Ball Lightning+1"],"picked":"SKIP","floor":44},{"not_picked":["Stack","Static Discharge"],"picked":"Loop+1","floor":45},{"not_picked":["Gash","Conserve Battery"],"picked":"Seek","floor":46},{"not_picked":["Streamline","FTL+1","Turbo"],"picked":"SKIP","floor":47},{"not_picked":["Blizzard","Gash","Doom and Gloom"],"picked":"SKIP","floor":48},{"not_picked":["Chill+1","Aggregate+1"],"picked":"Biased Cognition","floor":54}],"player_experience":1341469,"relics_obtained":[{"floor":6,"key":"War Paint"},{"floor":9,"key":"Lantern"},{"floor":10,"key":"Strawberry"},{"floor":11,"key":"Blood Vial"},{"floor":23,"key":"Ancient Tea Set"},{"floor":25,"key":"Potion Belt"},{"floor":26,"key":"DataDisk"},{"floor":36,"key":"Incense Burner"},{"floor":41,"key":"Smiling Mask"},{"floor":46,"key":"Bronze Scales"},{"floor":48,"key":"Toxic Egg 2"},{"floor":54,"key":"Vajra"}],"event_choices":[{"cards_removed":["Strike_B"],"damage_healed":0,"gold_gain":0,"player_choice":"Card Removal","damage_taken":0,"max_hp_gain":0,"max_hp_loss":0,"event_name":"The Cleric","floor":2,"gold_loss":50},{"damage_healed":0,"gold_gain":0,"cards_transformed":["Strike_B"],"player_choice":"Transformed","damage_taken":0,"max_hp_gain":0,"max_hp_loss":0,"event_name":"Transmorgrifier","floor":3,"gold_loss":0,"cards_obtained":["Core Surge"]},{"damage_healed":0,"gold_gain":0,"cards_transformed":["Strike_B"],"player_choice":"Change","damage_taken":0,"max_hp_gain":0,"max_hp_loss":0,"event_name":"Living Wall","floor":8,"gold_loss":0,"cards_obtained":["Echo Form"]},{"damage_healed":26,"gold_gain":0,"player_choice":"Heal","damage_taken":0,"max_hp_gain":0,"max_hp_loss":0,"event_name":"The Library","floor":22,"gold_loss":0},{"damage_healed":0,"gold_gain":0,"player_choice":"Paid Fearfully","damage_taken":0,"max_hp_gain":0,"max_hp_loss":0,"event_name":"Masked Bandits","floor":29,"gold_loss":160},{"damage_healed":0,"gold_gain":99,"player_choice":"Stole From Cult","damage_taken":0,"max_hp_gain":0,"max_hp_loss":0,"event_name":"Nest","floor":31,"gold_loss":0},{"damage_healed":0,"gold_gain":0,"player_choice":"Fight","damage_taken":0,"max_hp_gain":0,"max_hp_loss":0,"event_name":"MindBloom","floor":36,"gold_loss":0},{"damage_healed":20,"gold_gain":0,"player_choice":"Writhe","damage_taken":0,"max_hp_gain":0,"max_hp_loss":0,"event_name":"Winding Halls","floor":38,"gold_loss":0,"cards_obtained":["Writhe"]},{"damage_healed":0,"gold_gain":0,"player_choice":"1 cards matched","damage_taken":0,"max_hp_gain":0,"max_hp_loss":0,"event_name":"Match and Keep!","floor":39,"gold_loss":0,"cards_obtained":["Zap"]}],"is_beta":false,"boss_relics":[{"not_picked":["Nuclear Battery","Cursed Key"],"picked":"Snecko Eye"},{"not_picked":["Philosopher\u0027s Stone","FrozenCore"],"picked":"Coffee Dripper"}],"items_purged_floors":[19,53],"is_endless":false,"potions_floor_spawned":[1,11,12,13,20,28,30,33,35,37,44,45],"killed_by":"The Heart","ascension_level":14}