{"gold_per_floor":[110,60,72,72,50,50,62,62,85,127,16,16,16,33,33,136,136,147,157,170,170,189,189,189,91,118,118],"floor_reached":27,"playtime":959,"items_purged":["Strike_B"],"score":271,"play_id":"a41646b5-5d28-4570-9170-39ca40855ff3","local_time":"20190503142551","is_ascension_mode":true,"campfire_choices":[{"data":"Hologram","floor":6,"key":"SMITH"},{"data":"Dualcast","floor":8,"key":"SMITH"},{"data":"Zap","floor":12,"key":"SMITH"},{"floor":15,"key":"REST"},{"floor":23,"key":"REST"}],"neow_cost":"NONE","seed_source_timestamp":571516594195594,"circlet_count":0,"master_deck":["Defend_B","Defend_B","Zap+1","Dualcast+1","Gash","Hologram+1","Gash","FTL","Steam","Sweeping Beam","Conserve Battery+1","Echo Form","Loop+1","Rebound","Glacier","Auto Shields","Leap"],"relics":["Cracked Core","MawBank","Odd Mushroom","Empty Cage","Vajra"],"potions_floor_usage":[16,20,20,22,27],"damage_taken":[{"damage":1,"enemies":"2 Louse","floor":1,"turns":3},{"damage":2,"enemies":"Jaw Worm","floor":3,"turns":3},{"damage":3,"enemies":"Small Slimes","floor":7,"turns":3},{"damage":20,"enemies":"The Mushroom Lair","floor":10,"turns":4},{"damage":0,"enemies":"Red Slaver","floor":14,"turns":3},{"damage":29,"enemies":"The Guardian","floor":16,"turns":11},{"damage":22,"enemies":"3 Byrds","floor":18,"turns":5},{"damage":14,"enemies":"Shell Parasite","floor":19,"turns":5},{"damage":18,"enemies":"Snecko","floor":20,"turns":6},{"damage":3,"enemies":"Centurion and Healer","floor":22,"turns":8},{"damage":36,"enemies":"Slavers","floor":27,"turns":4}],"seed_played":"6304093417213418945","potions_obtained":[{"floor":3,"key":"FocusPotion"},{"floor":10,"key":"Poison Potion"},{"floor":14,"key":"LiquidBronze"},{"floor":18,"key":"PowerPotion"}],"is_trial":false,"path_per_floor":["M","?","M","?","?","R","M","R","T","?","$","R","?","M","R","B",null,"M","M","M","?","M","R","?","$","T","E"],"character_chosen":"DEFECT","items_purchased":["Sweeping Beam","Block Potion","Leap"],"campfire_rested":2,"item_purchase_floors":[11,25,25],"current_hp_per_floor":[67,67,65,58,58,58,55,55,55,35,35,35,35,35,57,28,63,41,27,9,9,6,28,28,28,28,0],"gold":118,"neow_bonus":"THREE_CARDS","is_prod":false,"is_daily":false,"chose_seed":false,"campfire_upgraded":3,"win_rate":0,"timestamp":1556864751,"path_taken":["M","?","M","?","?","R","M","R","T","?","$","R","?","?","R","BOSS","M","M","?","?","M","R","?","$","T","E"],"build_version":"2019-01-23","purchased_purges":1,"victory":false,"max_hp_per_floor":[75,75,75,75,75,75,75,75,75,75,75,75,75,75,75,75,75,75,75,75,75,75,75,75,75,75,75],"card_choices":[{"not_picked":["Fusion","Aggregate"],"picked":"Gash","floor":0},{"not_picked":["Go for the Eyes","Barrage"],"picked":"Hologram","floor":1},{"not_picked":["Doom and Gloom","Heatsinks"],"picked":"Gash","floor":3},{"not_picked":["Leap","Undo"],"picked":"FTL","floor":7},{"not_picked":["Gash","Hologram"],"picked":"Steam","floor":10},{"not_picked":["BootSequence","Thunder Strike"],"picked":"Conserve Battery","floor":14},{"not_picked":["Amplify","Buffer"],"picked":"Echo Form","floor":16},{"not_picked":["Redo","Steam+1"],"picked":"Loop+1","floor":18},{"not_picked":["Heatsinks","Fusion"],"picked":"Rebound","floor":19},{"not_picked":["Compile Driver","Stack"],"picked":"Glacier","floor":20},{"not_picked":["Heatsinks","Darkness"],"picked":"Auto Shields","floor":22}],"player_experience":846976,"relics_obtained":[{"floor":9,"key":"MawBank"},{"floor":10,"key":"Odd Mushroom"},{"floor":26,"key":"Vajra"}],"event_choices":[{"cards_removed":["Strike_B"],"damage_healed":0,"gold_gain":0,"player_choice":"Card Removal","damage_taken":0,"max_hp_gain":0,"max_hp_loss":0,"event_name":"The Cleric","floor":2,"gold_loss":50},{"cards_removed":["Strike_B"],"damage_healed":0,"gold_gain":0,"player_choice":"Card Removal","damage_taken":7,"max_hp_gain":0,"max_hp_loss":0,"event_name":"Golden Wing","floor":4,"gold_loss":0},{"damage_healed":0,"gold_gain":0,"player_choice":"Left Gold","damage_taken":0,"max_hp_gain":0,"max_hp_loss":0,"event_name":"World of Goop","floor":5,"gold_loss":22},{"damage_healed":0,"gold_gain":0,"player_choice":"Fought Mushrooms","damage_taken":0,"max_hp_gain":0,"max_hp_loss":0,"event_name":"Mushrooms","floor":10,"gold_loss":0},{"cards_removed":["Strike_B"],"damage_healed":0,"gold_gain":0,"player_choice":"Offered Basic","damage_taken":0,"max_hp_gain":0,"max_hp_loss":0,"event_name":"Bonfire Elementals","floor":13,"gold_loss":0},{"damage_healed":0,"gold_gain":0,"player_choice":"Ignored","damage_taken":0,"max_hp_gain":0,"max_hp_loss":0,"event_name":"Beggar","floor":21,"gold_loss":0},{"damage_healed":0,"gold_gain":0,"player_choice":"Upgraded","damage_taken":0,"max_hp_gain":0,"max_hp_loss":0,"event_name":"Upgrade Shrine","floor":24,"gold_loss":0,"cards_upgraded":["Conserve Battery"]}],"is_beta":false,"boss_relics":[{"not_picked":["Calling Bell","Pandora\u0027s Box"],"picked":"Empty Cage"}],"items_purged_floors":[11],"is_endless":false,"potions_floor_spawned":[3,10,14,18],"killed_by":"Slavers","ascension_level":7}