{"gold_per_floor":[113,38,53,53,64,64,91,107,159,185,135,145,145,163,163,264,264,284,160,160,110,130,160,160,160],"floor_reached":25,"playtime":871,"items_purged":["Strike_R","Strike_R","Strike_R"],"score":312,"play_id":"4a07aed2-c21f-47fb-a115-49d73a5e6b3d","local_time":"20190220195244","is_ascension_mode":true,"campfire_choices":[{"data":"Searing Blow","floor":6,"key":"SMITH"},{"data":"Searing Blow+1","floor":13,"key":"SMITH"},{"data":"Armaments","floor":15,"key":"SMITH"}],"neow_cost":"NONE","seed_source_timestamp":353253915848757,"circlet_count":0,"master_deck":["Strike_R","Defend_R","Defend_R","Defend_R","Bash","Searing Blow+2","Spot Weakness","Inflame","Reaper+1","Carnage+1","Armaments","Armaments+1","Immolate+1","Warcry","Metallicize","Heavy Blade+1","Limit Break"],"relics":["Burning Blood","NeowsBlessing","Molten Egg 2","Letter Opener","Smiling Mask","Coffee Dripper","Self Forming Clay","Lantern"],"potions_floor_usage":[8,16,16,23],"damage_taken":[{"damage":0,"enemies":"Cultist","floor":1,"turns":1},{"damage":0,"enemies":"2 Louse","floor":3,"turns":1},{"damage":0,"enemies":"Jaw Worm","floor":5,"turns":1},{"damage":24,"enemies":"Gremlin Nob","floor":7,"turns":4},{"damage":6,"enemies":"2 Fungi Beasts","floor":8,"turns":5},{"damage":30,"enemies":"3 Sentries","floor":10,"turns":5},{"damage":22,"enemies":"Looter","floor":12,"turns":3},{"damage":0,"enemies":"Large Slime","floor":14,"turns":5},{"damage":50,"enemies":"The Guardian","floor":16,"turns":11},{"damage":28,"enemies":"2 Thieves","floor":18,"turns":3},{"damage":0,"enemies":"Spheric Guardian","floor":22,"turns":2},{"damage":67,"enemies":"Book of Stabbing","floor":23,"turns":6},{"damage":18,"enemies":"Gremlin Leader","floor":25,"turns":1}],"seed_played":"-668700089397909700","potions_obtained":[{"floor":7,"key":"Block Potion"},{"floor":8,"key":"SpeedPotion"},{"floor":12,"key":"SpeedPotion"},{"floor":16,"key":"Fire Potion"}],"is_trial":false,"path_per_floor":["M","$","M","T","M","R","E","M","T","E","?","M","R","M","R","B",null,"M","$","?","$","M","E","?","E"],"character_chosen":"IRONCLAD","items_purchased":["Metallicize"],"campfire_rested":0,"item_purchase_floors":[19],"current_hp_per_floor":[78,78,80,80,80,80,62,78,78,64,64,55,55,61,61,17,64,58,58,58,58,64,18,18,0],"gold":160,"neow_bonus":"THREE_ENEMY_KILL","is_prod":false,"is_daily":false,"chose_seed":false,"campfire_upgraded":3,"win_rate":0,"timestamp":1550710364,"path_taken":["M","$","?","?","M","R","E","M","T","E","?","?","R","M","R","BOSS","M","$","?","$","M","E","?","E"],"build_version":"2019-01-23","purchased_purges":3,"victory":false,"max_hp_per_floor":[80,80,80,80,80,80,80,80,80,80,80,80,80,80,80,80,80,80,80,80,80,80,80,80,80],"card_choices":[{"not_picked":["Flex","Heavy Blade"],"picked":"Searing Blow","floor":1},{"not_picked":["Anger","Havoc"],"picked":"Spot Weakness","floor":3},{"not_picked":["Pommel Strike+1","Thunderclap+1"],"picked":"Inflame","floor":5},{"not_picked":["Seeing Red","Exhume"],"picked":"Reaper+1","floor":7},{"not_picked":["Body Slam+1","Shockwave"],"picked":"Carnage+1","floor":8},{"not_picked":["Juggernaut","Cleave+1"],"picked":"Armaments","floor":10},{"not_picked":["Fire Breathing","Thunderclap+1","Sword Boomerang+1"],"picked":"SKIP","floor":12},{"not_picked":["True Grit","Iron Wave+1"],"picked":"Armaments","floor":14},{"not_picked":["Demon Form","Fiend Fire+1"],"picked":"Immolate+1","floor":16},{"not_picked":["Cleave+1","Flex"],"picked":"Warcry","floor":18},{"not_picked":["Dropkick+1","Combust"],"picked":"Heavy Blade+1","floor":22},{"not_picked":["Anger+1","Rage"],"picked":"Limit Break","floor":23}],"player_experience":939024,"relics_obtained":[{"floor":4,"key":"Molten Egg 2"},{"floor":7,"key":"Letter Opener"},{"floor":10,"key":"Smiling Mask"},{"floor":23,"key":"Self Forming Clay"}],"event_choices":[{"cards_removed":["Strike_R"],"damage_healed":0,"gold_gain":0,"player_choice":"Card Removal","damage_taken":0,"max_hp_gain":0,"max_hp_loss":0,"event_name":"The Cleric","floor":11,"gold_loss":50},{"cards_removed":["Defend_R"],"damage_healed":0,"gold_gain":0,"player_choice":"Elegance","damage_taken":0,"max_hp_gain":0,"max_hp_loss":0,"event_name":"Back to Basics","floor":20,"gold_loss":0},{"damage_healed":0,"gold_gain":0,"player_choice":"Opened","damage_taken":0,"relics_obtained":["Lantern"],"max_hp_gain":0,"max_hp_loss":0,"event_name":"The Mausoleum","floor":24,"gold_loss":0}],"is_beta":false,"boss_relics":[{"not_picked":["Black Blood","Lizard Tail"],"picked":"Coffee Dripper"}],"items_purged_floors":[2,19,21],"is_endless":false,"potions_floor_spawned":[7,8,12,16],"killed_by":"Gremlin Leader","ascension_level":7}