{"gold_per_floor":[114,133,13,13,13,45,57,57,57,67,67,67,81,92,92,196,196,196,196,196,111,111,111,11,11,11,11,11,11,11,11,11,11,11,11,11,11,11,11,11,11,11,11,11,11,11,11,11,11,11],"floor_reached":51,"playtime":2613,"items_purged":["Strike_B","Defend_B"],"score":804,"play_id":"9e5d5348-e8ff-4020-9c40-a3f55fa7eb6b","local_time":"20190601015343","is_ascension_mode":true,"campfire_choices":[{"floor":8,"key":"REST"},{"data":"Defragment","floor":12,"key":"SMITH"},{"floor":15,"key":"REST"},{"data":"Zap","floor":25,"key":"SMITH"},{"data":"Dualcast","floor":32,"key":"SMITH"},{"floor":40,"key":"REST"},{"floor":42,"key":"REST"},{"floor":49,"key":"REST"}],"neow_cost":"NONE","seed_source_timestamp":46114495309454,"circlet_count":0,"master_deck":["Defend_B","Defend_B","Zap+1","Dualcast+1","Cold Snap+1","Go for the Eyes","Conserve Battery","Ball Lightning+1","Defragment+1","Sweeping Beam","Gash","Echo Form","Leap","Scrape","Leap+1","Seek","Glacier+1","Ball Lightning+1","Chill","Ball Lightning+1","Doom and Gloom+1","Lockon","Parasite","Capacitor+1","Go for the Eyes"],"relics":["Empty Cage","Shuriken","Letter Opener","Ectoplasm","Cables","MutagenicStrength","Whetstone","Matryoshka","Bottled Flame","Black Star","Happy Flower","Boot","Vajra","Blue Candle","Symbiotic Virus","DataDisk"],"potions_floor_usage":[16,16,28,28,30,39,46,48],"damage_taken":[{"damage":4,"enemies":"Jaw Worm","floor":1,"turns":4},{"damage":12,"enemies":"Small Slimes","floor":2,"turns":3},{"damage":36,"enemies":"3 Sentries","floor":6,"turns":15},{"damage":0,"enemies":"Cultist","floor":7,"turns":4},{"damage":0,"enemies":"Exordium Wildlife","floor":10,"turns":3},{"damage":8,"enemies":"Large Slime","floor":13,"turns":5},{"damage":1,"enemies":"Blue Slaver","floor":14,"turns":4},{"damage":15,"enemies":"Hexaghost","floor":16,"turns":7},{"damage":2,"enemies":"3 Byrds","floor":18,"turns":4},{"damage":12,"enemies":"Shell Parasite","floor":19,"turns":5},{"damage":5,"enemies":"Snecko","floor":20,"turns":6},{"damage":3,"enemies":"Shelled Parasite and Fungi","floor":28,"turns":4},{"damage":10,"enemies":"3 Cultists","floor":29,"turns":4},{"damage":1,"enemies":"Book of Stabbing","floor":30,"turns":4},{"damage":0,"enemies":"Centurion and Healer","floor":31,"turns":5},{"damage":17,"enemies":"Champ","floor":33,"turns":12},{"damage":22,"enemies":"3 Darklings","floor":35,"turns":5},{"damage":0,"enemies":"3 Shapes","floor":36,"turns":5},{"damage":1,"enemies":"Sphere and 2 Shapes","floor":38,"turns":7},{"damage":19,"enemies":"3 Darklings","floor":39,"turns":5},{"damage":9,"enemies":"Reptomancer","floor":41,"turns":5},{"damage":6,"enemies":"Nemesis","floor":44,"turns":5},{"damage":7,"enemies":"Maw","floor":45,"turns":5},{"damage":1,"enemies":"Writhing Mass","floor":46,"turns":4},{"damage":0,"enemies":"3 Darklings","floor":47,"turns":2},{"damage":0,"enemies":"Jaw Worm Horde","floor":48,"turns":1},{"damage":31,"enemies":"Time Eater","floor":50,"turns":9}],"seed_played":"933479040782359034","potions_obtained":[{"floor":1,"key":"Dexterity Potion"},{"floor":7,"key":"SmokeBomb"},{"floor":13,"key":"AttackPotion"},{"floor":18,"key":"Weak Potion"},{"floor":19,"key":"SpeedPotion"},{"floor":20,"key":"Regen Potion"},{"floor":29,"key":"SkillPotion"},{"floor":36,"key":"Explosive Potion"},{"floor":38,"key":"Weak Potion"},{"floor":45,"key":"Block Potion"}],"is_trial":false,"path_per_floor":["M","M","$","?","?","E","M","R","T","M","$","R","M","M","R","B",null,"M","M","M","?","?","T","$","R","T","$","M","M","E","M","R","B",null,"M","M","?","M","M","R","E","R","T","E","M","M","M","M","R","B",null],"character_chosen":"DEFECT","items_purchased":["Conserve Battery"],"campfire_rested":5,"item_purchase_floors":[3],"current_hp_per_floor":[71,59,59,64,57,21,21,45,45,45,45,45,37,36,60,45,80,78,66,61,61,61,61,61,61,61,61,70,60,59,59,59,42,80,58,58,58,57,38,62,53,77,77,71,64,63,63,63,80,49],"gold":11,"neow_bonus":"BOSS_RELIC","is_prod":false,"is_daily":false,"chose_seed":false,"campfire_upgraded":3,"win_rate":0,"timestamp":1559379223,"path_taken":["M","M","$","?","?","E","M","R","T","M","?","R","M","M","R","BOSS","M","M","?","?","?","?","$","R","T","?","M","?","E","M","R","BOSS","M","M","?","M","M","R","E","R","T","E","M","M","?","M","R","BOSS"],"build_version":"2019-01-23","purchased_purges":2,"victory":true,"max_hp_per_floor":[75,75,75,80,80,80,80,80,80,80,80,80,80,80,80,80,80,80,80,80,80,80,80,80,80,80,80,80,80,80,80,80,80,80,80,80,80,80,80,80,80,80,80,80,80,80,80,80,80,80],"card_choices":[{"not_picked":["Genetic Algorithm","Streamline"],"picked":"Cold Snap","floor":1},{"not_picked":["Stack","Hello World"],"picked":"Go for the Eyes","floor":2},{"not_picked":["Multi-Cast","Go for the Eyes"],"picked":"Ball Lightning","floor":6},{"not_picked":["Double Energy","Gash"],"picked":"Defragment","floor":7},{"not_picked":["Darkness","Tempest","Hologram"],"picked":"SKIP","floor":10},{"not_picked":["Steam","Static Discharge"],"picked":"Sweeping Beam","floor":13},{"not_picked":["Defragment","Double Energy"],"picked":"Gash","floor":14},{"not_picked":["Thunder Strike","Reboot"],"picked":"Echo Form","floor":16},{"not_picked":["Hologram","Compile Driver","Turbo"],"picked":"SKIP","floor":18},{"not_picked":["Rebound","Chaos"],"picked":"Leap","floor":19},{"not_picked":["Compile Driver+1","White Noise"],"picked":"Scrape","floor":20},{"not_picked":["Static Discharge","Multi-Cast","Sweeping Beam"],"picked":"SKIP","floor":28},{"not_picked":["Defragment","Hologram+1"],"picked":"Leap+1","floor":29},{"not_picked":["Hello World","Self Repair+1"],"picked":"Seek","floor":30},{"not_picked":["Darkness","Redo"],"picked":"Glacier+1","floor":31},{"not_picked":["Skim+1","Leap","Static Discharge+1"],"picked":"SKIP","floor":35},{"not_picked":["Turbo","Force Field"],"picked":"Ball Lightning+1","floor":36},{"not_picked":["Coolheaded","Barrage","BootSequence"],"picked":"SKIP","floor":38},{"not_picked":["Redo","Go for the Eyes+1"],"picked":"Ball Lightning+1","floor":39},{"not_picked":["Sweeping Beam","Melter","BootSequence"],"picked":"SKIP","floor":41},{"not_picked":["Heatsinks","Rebound"],"picked":"Doom and Gloom+1","floor":44},{"not_picked":["Rebound+1","All For One"],"picked":"Lockon","floor":45},{"not_picked":["Recycle","Barrage+1"],"picked":"Capacitor+1","floor":46},{"not_picked":["Turbo+1","Steam+1"],"picked":"Go for the Eyes","floor":47}],"player_experience":325768,"relics_obtained":[{"floor":6,"key":"Shuriken"},{"floor":9,"key":"Letter Opener"},{"floor":23,"key":"Whetstone"},{"floor":26,"key":"Matryoshka"},{"floor":30,"key":"Bottled Flame"},{"floor":41,"key":"Happy Flower"},{"floor":41,"key":"Boot"},{"floor":43,"key":"Vajra"},{"floor":43,"key":"Blue Candle"},{"floor":44,"key":"Symbiotic Virus"},{"floor":44,"key":"DataDisk"}],"event_choices":[{"damage_healed":0,"gold_gain":0,"player_choice":"Donut","damage_taken":0,"max_hp_gain":5,"max_hp_loss":0,"event_name":"Big Fish","floor":4,"gold_loss":0},{"cards_removed":["Strike_B"],"damage_healed":0,"gold_gain":0,"player_choice":"Card Removal","damage_taken":7,"max_hp_gain":0,"max_hp_loss":0,"event_name":"Golden Wing","floor":5,"gold_loss":0},{"damage_healed":0,"gold_gain":0,"player_choice":"Obtained Relic","damage_taken":0,"relics_obtained":["Cables"],"max_hp_gain":0,"max_hp_loss":0,"event_name":"Addict","floor":21,"gold_loss":85},{"damage_healed":0,"gold_gain":0,"player_choice":"Inject Mutagens","damage_taken":0,"relics_obtained":["MutagenicStrength"],"max_hp_gain":0,"max_hp_loss":0,"event_name":"Drug Dealer","floor":22,"gold_loss":0},{"damage_healed":0,"gold_gain":0,"cards_transformed":["Defend_B"],"player_choice":"Transformed","damage_taken":0,"max_hp_gain":0,"max_hp_loss":0,"event_name":"Transmorgrifier","floor":37,"gold_loss":0,"cards_obtained":["Chill"]}],"is_beta":false,"boss_relics":[{"not_picked":["Lizard Tail","Tiny House"],"picked":"Ectoplasm"},{"not_picked":["Nuclear Battery","Runic Dome"],"picked":"Black Star"}],"items_purged_floors":[3,24],"is_endless":false,"potions_floor_spawned":[1,7,13,14,18,19,20,29,36,38,45,48],"ascension_level":2}