{"gold_per_floor":[368,443,114,131,151,186,203,203,275,290,304,304],"floor_reached":12,"playtime":597,"items_purged":["Strike_B"],"score":127,"play_id":"9ca956ee-6c03-4277-9f5e-5b761c62f53e","local_time":"20190112103831","is_ascension_mode":true,"campfire_choices":[{"floor":8,"key":"REST"}],"neow_cost":"TEN_PERCENT_HP_LOSS","seed_source_timestamp":0,"circlet_count":0,"master_deck":["AscendersBane","Strike_B","Strike_B","Strike_B","Defend_B","Defend_B","Defend_B","Defend_B","Zap","Dualcast","Consume","Metamorphosis","Sunder","Conserve Battery","Ball Lightning","Coolheaded","Chill"],"special_seed":0,"relics":["Cracked Core","Torii","Bottled Lightning"],"potions_floor_usage":[6,10],"damage_taken":[{"damage":3.0,"enemies":"2 Louse","floor":1.0,"turns":2.0},{"damage":1.0,"enemies":"Cultist","floor":4.0,"turns":3.0},{"damage":7.0,"enemies":"Jaw Worm","floor":5.0,"turns":4.0},{"damage":20,"enemies":"Lagavulin","floor":6,"turns":4},{"damage":2,"enemies":"Blue Slaver","floor":7,"turns":5},{"damage":6,"enemies":"Exordium Wildlife","floor":10,"turns":5},{"damage":14,"enemies":"Exordium Thugs","floor":11,"turns":5},{"damage":31,"enemies":"Gremlin Nob","floor":12,"turns":3}],"seed_played":"6110880528329341292","potions_obtained":[{"floor":4.0,"key":"SkillPotion"},{"floor":5.0,"key":"LiquidBronze"}],"is_trial":false,"path_per_floor":["M","?","$","M","M","E","M","R","T","M","M","E"],"character_chosen":"DEFECT","items_purchased":["Metamorphosis","Sunder"],"campfire_rested":1,"item_purchase_floors":[3,3],"current_hp_per_floor":[65,59,59,58,51,31,29,49,49,43,29,0],"gold":304,"neow_bonus":"TWO_FIFTY_GOLD","is_prod":false,"is_daily":false,"chose_seed":false,"campfire_upgraded":0,"win_rate":0,"timestamp":1547307511,"path_taken":["M","?","$","?","M","E","M","R","T","M","?","E"],"build_version":"2019-01-10","purchased_purges":1,"victory":false,"max_hp_per_floor":[68,68,68,68,68,68,68,68,68,68,68,68],"card_choices":[{"not_picked":["Conserve Battery","Turbo"],"picked":"Consume","floor":1.0},{"not_picked":["Gash","Rebound"],"picked":"Conserve Battery","floor":4.0},{"not_picked":["Leap","Streamline"],"picked":"Ball Lightning","floor":5.0},{"not_picked":["Sweeping Beam","Gash"],"picked":"Coolheaded","floor":6},{"not_picked":["Streamline","Amplify","Reprogram"],"picked":"SKIP","floor":7},{"not_picked":["Gash","Beam Cell","Streamline"],"picked":"SKIP","floor":10},{"not_picked":["Rebound","Machine Learning"],"picked":"Chill","floor":11}],"player_experience":783722,"relics_obtained":[{"floor":6,"key":"Torii"},{"floor":9,"key":"Bottled Lightning"}],"event_choices":[{"damage_healed":0.0,"max_hp_gain":0.0,"max_hp_loss":0.0,"gold_gain":75.0,"event_name":"FaceTrader","player_choice":"Touch","floor":2.0,"gold_loss":0.0,"damage_taken":6.0}],"is_beta":false,"boss_relics":[],"items_purged_floors":[3],"is_endless":false,"potions_floor_spawned":[4,5],"killed_by":"Gremlin Nob","ascension_level":11}