{"gold_per_floor":[112,112,112,130,146,171,171,171,198,198,216,250,224,184,184,184],"floor_reached":16,"playtime":570,"items_purged":[],"score":124,"play_id":"8dd7e5db-77e9-4561-bc88-e251faf2e8c5","local_time":"20180928005259","is_ascension_mode":true,"campfire_choices":[{"floor":7,"key":"REST"},{"data":"Intimidate","floor":10,"key":"SMITH"},{"floor":15,"key":"REST"}],"neow_cost":"TEN_PERCENT_HP_LOSS","seed_source_timestamp":40601383647206,"circlet_count":0,"master_deck":["Strike_R+1","Strike_R","Strike_R","Strike_R","Strike_R","Defend_R+1","Defend_R","Defend_R","Defend_R","Bash","Intimidate+1","Parasite","Iron Wave","Clash","Iron Wave"],"relics":["Burning Blood","WingedGreaves","Mummified Hand","Bottled Lightning","Strawberry","Centennial Puzzle"],"potions_floor_usage":[6,12,16],"damage_taken":[{"damage":12,"enemies":"2 Louse","floor":1,"turns":3},{"damage":0,"enemies":"Small Slimes","floor":4,"turns":3},{"damage":14,"enemies":"Jaw Worm","floor":5,"turns":3},{"damage":41,"enemies":"3 Sentries","floor":6,"turns":11},{"damage":14,"enemies":"Exordium Wildlife","floor":11,"turns":6},{"damage":49,"enemies":"Lagavulin","floor":12,"turns":7},{"damage":35,"enemies":"Hexaghost","floor":16,"turns":9}],"seed_played":"6305681840146290534","potions_obtained":[{"floor":1,"key":"GamblersBrew"},{"floor":6,"key":"Strength Potion"},{"floor":12,"key":"Strength Potion"}],"is_trial":false,"path_per_floor":["M","?","T","M","M","E","R","?","T","R","M","E","$","?","R"],"character_chosen":"IRONCLAD","items_purchased":["Iron Wave"],"campfire_rested":2,"item_purchase_floors":[13],"current_hp_per_floor":[66,52,52,58,50,15,36,54,61,61,53,10,10,10,33,0],"gold":184,"neow_bonus":"ONE_RARE_RELIC","is_prod":false,"is_daily":false,"chose_seed":false,"campfire_upgraded":1,"win_rate":0,"timestamp":1538121179,"path_taken":["M","?","?","M","M","E","R","?","T","R","?","E","$","?","R","BOSS"],"build_version":"2018-09-27","purchased_purges":0,"victory":false,"max_hp_per_floor":[72,72,72,72,72,72,72,72,79,79,79,79,79,79,79,79],"card_choices":[{"not_picked":["Sword Boomerang","Cleave","Clash"],"picked":"SKIP","floor":1},{"not_picked":["Clash","Clothesline","Armaments"],"picked":"SKIP","floor":4},{"not_picked":["Thunderclap","Pommel Strike"],"picked":"Intimidate","floor":5},{"not_picked":["Carnage","Shrug It Off","Bludgeon"],"picked":"SKIP","floor":6},{"not_picked":["Armaments","Hemokinesis"],"picked":"Iron Wave","floor":11},{"not_picked":["Uppercut","Perfected Strike"],"picked":"Clash","floor":12}],"player_experience":283423,"relics_obtained":[{"floor":3,"key":"Mummified Hand"},{"floor":6,"key":"Bottled Lightning"},{"floor":9,"key":"Strawberry"},{"floor":12,"key":"Centennial Puzzle"}],"event_choices":[{"event_name":"Shining Light","player_choice":"Entered Light","floor":2,"damage_taken":0},{"event_name":"Mushrooms","player_choice":"Healed and dodged fight","floor":8,"damage_taken":0},{"event_name":"World of Goop","player_choice":"Left","floor":14,"damage_taken":0}],"is_beta":false,"boss_relics":[],"items_purged_floors":[],"is_endless":false,"potions_floor_spawned":[1,6,12],"killed_by":"Hexaghost","ascension_level":3}