{"gold_per_floor":[117,117,117,128,148,182,200,230,230,256,274,289,254,287,287,383,383,383,308,51,51,51,51,51,51,51,51,51,51,51,51,51,51,51,51,51,11,11,11,11],"floor_reached":40,"playtime":5890,"items_purged":["Strike_G"],"score":714,"play_id":"36f903a0-1ed1-4b0a-a9bc-06388968b0da","local_time":"20190413180245","is_ascension_mode":true,"campfire_choices":[{"floor":15,"key":"REST"},{"data":"Footwork","floor":23,"key":"SMITH"},{"floor":27,"key":"REST"},{"floor":32,"key":"REST"}],"neow_cost":"NONE","seed_source_timestamp":310974969771085,"circlet_count":0,"master_deck":["Defend_G","Defend_G","Defend_G","Defend_G","Defend_G","Strike_G","Strike_G","Strike_G","Survivor","Neutralize+1","Leg Sweep","Footwork+1","Leg Sweep","Cloak And Dagger","Well Laid Plans","Malaise","Footwork","Footwork","Blur","Infinite Blades","Tools of the Trade","Catalyst+1","Glass Knife+1","Backflip","Accuracy","Well Laid Plans","After Image","Dash+1","Predator+1","Envenom","Calculated Gamble","Backflip+1"],"relics":["Lizard Tail","Bronze Scales","Sundial","Molten Egg 2","Art of War","Matryoshka","Ectoplasm","Snake Skull","Pen Nib","Lantern","Gremlin Horn","Nunchaku","Sozu","Orichalcum"],"potions_floor_usage":[6,6,8,14,25,25,31,33],"damage_taken":[{"damage":4,"enemies":"Small Slimes","floor":1,"turns":4},{"damage":0,"enemies":"Cultist","floor":4,"turns":5},{"damage":0,"enemies":"Jaw Worm","floor":5,"turns":5},{"damage":22,"enemies":"3 Sentries","floor":6,"turns":13},{"damage":2,"enemies":"Blue Slaver","floor":7,"turns":4},{"damage":14,"enemies":"Lagavulin","floor":8,"turns":16},{"damage":38,"enemies":"3 Sentries","floor":10,"turns":14},{"damage":12,"enemies":"Red Slaver","floor":11,"turns":5},{"damage":10,"enemies":"Lots of Slimes","floor":12,"turns":6},{"damage":0,"enemies":"Lagavulin","floor":14,"turns":14},{"damage":22,"enemies":"The Guardian","floor":16,"turns":16},{"damage":21,"enemies":"Chosen","floor":18,"turns":9},{"damage":9,"enemies":"Spheric Guardian","floor":22,"turns":5},{"damage":8,"enemies":"Book of Stabbing","floor":24,"turns":8},{"damage":1,"enemies":"Centurion and Healer","floor":25,"turns":9},{"damage":13,"enemies":"Sentry and Sphere","floor":28,"turns":8},{"damage":6,"enemies":"Chosen and Byrds","floor":29,"turns":8},{"damage":0,"enemies":"Gremlin Leader","floor":30,"turns":11},{"damage":31,"enemies":"Cultist and Chosen","floor":31,"turns":8},{"damage":11,"enemies":"Collector","floor":33,"turns":12},{"damage":24,"enemies":"3 Darklings","floor":35,"turns":9},{"damage":0,"enemies":"Orb Walker","floor":36,"turns":3},{"damage":11,"enemies":"Transient","floor":39,"turns":5},{"damage":33,"enemies":"Reptomancer","floor":40,"turns":3}],"seed_played":"-1259835255055303546","potions_obtained":[{"floor":1,"key":"Poison Potion"},{"floor":5,"key":"Poison Potion"},{"floor":6,"key":"Energy Potion"},{"floor":11,"key":"Poison Potion"},{"floor":12,"key":"Fire Potion"},{"floor":18,"key":"Swift Potion"},{"floor":22,"key":"AttackPotion"},{"floor":30,"key":"Fruit Juice"},{"floor":31,"key":"Swift Potion"}],"is_trial":false,"path_per_floor":["M","?","?","M","M","E","M","E","T","E","M","M","?","E","R","B",null,"M","?","$","?","M","R","E","M","T","R","M","M","E","M","R","B",null,"M","M","$","T","M","E"],"character_chosen":"THE_SILENT","items_purchased":["Glass Knife+1","Backflip","Calculated Gamble"],"campfire_rested":3,"item_purchase_floors":[20,20,37],"current_hp_per_floor":[59,64,64,64,64,42,40,26,26,35,23,13,31,31,53,31,64,43,43,43,43,34,34,26,25,25,47,34,28,28,2,26,15,64,40,40,40,40,29,0],"gold":11,"neow_bonus":"BOSS_RELIC","is_prod":false,"is_daily":false,"chose_seed":false,"campfire_upgraded":1,"win_rate":0,"timestamp":1555192965,"path_taken":["M","?","?","M","M","E","?","E","T","E","M","M","?","E","R","BOSS","M","?","$","?","?","R","E","M","T","R","M","M","E","M","R","BOSS","M","?","$","?","M","E"],"build_version":"2019-01-23","purchased_purges":1,"victory":false,"max_hp_per_floor":[70,75,75,75,75,75,75,75,75,75,75,75,75,75,75,75,75,75,75,75,75,75,75,75,75,75,75,75,75,75,80,80,80,80,80,80,80,80,80,80],"card_choices":[{"not_picked":["All Out Attack","Dagger Throw"],"picked":"Leg Sweep","floor":1},{"not_picked":["Terror","Blade Dance"],"picked":"Footwork","floor":4},{"not_picked":["Dodge and Roll","Flying Knee"],"picked":"Leg Sweep","floor":5},{"not_picked":["Bane","Quick Slash"],"picked":"Cloak And Dagger","floor":6},{"not_picked":["Setup","Dagger Spray"],"picked":"Well Laid Plans","floor":7},{"not_picked":["Blade Dance","PiercingWail"],"picked":"Malaise","floor":8},{"not_picked":["PiercingWail","Outmaneuver"],"picked":"Footwork","floor":10},{"not_picked":["Sucker Punch+1","Blur"],"picked":"Footwork","floor":11},{"not_picked":["Reflex","Sucker Punch+1"],"picked":"Blur","floor":12},{"not_picked":["Dagger Spray+1","Dagger Throw+1"],"picked":"Infinite Blades","floor":14},{"not_picked":["Glass Knife+1","Bullet Time"],"picked":"Tools of the Trade","floor":16},{"not_picked":["Outmaneuver+1","Cloak And Dagger"],"picked":"Catalyst+1","floor":18},{"not_picked":["Blade Dance","Outmaneuver+1","Underhanded Strike+1"],"picked":"SKIP","floor":22},{"not_picked":["Endless Agony+1","Underhanded Strike+1"],"picked":"Accuracy","floor":24},{"not_picked":["Dagger Spray+1","Finisher+1"],"picked":"Well Laid Plans","floor":25},{"not_picked":["Dagger Spray+1","Deflect+1","Flying Knee+1"],"picked":"SKIP","floor":28},{"not_picked":["Heel Hook+1","Blade Dance"],"picked":"After Image","floor":29},{"not_picked":["Backflip","Quick Slash+1"],"picked":"Dash+1","floor":30},{"not_picked":["Poisoned Stab+1","Setup+1"],"picked":"Predator+1","floor":31},{"not_picked":["After Image","Tools of the Trade"],"picked":"Envenom","floor":33},{"not_picked":["Predator+1","Dagger Spray+1","Acrobatics"],"picked":"SKIP","floor":35},{"not_picked":["Dagger Throw+1","Setup","Expertise"],"picked":"SKIP","floor":36},{"not_picked":["Outmaneuver+1","Poisoned Stab+1"],"picked":"Backflip+1","floor":39}],"player_experience":1348949,"relics_obtained":[{"floor":6,"key":"Bronze Scales"},{"floor":8,"key":"Sundial"},{"floor":9,"key":"Molten Egg 2"},{"floor":10,"key":"Art of War"},{"floor":14,"key":"Matryoshka"},{"floor":24,"key":"Pen Nib"},{"floor":26,"key":"Lantern"},{"floor":26,"key":"Gremlin Horn"},{"floor":30,"key":"Nunchaku"},{"floor":38,"key":"Orichalcum"}],"event_choices":[{"damage_healed":0,"gold_gain":0,"player_choice":"Donut","damage_taken":0,"max_hp_gain":5,"max_hp_loss":0,"event_name":"Big Fish","floor":2,"gold_loss":0},{"damage_healed":0,"gold_gain":0,"player_choice":"Upgraded","damage_taken":0,"max_hp_gain":0,"max_hp_loss":0,"event_name":"Upgrade Shrine","floor":3,"gold_loss":0,"cards_upgraded":["Neutralize"]},{"damage_healed":18,"gold_gain":0,"player_choice":"Healed","damage_taken":0,"max_hp_gain":0,"max_hp_loss":0,"event_name":"The Cleric","floor":13,"gold_loss":35},{"cards_removed":["Strike_G"],"damage_healed":0,"gold_gain":0,"player_choice":"Gave Gold","damage_taken":0,"max_hp_gain":0,"max_hp_loss":0,"event_name":"Beggar","floor":19,"gold_loss":75},{"damage_healed":0,"gold_gain":0,"player_choice":"Gave Potion","damage_taken":0,"relics_obtained":["Snake Skull"],"max_hp_gain":0,"max_hp_loss":0,"event_name":"WeMeetAgain","floor":21,"gold_loss":0}],"is_beta":false,"boss_relics":[{"not_picked":["Astrolabe","Orrery"],"picked":"Ectoplasm"},{"not_picked":["Runic Pyramid","HoveringKite"],"picked":"Sozu"}],"items_purged_floors":[20],"is_endless":false,"potions_floor_spawned":[1,5,6,11,12,18,22,30,31,35,36],"killed_by":"Reptomancer","ascension_level":8}