{"gold_per_floor":[119,142,161,171,171,171,102,135,135,155,155,168,186,186],"floor_reached":14,"playtime":360,"items_purged":[],"score":124,"play_id":"db6ca3ab-2a1d-4231-af2c-ad3ebfb41155","local_time":"20190502140902","is_ascension_mode":true,"campfire_choices":[{"data":"Fusion","floor":6,"key":"SMITH"},{"data":"Redo","floor":11,"key":"SMITH"}],"neow_cost":"NONE","seed_source_timestamp":484708310136813,"circlet_count":0,"master_deck":["Strike_B","Strike_B","Strike_B","Strike_B","Defend_B","Defend_B","Defend_B","Defend_B","Zap","Dualcast","Melter","Static Discharge","Conserve Battery","Fusion+1","Purity","Lockon","Redo+1","Coolheaded","Auto Shields"],"relics":["Cracked Core","Dream Catcher","Blood Vial","Potion Belt","Bottled Flame"],"potions_floor_usage":[8,8],"damage_taken":[{"damage":1,"enemies":"Cultist","floor":1,"turns":4},{"damage":2,"enemies":"Jaw Worm","floor":3,"turns":3},{"damage":0,"enemies":"2 Louse","floor":4,"turns":2},{"damage":10,"enemies":"Gremlin Nob","floor":8,"turns":3},{"damage":6,"enemies":"Exordium Wildlife","floor":10,"turns":5},{"damage":18,"enemies":"Lots of Slimes","floor":12,"turns":3},{"damage":29,"enemies":"Exordium Thugs","floor":13,"turns":5},{"damage":9,"enemies":"Blue Slaver","floor":14,"turns":4}],"seed_played":"-4474869683185092005","potions_obtained":[{"floor":3,"key":"Strength Potion"},{"floor":4,"key":"Poison Potion"},{"floor":8,"key":"Energy Potion"},{"floor":12,"key":"SpeedPotion"}],"is_trial":false,"path_per_floor":["M","T","M","M","?","R","$","E","T","M","R","M","M","M"],"character_chosen":"DEFECT","items_purchased":["Lockon"],"campfire_rested":0,"item_purchase_floors":[7],"current_hp_per_floor":[67,67,67,69,69,69,69,61,61,57,57,41,14,7],"gold":186,"neow_bonus":"RANDOM_COMMON_RELIC","is_prod":false,"is_daily":false,"chose_seed":false,"campfire_upgraded":2,"win_rate":0,"timestamp":1556777342,"path_taken":["M","?","M","M","?","R","$","E","T","M","R","?","M","M"],"build_version":"2019-01-23","purchased_purges":0,"victory":false,"max_hp_per_floor":[75,75,75,75,75,75,75,75,75,75,75,75,75,75],"card_choices":[{"not_picked":["Barrage","Double Energy"],"picked":"Melter","floor":1},{"not_picked":["Compile Driver","Stack"],"picked":"Static Discharge","floor":3},{"not_picked":["Leap","Stack"],"picked":"Conserve Battery","floor":4},{"not_picked":["Reboot","Sunder"],"picked":"Redo","floor":8},{"not_picked":["Steam","Stack"],"picked":"Coolheaded","floor":10},{"not_picked":["Redo","Leap","Coolheaded"],"picked":"SKIP","floor":12},{"not_picked":["Streamline","Leap"],"picked":"Auto Shields","floor":13}],"player_experience":842575,"relics_obtained":[{"floor":2,"key":"Blood Vial"},{"floor":8,"key":"Potion Belt"},{"floor":9,"key":"Bottled Flame"}],"event_choices":[{"damage_healed":0,"gold_gain":0,"player_choice":"2 cards matched","damage_taken":0,"max_hp_gain":0,"max_hp_loss":0,"event_name":"Match and Keep!","floor":5,"gold_loss":0,"cards_obtained":["Fusion","Purity"]}],"is_beta":false,"boss_relics":[],"items_purged_floors":[],"is_endless":false,"potions_floor_spawned":[3,4,8,12],"killed_by":"Blue Slaver","ascension_level":7}