{"gold_per_floor":[117,127,127,77,92,423,423,450,530,542],"floor_reached":10,"playtime":475,"items_purged":[],"score":106,"play_id":"6692e109-4652-40ec-bc2d-5af7555607dd","local_time":"20190523162225","is_ascension_mode":true,"campfire_choices":[{"data":"Flame Barrier","floor":7,"key":"SMITH"}],"neow_cost":"NONE","seed_source_timestamp":54772204814931,"circlet_count":0,"master_deck":["Strike_R","Strike_R+1","Strike_R","Strike_R+1","Defend_R","Defend_R","Defend_R","Defend_R","Bash","Metallicize","Flame Barrier+1","Clothesline","Infernal Blade","Body Slam"],"relics":["Burning Blood","Old Coin","MawBank"],"potions_floor_usage":[6,6,6,8,10],"damage_taken":[{"damage":3,"enemies":"2 Louse","floor":1,"turns":4},{"damage":10,"enemies":"Small Slimes","floor":2,"turns":6},{"damage":0,"enemies":"Jaw Worm","floor":5,"turns":4},{"damage":38,"enemies":"3 Sentries","floor":6,"turns":8},{"damage":25,"enemies":"Lagavulin","floor":8,"turns":10},{"damage":10,"enemies":"3 Sentries","floor":10,"turns":2}],"seed_played":"-2547940224120733018","potions_obtained":[{"floor":0,"key":"LiquidBronze"},{"floor":0,"key":"SneckoOil"},{"floor":0,"key":"SneckoOil"},{"floor":6,"key":"FearPotion"},{"floor":8,"key":"Ancient Potion"}],"is_trial":false,"path_per_floor":["M","M","?","?","M","E","R","E","T","E"],"character_chosen":"IRONCLAD","items_purchased":[],"campfire_rested":0,"item_purchase_floors":[],"current_hp_per_floor":[75,71,55,55,61,29,29,10,10,0],"gold":542,"neow_bonus":"THREE_SMALL_POTIONS","is_prod":false,"is_daily":false,"chose_seed":false,"campfire_upgraded":1,"win_rate":0,"timestamp":1558642945,"path_taken":["M","M","?","?","M","E","R","E","T","E"],"build_version":"2019-01-23","purchased_purges":0,"victory":false,"max_hp_per_floor":[80,80,80,80,80,80,80,80,80,80],"card_choices":[{"not_picked":["Armaments","Headbutt"],"picked":"Metallicize","floor":1},{"not_picked":["True Grit","Cleave"],"picked":"Flame Barrier","floor":2},{"not_picked":["Headbutt","Rampage"],"picked":"Clothesline","floor":5},{"not_picked":["Twin Strike","Second Wind"],"picked":"Infernal Blade","floor":6},{"not_picked":["Thunderclap","Rage"],"picked":"Body Slam","floor":8}],"player_experience":1419792,"relics_obtained":[{"floor":6,"key":"Old Coin"},{"floor":8,"key":"MawBank"}],"event_choices":[{"damage_healed":0,"gold_gain":0,"player_choice":"Entered Light","damage_taken":16,"max_hp_gain":0,"max_hp_loss":0,"event_name":"Shining Light","floor":3,"gold_loss":0,"cards_upgraded":["Strike_R","Strike_R"]},{"cards_removed":["Strike_R"],"damage_healed":0,"gold_gain":0,"player_choice":"Card Removal","damage_taken":0,"max_hp_gain":0,"max_hp_loss":0,"event_name":"The Cleric","floor":4,"gold_loss":50}],"is_beta":false,"boss_relics":[],"items_purged_floors":[],"is_endless":false,"potions_floor_spawned":[6,8],"killed_by":"3 Sentries","ascension_level":8}