{"gold_per_floor":[110,60,9,184,184,184,63,93,93,109,122,122,122,102,102,207,207,207,122,122,122,122,122,122,122,122,82,37,37,37,37,37,37,37,37,37,37,37,0,0,0,0,0,0,0,0,0,0,0,0],"floor_reached":50,"playtime":1966,"items_purged":[],"score":540,"play_id":"5e1e464d-ebdb-478f-8799-828aa1c40c32","local_time":"20181023103748","is_ascension_mode":false,"campfire_choices":[{"floor":6,"key":"REST"},{"floor":12,"key":"REST"},{"floor":15,"key":"REST"},{"floor":23,"key":"REST"},{"floor":29,"key":"REST"},{"floor":32,"key":"REST"},{"floor":42,"key":"REST"},{"floor":44,"key":"REST"},{"floor":46,"key":"REST"},{"floor":49,"key":"REST"}],"neow_cost":"NONE","seed_source_timestamp":763481755066,"circlet_count":0,"master_deck":["Defend_B","Defend_B","Defend_B","Defend_B","Zap","Dualcast","Sweeping Beam","Ball Lightning+1","Darkness","Cold Snap","Rainbow","Coolheaded","Thunder Strike","Compile Driver","Defragment","Redo","Rainbow","Loop+1","Genetic Algorithm","Barrage","Electrodynamics","Multi-Cast","Reinforced Body+1","Reprogram+1","Redo+1","Hologram+1","Multi-Cast","Capacitor","Writhe","Storm"],"relics":["Fusion Hammer","Spirit Poop","Mango","Meat on the Bone","Ectoplasm","Kunai","Boot","Bottled Tornado","Astrolabe","Red Mask","PreservedInsect","Darkstone Periapt","Pantograph"],"potions_floor_usage":[16,16,16,18,24,24,33,40,40,40,50],"damage_taken":[{"damage":0,"enemies":"2 Louse","floor":1,"turns":2},{"damage":24,"enemies":"3 Sentries","floor":8,"turns":6},{"damage":0,"enemies":"Small Slimes","floor":10,"turns":3},{"damage":4,"enemies":"Jaw Worm","floor":11,"turns":2},{"damage":34,"enemies":"Hexaghost","floor":16,"turns":8},{"damage":1,"enemies":"Shell Parasite","floor":18,"turns":5},{"damage":5,"enemies":"Chosen","floor":20,"turns":3},{"damage":3,"enemies":"Snecko","floor":21,"turns":5},{"damage":16,"enemies":"Book of Stabbing","floor":24,"turns":4},{"damage":3,"enemies":"Centurion and Healer","floor":25,"turns":4},{"damage":14,"enemies":"Snake Plant","floor":31,"turns":3},{"damage":59,"enemies":"Champ","floor":33,"turns":7},{"damage":16,"enemies":"3 Darklings","floor":35,"turns":3},{"damage":3,"enemies":"3 Shapes","floor":37,"turns":4},{"damage":6,"enemies":"3 Darklings","floor":38,"turns":4},{"damage":45,"enemies":"Giant Head","floor":40,"turns":9},{"damage":16,"enemies":"Jaw Worm Horde","floor":41,"turns":4},{"damage":62,"enemies":"Transient","floor":45,"turns":5},{"damage":79,"enemies":"Nemesis","floor":48,"turns":7},{"damage":71,"enemies":"Time Eater","floor":50,"turns":5}],"seed_played":"2778304263169609705","potions_obtained":[{"floor":8,"key":"EssenceOfSteel"},{"floor":11,"key":"EssenceOfSteel"},{"floor":14,"key":"Block Potion"},{"floor":16,"key":"EntropicBrew"},{"floor":18,"key":"Fire Potion"},{"floor":24,"key":"FearPotion"},{"floor":31,"key":"FocusPotion"},{"floor":35,"key":"Block Potion"},{"floor":37,"key":"PowerPotion"},{"floor":48,"key":"Swift Potion"}],"is_trial":false,"path_per_floor":["M","?","$","?","?","R","$","E","T","M","M","R","?","?","R","B",null,"M","?","M","M","?","R","E","M","T","?","$","R","?","M","R","B",null,"M","?","M","M","?","E","M","R","T","R","M","R","?","E","R"],"character_chosen":"DEFECT","items_purchased":["Ball Lightning","Darkness","Cold Snap","Barrage"],"campfire_rested":10,"item_purchase_floors":[3,7,7,28],"current_hp_per_floor":[75,75,75,75,75,75,75,65,65,65,61,87,87,87,89,55,89,88,88,83,80,80,89,73,70,70,70,70,89,89,75,89,42,89,73,73,70,64,64,31,27,53,53,79,29,55,83,16,44,0],"gold":0,"neow_bonus":"BOSS_RELIC","is_prod":false,"is_daily":false,"chose_seed":false,"campfire_upgraded":0,"win_rate":0,"timestamp":1540262268,"path_taken":["M","?","$","?","?","R","$","E","T","M","?","R","?","?","R","BOSS","M","?","?","M","?","R","E","M","T","?","$","R","?","M","R","BOSS","M","?","M","M","?","E","M","R","T","R","M","R","?","E","R","BOSS"],"build_version":"2018-10-18","purchased_purges":0,"victory":false,"max_hp_per_floor":[75,75,75,75,75,75,75,89,89,89,89,89,89,89,89,89,89,89,89,89,89,89,89,89,89,89,89,89,89,89,89,89,89,89,89,89,89,89,89,89,89,89,89,89,89,89,95,95,95,95],"card_choices":[{"not_picked":["Compile Driver","Beam Cell"],"picked":"Sweeping Beam","floor":1},{"not_picked":["Redo","Compile Driver"],"picked":"Rainbow","floor":8},{"not_picked":["Cold Snap","Streamline"],"picked":"Coolheaded","floor":10},{"not_picked":["Conserve Battery","Seek"],"picked":"Barrage","floor":11},{"not_picked":["Core Surge","Meteor Strike"],"picked":"Thunder Strike","floor":16},{"not_picked":["Recycle+1","Redo+1"],"picked":"Compile Driver","floor":18},{"not_picked":["Streamline","Leap+1"],"picked":"Defragment","floor":20},{"not_picked":["Go for the Eyes","White Noise"],"picked":"Redo","floor":21},{"not_picked":["Lockon","Redo+1"],"picked":"Loop+1","floor":24},{"not_picked":["Gash","Compile Driver"],"picked":"Genetic Algorithm","floor":25},{"not_picked":["Barrage","Ball Lightning+1"],"picked":"Electrodynamics","floor":31},{"not_picked":["Echo Form","Core Surge"],"picked":"Multi-Cast","floor":33},{"not_picked":["White Noise+1","Gash"],"picked":"Hologram+1","floor":35},{"not_picked":["Redo","Go for the Eyes+1"],"picked":"Multi-Cast","floor":37},{"not_picked":["Skim","Rebound+1","Gash"],"picked":"SKIP","floor":38},{"not_picked":["Hologram","Recycle+1"],"picked":"Capacitor","floor":40},{"not_picked":["Leap","Streamline","Melter+1"],"picked":"SKIP","floor":41},{"not_picked":["Cold Snap","Stack","Chill+1"],"picked":"SKIP","floor":45},{"not_picked":["Leap","Barrage"],"picked":"Storm","floor":48}],"player_experience":392369,"relics_obtained":[{"floor":8,"key":"Mango"},{"floor":9,"key":"Meat on the Bone"},{"floor":24,"key":"Boot"},{"floor":26,"key":"Bottled Tornado"},{"floor":40,"key":"PreservedInsect"},{"floor":43,"key":"Darkstone Periapt"},{"floor":48,"key":"Pantograph"}],"event_choices":[{"cards_removed":["Strike_B"],"damage_healed":0,"gold_gain":0,"player_choice":"Card Removal","damage_taken":0,"max_hp_gain":0,"max_hp_loss":0,"event_name":"The Cleric","floor":2,"gold_loss":50},{"damage_healed":0,"gold_gain":175,"player_choice":"AGREE","damage_taken":0,"max_hp_gain":0,"max_hp_loss":0,"event_name":"Liars Game","floor":4,"gold_loss":0,"cards_obtained":["Doubt"]},{"cards_removed":["Doubt"],"damage_healed":0,"gold_gain":0,"player_choice":"Offered Curse","damage_taken":0,"relics_obtained":["Spirit Poop"],"max_hp_gain":0,"max_hp_loss":0,"event_name":"Bonfire Elementals","floor":5,"gold_loss":0},{"damage_healed":0,"gold_gain":0,"player_choice":"Ignored","damage_taken":0,"max_hp_gain":0,"max_hp_loss":0,"event_name":"Transmorgrifier","floor":13,"gold_loss":0},{"damage_healed":0,"gold_gain":0,"player_choice":"Bought 1 Potion","damage_taken":0,"max_hp_gain":0,"max_hp_loss":0,"event_name":"The Woman in Blue","floor":14,"gold_loss":0},{"damage_healed":0,"gold_gain":0,"player_choice":"Obtained Relic","damage_taken":0,"relics_obtained":["Kunai"],"max_hp_gain":0,"max_hp_loss":0,"event_name":"Addict","floor":19,"gold_loss":85},{"damage_healed":0,"gold_gain":0,"player_choice":"Copied","damage_taken":0,"max_hp_gain":0,"max_hp_loss":0,"event_name":"Duplicator","floor":22,"gold_loss":0,"cards_obtained":["Rainbow"]},{"damage_healed":0,"gold_gain":0,"player_choice":"Upgraded Two","damage_taken":0,"max_hp_gain":0,"max_hp_loss":0,"event_name":"Designer","floor":27,"gold_loss":40,"cards_upgraded":["Ball Lightning","Strike_B"]},{"damage_healed":0,"gold_gain":0,"player_choice":"Ignored","damage_taken":0,"max_hp_gain":0,"max_hp_loss":0,"event_name":"Beggar","floor":30,"gold_loss":0},{"cards_removed":["Barrage"],"damage_healed":0,"gold_gain":0,"player_choice":"Removed Attack","damage_taken":0,"max_hp_gain":0,"max_hp_loss":0,"event_name":"Falling","floor":36,"gold_loss":0},{"damage_healed":0,"gold_gain":0,"player_choice":"Paid","damage_taken":0,"relics_obtained":["Red Mask"],"max_hp_gain":0,"max_hp_loss":0,"event_name":"Tomb of Lord Red Mask","floor":39,"gold_loss":37},{"damage_healed":22,"gold_gain":0,"player_choice":"Writhe","damage_taken":0,"max_hp_gain":0,"max_hp_loss":0,"event_name":"Winding Halls","floor":47,"gold_loss":0,"cards_obtained":["Writhe"]}],"is_beta":false,"boss_relics":[{"not_picked":["Runic Dome","Orrery"],"picked":"Ectoplasm"},{"not_picked":["Calling Bell","Empty Cage"],"picked":"Astrolabe"}],"items_purged_floors":[],"is_endless":false,"potions_floor_spawned":[8,11,16,18,24,31,35,37,48],"killed_by":"Time Eater","ascension_level":0}