{"gold_per_floor":[113,78,153,166,177,177,211,211,211,225,254,254,254,265,265,337,337,314,29,41,53,68,99,119,119,145,145,158,158,158,192,192,266,266,280,280,300,312,312,312],"floor_reached":40,"playtime":4213,"items_purged":["Strike_R"],"score":926,"play_id":"bae871db-a937-4cc9-9bf9-0f6a04571dd5","local_time":"20190517140420","is_ascension_mode":true,"campfire_choices":[{"data":"Bash","floor":6,"key":"SMITH"},{"data":"Combust","floor":12,"key":"SMITH"},{"data":"Feel No Pain","floor":15,"key":"SMITH"},{"data":"True Grit","floor":25,"key":"SMITH"},{"data":"Havoc","floor":27,"key":"SMITH"},{"data":"Demon Form","floor":29,"key":"SMITH"},{"data":"Burning Pact","floor":32,"key":"SMITH"}],"neow_cost":"PERCENT_DAMAGE","seed_source_timestamp":124102766992062,"circlet_count":0,"master_deck":["AscendersBane","Strike_R","Strike_R","Strike_R","Strike_R","Defend_R","Defend_R","Defend_R","Defend_R+1","Bash+1","Combust+1","Clothesline+1","Armaments","Disarm","Flame Barrier+1","Anger","Feel No Pain+1","True Grit+1","Reaper","Demon Form+1","Master of Strategy","Battle Trance","Thunderclap+1","Disarm","Havoc+1","Limit Break","Shame","Burning Pact+1","Exhume","Shrug It Off","Power Through+1"],"relics":["Burning Blood","Prayer Wheel","Blue Candle","War Paint","Pen Nib","Cursed Key","Regal Pillow","Red Skull","Snecko Eye"],"potions_floor_usage":[18,31,40,40],"damage_taken":[{"damage":2,"enemies":"2 Louse","floor":1,"turns":4},{"damage":8,"enemies":"Jaw Worm","floor":4,"turns":5},{"damage":3,"enemies":"Small Slimes","floor":5,"turns":5},{"damage":41,"enemies":"Lagavulin","floor":7,"turns":9},{"damage":8,"enemies":"Red Slaver","floor":10,"turns":5},{"damage":15,"enemies":"3 Sentries","floor":11,"turns":16},{"damage":11,"enemies":"Exordium Wildlife","floor":14,"turns":6},{"damage":41,"enemies":"Slime Boss","floor":16,"turns":11},{"damage":32,"enemies":"2 Thieves","floor":18,"turns":4},{"damage":3,"enemies":"Spheric Guardian","floor":20,"turns":4},{"damage":40,"enemies":"Centurion and Healer","floor":21,"turns":15},{"damage":27,"enemies":"Snecko","floor":22,"turns":6},{"damage":33,"enemies":"Gremlin Leader","floor":23,"turns":7},{"damage":23,"enemies":"Shelled Parasite and Fungi","floor":24,"turns":8},{"damage":21,"enemies":"3 Cultists","floor":28,"turns":4},{"damage":33,"enemies":"Slavers","floor":31,"turns":9},{"damage":14,"enemies":"Champ","floor":33,"turns":14},{"damage":12,"enemies":"3 Shapes","floor":35,"turns":10},{"damage":21,"enemies":"Orb Walker","floor":37,"turns":5},{"damage":87,"enemies":"Maw","floor":38,"turns":12},{"damage":62,"enemies":"Nemesis","floor":40,"turns":10}],"seed_played":"3645109838102341406","potions_obtained":[{"floor":7,"key":"Poison Potion"},{"floor":10,"key":"PowerPotion"},{"floor":21,"key":"BloodPotion"},{"floor":23,"key":"GamblersBrew"},{"floor":28,"key":"Fire Potion"},{"floor":31,"key":"SpeedPotion"},{"floor":33,"key":"Swift Potion"}],"is_trial":false,"path_per_floor":["M","?","?","M","M","R","E","?","T","M","E","R","?","M","R","B",null,"M","$","M","M","M","E","M","R","T","R","M","R","?","E","R","B",null,"M","?","M","M","?","E"],"character_chosen":"IRONCLAD","items_purchased":["Master of Strategy"],"campfire_rested":0,"item_purchase_floors":[19],"current_hp_per_floor":[54,72,61,59,62,62,27,75,75,73,64,64,64,67,67,42,67,49,49,52,75,66,74,70,70,70,70,55,55,55,36,36,75,75,75,71,56,54,54,0],"gold":312,"neow_bonus":"ONE_RARE_RELIC","is_prod":false,"is_daily":false,"chose_seed":false,"campfire_upgraded":7,"win_rate":0,"timestamp":1558116260,"path_taken":["M","?","?","M","M","R","E","?","T","?","E","R","?","M","R","BOSS","M","$","M","M","?","E","M","R","T","R","M","R","?","E","R","BOSS","M","?","M","M","?","E"],"build_version":"2019-01-23","purchased_purges":1,"victory":false,"max_hp_per_floor":[75,75,75,75,75,75,75,75,75,75,75,75,75,75,75,75,75,75,75,75,75,75,75,75,75,75,75,75,75,75,75,75,75,75,75,71,71,71,71,71],"card_choices":[{"not_picked":["Warcry","Sword Boomerang"],"picked":"Combust","floor":1},{"not_picked":["Flex","Sword Boomerang"],"picked":"Clothesline","floor":1},{"not_picked":["Sever Soul","Infernal Blade"],"picked":"Armaments","floor":4},{"not_picked":["Heavy Blade","Headbutt","Sentinel"],"picked":"SKIP","floor":4},{"not_picked":["Sword Boomerang","Headbutt"],"picked":"Disarm","floor":5},{"not_picked":["Body Slam","Fire Breathing"],"picked":"Flame Barrier","floor":5},{"not_picked":["Berserk","Warcry"],"picked":"Anger","floor":7},{"not_picked":["Spot Weakness","Heavy Blade"],"picked":"Feel No Pain","floor":10},{"not_picked":["Wild Strike","Burning Pact"],"picked":"True Grit","floor":10},{"not_picked":["Ghostly Armor","Inflame"],"picked":"Reaper","floor":11},{"not_picked":["Clothesline","Body Slam","Warcry"],"picked":"SKIP","floor":14},{"not_picked":["Carnage","Pummel","Clash"],"picked":"SKIP","floor":14},{"not_picked":["Impervious","Double Tap"],"picked":"Demon Form","floor":16},{"not_picked":["Anger","Armaments","Whirlwind"],"picked":"SKIP","floor":18},{"not_picked":["Fire Breathing","Iron Wave","Feel No Pain"],"picked":"SKIP","floor":18},{"not_picked":["Reckless Charge","Berserk","Dropkick+1"],"picked":"SKIP","floor":20},{"not_picked":["Flex","Sword Boomerang","Bloodletting"],"picked":"SKIP","floor":20},{"not_picked":["Reckless Charge","Berserk","Dropkick+1"],"picked":"SKIP","floor":20},{"not_picked":["Flex","Sword Boomerang","Bloodletting"],"picked":"SKIP","floor":20},{"not_picked":["Rupture","Dropkick"],"picked":"Battle Trance","floor":21},{"not_picked":["Twin Strike","Metallicize"],"picked":"Thunderclap+1","floor":21},{"not_picked":["Ghostly Armor","Thunderclap"],"picked":"Disarm","floor":22},{"not_picked":["Fire Breathing","Cleave","Bloodletting+1"],"picked":"SKIP","floor":22},{"not_picked":["True Grit","Inflame"],"picked":"Havoc","floor":23},{"not_picked":["Anger+1","Perfected Strike+1"],"picked":"Limit Break","floor":24},{"not_picked":["Thunderclap","Spot Weakness","Heavy Blade"],"picked":"SKIP","floor":24},{"not_picked":["Thunderclap","Clothesline"],"picked":"Burning Pact","floor":28},{"not_picked":["Thunderclap","Fire Breathing","Cleave"],"picked":"SKIP","floor":28},{"not_picked":["Dropkick","Sentinel","Blood for Blood"],"picked":"SKIP","floor":31},{"not_picked":["Brutality","Immolate"],"picked":"Exhume","floor":33},{"not_picked":["Rampage","Thunderclap"],"picked":"Shrug It Off","floor":35},{"not_picked":["Entrench","Havoc","Hemokinesis"],"picked":"SKIP","floor":35},{"not_picked":["Dropkick","Infernal Blade","Thunderclap"],"picked":"SKIP","floor":37},{"not_picked":["Clash+1","Power Through+1","Ghostly Armor"],"picked":"SKIP","floor":37},{"not_picked":["Clash+1","Ghostly Armor"],"picked":"Power Through+1","floor":37},{"not_picked":["Dropkick","Infernal Blade","Thunderclap"],"picked":"SKIP","floor":37},{"not_picked":["Metallicize+1","Juggernaut","Body Slam+1"],"picked":"SKIP","floor":38},{"not_picked":["Pommel Strike","Dual Wield","Headbutt+1"],"picked":"SKIP","floor":38}],"player_experience":1317614,"relics_obtained":[{"floor":7,"key":"Blue Candle"},{"floor":9,"key":"War Paint"},{"floor":11,"key":"Pen Nib"},{"floor":23,"key":"Regal Pillow"},{"floor":31,"key":"Red Skull"}],"event_choices":[{"damage_healed":18,"gold_gain":0,"player_choice":"Healed","damage_taken":0,"max_hp_gain":0,"max_hp_loss":0,"event_name":"The Cleric","floor":2,"gold_loss":35},{"damage_healed":0,"gold_gain":75,"player_choice":"Gather Gold","damage_taken":11,"max_hp_gain":0,"max_hp_loss":0,"event_name":"World of Goop","floor":3,"gold_loss":0},{"damage_healed":48,"gold_gain":0,"player_choice":"Full Heal","damage_taken":0,"max_hp_gain":0,"max_hp_loss":0,"event_name":"Wheel of Change","floor":8,"gold_loss":0},{"damage_healed":0,"gold_gain":0,"player_choice":"Upgraded","damage_taken":0,"max_hp_gain":0,"max_hp_loss":0,"event_name":"Upgrade Shrine","floor":13,"gold_loss":0,"cards_upgraded":["Clothesline"]},{"damage_healed":0,"gold_gain":0,"player_choice":"Ignored","damage_taken":0,"max_hp_gain":0,"max_hp_loss":0,"event_name":"Ghosts","floor":30,"gold_loss":0},{"damage_healed":0,"gold_gain":0,"player_choice":"Max HP","damage_taken":0,"max_hp_gain":0,"max_hp_loss":4,"event_name":"Winding Halls","floor":36,"gold_loss":0},{"damage_healed":0,"gold_gain":0,"player_choice":"Memory 1","damage_taken":0,"max_hp_gain":0,"max_hp_loss":0,"event_name":"SensoryStone","floor":39,"gold_loss":0}],"is_beta":false,"boss_relics":[{"not_picked":["Ectoplasm","Calling Bell"],"picked":"Cursed Key"},{"not_picked":["Philosopher\u0027s Stone","Fusion Hammer"],"picked":"Snecko Eye"}],"items_purged_floors":[19],"is_endless":false,"potions_floor_spawned":[7,10,11,21,23,24,28,31,33,35],"killed_by":"Nemesis","ascension_level":20}