{"gold_per_floor":[110,110,125,125,125,125,151,151,151,212,237,268,293,338,350,459,471,503,495,507],"floor_reached":20,"playtime":1398,"items_purged":[],"score":219,"play_id":"a57611e4-92b2-41a4-8e03-cfaeaca141c1","local_time":"20180803041349","is_ascension_mode":true,"campfire_choices":[{"data":"Quick Slash","floor":6,"key":"SMITH"},{"floor":8,"key":"REST"},{"floor":15,"key":"REST"}],"neow_cost":"NONE","seed_source_timestamp":292291987699225,"circlet_count":0,"master_deck":["Defend_G+1","Defend_G","Defend_G","Defend_G","Defend_G","Strike_G","Strike_G","Strike_G","Strike_G","Strike_G","Survivor","Neutralize+1","Outmaneuver","Quick Slash+1","Unload","Quick Slash","Backstab","Dagger Throw","Night Terror","Noxious Fumes"],"relics":["Snecko Eye","Ancient Tea Set","Omamori","Orichalcum","MawBank","Peace Pipe","WristBlade"],"potions_floor_usage":[5,16,19,20,20],"damage_taken":[{"damage":0,"enemies":"Cultist","floor":1,"turns":3},{"damage":0,"enemies":"Small Slimes","floor":3,"turns":3},{"damage":24,"enemies":"3 Sentries","floor":7,"turns":10},{"damage":11,"enemies":"Gremlin Nob","floor":12,"turns":4},{"damage":1,"enemies":"2 Louse","floor":13,"turns":3},{"damage":9,"enemies":"3 Sentries","floor":14,"turns":8},{"damage":54,"enemies":"Slime Boss","floor":16,"turns":15},{"damage":21,"enemies":"3 Byrds","floor":18,"turns":5},{"damage":16,"enemies":"2 Thieves","floor":19,"turns":4},{"damage":52,"enemies":"Slaver and Parasite","floor":20,"turns":5}],"seed_played":"4110808252702210358","potions_obtained":[{"floor":3,"key":"Fruit Juice"},{"floor":13,"key":"Block Potion"},{"floor":14,"key":"Regen Potion"},{"floor":16,"key":"AttackPotion"},{"floor":19,"key":"EssenceOfSteel"}],"is_trial":false,"path_per_floor":["M","?","M","$","?","R","E","R","T","?","T","E","M","E","R","B",null,"M","M"],"character_chosen":"THE_SILENT","items_purchased":[],"campfire_rested":2,"item_purchase_floors":[],"current_hp_per_floor":[70,56,56,56,61,61,37,59,59,59,59,48,47,38,60,6,75,54,52,0],"gold":507,"neow_bonus":"BOSS_RELIC","is_prod":false,"is_daily":false,"chose_seed":false,"campfire_upgraded":1,"win_rate":0,"timestamp":1533294829,"path_taken":["M","?","M","$","?","R","E","R","T","?","?","E","?","E","R","BOSS","M","M","M"],"build_version":"2018-08-02","purchased_purges":0,"victory":false,"max_hp_per_floor":[70,70,70,70,75,75,75,75,75,75,75,75,75,75,75,75,75,75,75,75],"card_choices":[{"not_picked":["PiercingWail","Poisoned Stab"],"picked":"Outmaneuver","floor":1},{"not_picked":["Setup","Dagger Spray"],"picked":"Quick Slash","floor":3},{"not_picked":["Flying Knee","Heel Hook"],"picked":"Unload","floor":7},{"not_picked":["Poisoned Stab","Outmaneuver"],"picked":"Quick Slash","floor":12},{"not_picked":["Dodge and Roll","Prepared"],"picked":"Backstab","floor":13},{"not_picked":["Tactician","Storm of Steel"],"picked":"Dagger Throw","floor":14},{"not_picked":["Phantasmal Killer","Venomology"],"picked":"Night Terror","floor":16},{"not_picked":["Backflip","Backstab","Prepared"],"picked":"SKIP","floor":18},{"not_picked":["Blade Dance","Deflect"],"picked":"Noxious Fumes","floor":19}],"player_experience":229205,"relics_obtained":[{"floor":7,"key":"Ancient Tea Set"},{"floor":9,"key":"Omamori"},{"floor":11,"key":"Orichalcum"},{"floor":12,"key":"MawBank"},{"floor":14,"key":"Peace Pipe"}],"event_choices":[{"event_name":"Shining Light","player_choice":"Entered Light","floor":2,"damage_taken":0},{"event_name":"The Cleric","player_choice":"Leave","floor":5,"damage_taken":0},{"event_name":"Golden Wing","player_choice":"Gained Gold","floor":10,"damage_taken":0}],"is_beta":false,"boss_relics":[{"not_picked":["Empty Cage","Runic Dome"],"picked":"WristBlade"}],"items_purged_floors":[],"is_endless":false,"potions_floor_spawned":[3,13,14,16,19],"killed_by":"Slaver and Parasite","ascension_level":3}