{"gold_per_floor":[113,133,147,160,171,206,225,225,225,225,251,269,303,321,321,416,466,480,107,22,121,135,160,184,184,211,242,242],"floor_reached":28,"playtime":2394,"items_purged":["Strike_R"],"score":294,"play_id":"81beddb9-2777-4804-8e83-a75e32a21bed","local_time":"20190603204634","is_ascension_mode":true,"campfire_choices":[{"data":"Armaments","floor":8.0,"key":"SMITH"},{"data":"Seeing Red","floor":10.0,"key":"SMITH"},{"data":"True Grit","floor":15.0,"key":"SMITH"},{"data":"True Grit","floor":25.0,"key":"SMITH"}],"neow_cost":"CURSE","seed_source_timestamp":0,"circlet_count":0,"master_deck":["Strike_R","Strike_R","Strike_R+1","Strike_R","Defend_R","Defend_R","Defend_R","Defend_R","Bash","Secret Weapon","Flash of Steel+1","Writhe","Battle Trance","Metallicize","Armaments+1","Iron Wave","Seeing Red+1","Corruption","Rage","Offering","True Grit+1","Iron Wave+1","Limit Break","Blood for Blood","Uppercut","True Grit+1","True Grit","Ghostly Armor"],"special_seed":0,"relics":["Burning Blood","Du-Vu Doll","Ornamental Fan","Blood Vial","Art of War","Tiny House","Pantograph","Champion Belt","Anchor","Whetstone","Regal Pillow","Bag of Marbles"],"potions_floor_usage":[28,28],"damage_taken":[{"damage":0.0,"enemies":"Cultist","floor":1.0,"turns":4.0},{"damage":1.0,"enemies":"Jaw Worm","floor":2.0,"turns":3.0},{"damage":5.0,"enemies":"2 Louse","floor":3.0,"turns":4.0},{"damage":5.0,"enemies":"2 Fungi Beasts","floor":4.0,"turns":5.0},{"damage":0.0,"enemies":"Looter","floor":5.0,"turns":4.0},{"damage":37.0,"enemies":"Lagavulin","floor":6.0,"turns":8.0},{"damage":3.0,"enemies":"Blue Slaver","floor":7.0,"turns":4.0},{"damage":8.0,"enemies":"3 Sentries","floor":11.0,"turns":9.0},{"damage":6.0,"enemies":"Large Slime","floor":12.0,"turns":4.0},{"damage":24.0,"enemies":"Gremlin Nob","floor":13.0,"turns":5.0},{"damage":16.0,"enemies":"Exordium Wildlife","floor":14.0,"turns":6.0},{"damage":24.0,"enemies":"Hexaghost","floor":16.0,"turns":11.0},{"damage":12.0,"enemies":"Chosen","floor":18.0,"turns":5.0},{"damage":30.0,"enemies":"2 Thieves","floor":22.0,"turns":4.0},{"damage":19.0,"enemies":"Gremlin Leader","floor":23.0,"turns":7.0},{"damage":45.0,"enemies":"Book of Stabbing","floor":27.0,"turns":9.0},{"damage":11,"enemies":"Cultist and Chosen","floor":28,"turns":7}],"seed_played":"6268393120451017012","potions_obtained":[{"floor":1.0,"key":"FearPotion"},{"floor":4.0,"key":"SpeedPotion"},{"floor":6.0,"key":"EssenceOfSteel"},{"floor":7.0,"key":"SteroidPotion"},{"floor":16.0,"key":"Energy Potion"},{"floor":18.0,"key":"Fire Potion"},{"floor":22.0,"key":"Strength Potion"},{"floor":27.0,"key":"Poison Potion"}],"is_trial":false,"path_per_floor":["M","M","M","M","M","E","M","R","T","R","E","M","E","M","R","B",null,"M","$","?","?","M","E","T","R","T","E","M"],"character_chosen":"IRONCLAD","items_purchased":["True Grit","Pantograph"],"campfire_rested":0,"item_purchase_floors":[19,19],"current_hp_per_floor":[80,80,80,80,80,49,52,52,52,52,50,52,36,28,28,12,85,79,79,79,79,57,46,46,46,46,9,0],"gold":242,"neow_bonus":"RANDOM_COLORLESS_2","is_prod":false,"is_daily":false,"chose_seed":false,"campfire_upgraded":4,"win_rate":0,"timestamp":1559591194,"path_taken":["M","M","M","M","M","E","M","R","T","R","E","M","E","M","R","BOSS","M","$","?","?","M","E","?","R","T","E","?"],"build_version":"2019-01-23","purchased_purges":1,"victory":false,"max_hp_per_floor":[80,80,80,80,80,80,80,80,80,80,80,80,80,80,80,80,85,85,85,85,85,85,85,85,85,85,85,85],"card_choices":[{"not_picked":["Havoc","Anger"],"picked":"Battle Trance","floor":1.0},{"not_picked":["Burning Pact","Bloodletting"],"picked":"Metallicize","floor":2.0},{"not_picked":["Reckless Charge","Blood for Blood"],"picked":"Armaments","floor":3.0},{"not_picked":["Heavy Blade","Sword Boomerang"],"picked":"Iron Wave","floor":4.0},{"not_picked":["Blood for Blood","Havoc"],"picked":"Seeing Red","floor":5.0},{"not_picked":["Anger","Clash"],"picked":"Corruption","floor":6.0},{"not_picked":["Anger","Thunderclap"],"picked":"Rage","floor":7.0},{"not_picked":["Combust","Shrug It Off"],"picked":"Offering","floor":11.0},{"not_picked":["Sword Boomerang","Armaments"],"picked":"True Grit","floor":12.0},{"not_picked":["Thunderclap","Rampage"],"picked":"Iron Wave","floor":13.0},{"not_picked":["Havoc","Perfected Strike","True Grit"],"picked":"SKIP","floor":14.0},{"not_picked":["Berserk","Fiend Fire"],"picked":"Limit Break","floor":16.0},{"not_picked":["Perfected Strike","Warcry"],"picked":"Blood for Blood","floor":17.0},{"not_picked":["Bloodletting","Armaments"],"picked":"Uppercut","floor":18.0},{"not_picked":["Second Wind+1","Power Through+1","Sever Soul"],"picked":"SKIP","floor":22.0},{"not_picked":["Heavy Blade+1","Feel No Pain"],"picked":"True Grit","floor":23.0},{"not_picked":["Anger","True Grit"],"picked":"Ghostly Armor","floor":27.0}],"player_experience":745471,"relics_obtained":[{"floor":6.0,"key":"Du-Vu Doll"},{"floor":9.0,"key":"Ornamental Fan"},{"floor":11.0,"key":"Blood Vial"},{"floor":13.0,"key":"Art of War"},{"floor":23.0,"key":"Anchor"},{"floor":24.0,"key":"Whetstone"},{"floor":26.0,"key":"Regal Pillow"},{"floor":27.0,"key":"Bag of Marbles"}],"event_choices":[{"damage_healed":0.0,"max_hp_gain":0.0,"max_hp_loss":0.0,"gold_gain":0.0,"event_name":"Addict","player_choice":"Obtained Relic","floor":20.0,"gold_loss":85.0,"damage_taken":0.0,"relics_obtained":["Champion Belt"]},{"damage_healed":0.0,"max_hp_gain":0.0,"max_hp_loss":0.0,"gold_gain":99.0,"event_name":"Nest","player_choice":"Stole From Cult","floor":21.0,"gold_loss":0.0,"damage_taken":0.0}],"is_beta":false,"boss_relics":[{"not_picked":["Black Star","Runic Pyramid"],"picked":"Tiny House"}],"items_purged_floors":[19],"is_endless":false,"potions_floor_spawned":[1,4,6,7,16,18,22,27],"killed_by":"Cultist and Chosen","ascension_level":1}