{"gold_per_floor":[115,131,151,167,183,212,212,228,228,228,241,253,218,4,4,105,105,123,138,138,154,154],"floor_reached":22,"playtime":1651,"items_purged":[],"score":192,"play_id":"b95063b8-17d3-4bbf-beba-cd70feb3102a","local_time":"20180718035306","is_ascension_mode":false,"campfire_choices":[{"floor":7,"key":"REST"},{"data":"Hello World","floor":15,"key":"SMITH"}],"neow_cost":"NONE","seed_source_timestamp":29796949214715,"circlet_count":0,"master_deck":["Strike_B","Strike_B","Strike_B","Strike_B","Defend_B","Defend_B+1","Defend_B","Defend_B","Zap","Dualcast+1","White Noise","Leap","Redo","Barrage","Rainbow","Go for the Eyes","FTL","Self Repair","Reinforced Body","Genetic Algorithm","Hello World+1","Good Instincts","Rainbow","Static Discharge","Redo","Compile Driver","Multi-Cast","Sweeping Beam","Lockon+1","Heatsinks","Coolheaded"],"relics":["Cracked Core","War Paint","Pantograph","Bottled Flame","Orrery","Oddly Smooth Stone"],"potions_floor_usage":[6,12,16,21,22],"damage_taken":[{"damage":5,"enemies":"Cultist","floor":1,"turns":4},{"damage":10,"enemies":"Small Slimes","floor":2,"turns":4},{"damage":5,"enemies":"2 Louse","floor":3,"turns":2},{"damage":10,"enemies":"Large Slime","floor":4,"turns":6},{"damage":2,"enemies":"2 Fungi Beasts","floor":5,"turns":3},{"damage":19,"enemies":"Gremlin Nob","floor":6,"turns":4},{"damage":0,"enemies":"Blue Slaver","floor":8,"turns":4},{"damage":3,"enemies":"3 Louse","floor":11,"turns":3},{"damage":11,"enemies":"Large Slime","floor":12,"turns":5},{"damage":44,"enemies":"Slime Boss","floor":16,"turns":9},{"damage":12,"enemies":"Spheric Guardian","floor":18,"turns":4},{"damage":21,"enemies":"Chosen","floor":19,"turns":5},{"damage":29,"enemies":"Snake Plant","floor":21,"turns":3},{"damage":23,"enemies":"Chosen and Byrds","floor":22,"turns":8}],"seed_played":"-3452143499531822388","potions_obtained":[{"floor":1,"key":"AttackPotion"},{"floor":6,"key":"Regen Potion"},{"floor":8,"key":"Strength Potion"},{"floor":16,"key":"Poison Potion"},{"floor":18,"key":"Dexterity Potion"}],"is_trial":false,"path_per_floor":["M","M","M","M","M","E","R","M","T","?","M","M","?","$","R","B",null,"M","M","?","M"],"character_chosen":"DEFECT","items_purchased":["Genetic Algorithm","Hello World","Good Instincts"],"campfire_rested":1,"item_purchase_floors":[14,14,14],"current_hp_per_floor":[70,60,55,45,43,24,46,46,46,46,43,48,66,66,66,31,75,63,42,42,13,0],"gold":154,"neow_bonus":"RANDOM_COMMON_RELIC","is_prod":false,"is_daily":false,"chose_seed":false,"campfire_upgraded":1,"win_rate":0.0,"timestamp":1531857186,"path_taken":["M","M","M","?","M","E","R","M","T","?","M","M","?","?","R","BOSS","M","M","?","?","M"],"build_version":"2018-07-12","purchased_purges":0,"victory":false,"max_hp_per_floor":[75,75,75,75,75,75,75,75,75,75,75,75,75,75,75,75,75,75,75,75,75,75],"card_choices":[{"not_picked":["Redo","Leap"],"picked":"White Noise","floor":1},{"not_picked":["Turbo","Consume"],"picked":"Leap","floor":2},{"not_picked":["Gash","Steam"],"picked":"Redo","floor":3},{"not_picked":["Stack","Streamline"],"picked":"Barrage","floor":4},{"not_picked":["Rebound","Turbo"],"picked":"Rainbow","floor":5},{"not_picked":["Fusion","Rebound"],"picked":"Go for the Eyes","floor":6},{"not_picked":["Heatsinks","Scrape"],"picked":"FTL","floor":8},{"not_picked":["Go for the Eyes","Compile Driver"],"picked":"Self Repair","floor":11},{"not_picked":["Ball Lightning","Stack"],"picked":"Reinforced Body","floor":12},{"not_picked":["Reboot","Multi-Cast"],"picked":"Rainbow","floor":16},{"not_picked":["Go for the Eyes","Chill"],"picked":"Static Discharge","floor":17},{"not_picked":["Scrape","Go for the Eyes"],"picked":"Redo","floor":17},{"not_picked":["Hologram","Capacitor"],"picked":"Compile Driver","floor":17},{"not_picked":["Rebound","Heatsinks"],"picked":"Multi-Cast","floor":17},{"not_picked":["Darkness","Fusion"],"picked":"Sweeping Beam","floor":17},{"not_picked":["Go for the Eyes","Blizzard"],"picked":"Lockon+1","floor":18},{"not_picked":["Glacier","Leap"],"picked":"Heatsinks","floor":19},{"not_picked":["Leap","Tempest"],"picked":"Coolheaded","floor":21}],"player_experience":84742,"relics_obtained":[{"floor":6,"key":"Pantograph"},{"floor":9,"key":"Bottled Flame"}],"event_choices":[{"event_name":"Liars Game","player_choice":"disagreed","floor":10,"damage_taken":0},{"event_name":"The Cleric","player_choice":"Healed","floor":13,"damage_taken":0},{"event_name":"The Mausoleum","player_choice":"Yes","floor":20,"damage_taken":0}],"boss_relics":[{"not_picked":["Cursed Key","Snecko Eye"],"picked":"Orrery"}],"items_purged_floors":[],"is_endless":false,"potions_floor_spawned":[1,6,8,16,18],"killed_by":"Chosen and Byrds","ascension_level":0}