{"gold_per_floor":[115,128,128,47,63,94,94,128,128,128,128,142,142,142,142,246,246,259,279,194,71,71],"floor_reached":22,"playtime":1789,"items_purged":["Strike_R"],"score":288,"play_id":"18f0fce0-8155-430b-b7a6-967a16ddcfd0","local_time":"20190603172612","is_ascension_mode":true,"campfire_choices":[{"floor":7,"key":"REST"},{"floor":11,"key":"REST"},{"data":"Barricade","floor":13,"key":"SMITH"},{"floor":15,"key":"REST"}],"neow_cost":"NONE","seed_source_timestamp":188381985920,"circlet_count":0,"master_deck":["AscendersBane","Strike_R","Strike_R","Strike_R","Defend_R","Defend_R","Defend_R+1","Defend_R","Bash","Shrug It Off","Anger","Shrug It Off","Corruption","Barricade+1","Limit Break","Flame Barrier","Shrug It Off+1","Feed","Inflame","Sentinel","Twin Strike","Twin Strike","True Grit","Demon Form","Burning Pact"],"relics":["Burning Blood","Question Card","Orichalcum","Bottled Tornado","Ancient Tea Set","Orrery","Magic Flower"],"potions_floor_usage":[6,8,18,22],"damage_taken":[{"damage":2,"enemies":"Cultist","floor":1,"turns":4},{"damage":8,"enemies":"Small Slimes","floor":2,"turns":6},{"damage":2,"enemies":"Jaw Worm","floor":5,"turns":5},{"damage":68,"enemies":"3 Sentries","floor":6,"turns":12},{"damage":5,"enemies":"Lagavulin","floor":8,"turns":7},{"damage":0,"enemies":"Large Slime","floor":12,"turns":7},{"damage":74,"enemies":"Slime Boss","floor":16,"turns":25},{"damage":7,"enemies":"Chosen","floor":18,"turns":7},{"damage":29,"enemies":"Spheric Guardian","floor":19,"turns":6},{"damage":49,"enemies":"Cultist and Chosen","floor":22,"turns":4}],"seed_played":"2458902425991041513","potions_obtained":[{"floor":5,"key":"Swift Potion"},{"floor":6,"key":"Energy Potion"},{"floor":16,"key":"PowerPotion"}],"is_trial":false,"path_per_floor":["M","M","?","$","M","E","R","E","T","?","R","M","R","?","R","B",null,"M","M","?","$","M"],"character_chosen":"IRONCLAD","items_purchased":["Corruption","PowerPotion"],"campfire_rested":3,"item_purchase_floors":[4,21],"current_hp_per_floor":[76,74,74,74,78,16,40,41,41,38,62,68,68,52,76,8,62,64,44,44,44,0],"gold":71,"neow_bonus":"THREE_CARDS","is_prod":false,"is_daily":false,"chose_seed":false,"campfire_upgraded":1,"win_rate":0,"timestamp":1559597172,"path_taken":["M","M","?","?","M","E","R","E","T","?","R","M","R","?","R","BOSS","M","M","?","$","M"],"build_version":"2019-01-23","purchased_purges":1,"victory":false,"max_hp_per_floor":[80,80,80,80,80,80,80,80,80,80,80,80,80,80,80,80,80,83,86,86,86,86],"card_choices":[{"not_picked":["Heavy Blade","Iron Wave"],"picked":"Shrug It Off","floor":0},{"not_picked":["Sword Boomerang","Thunderclap"],"picked":"Anger","floor":1},{"not_picked":["Twin Strike","Disarm"],"picked":"Shrug It Off","floor":2},{"not_picked":["Dropkick","Warcry"],"picked":"Barricade","floor":5},{"not_picked":["Perfected Strike","Fire Breathing"],"picked":"Limit Break","floor":6},{"not_picked":["Perfected Strike","Thunderclap","Armaments"],"picked":"Flame Barrier","floor":8},{"not_picked":["Uppercut","Havoc","Infernal Blade"],"picked":"Shrug It Off","floor":12},{"not_picked":["Immolate","Brutality","Double Tap"],"picked":"Feed","floor":16},{"not_picked":["Clothesline","Wild Strike","Shrug It Off"],"picked":"Inflame","floor":17},{"not_picked":["Dropkick","Evolve","Headbutt"],"picked":"Sentinel","floor":17},{"not_picked":["Flex","Iron Wave","Searing Blow"],"picked":"Twin Strike","floor":17},{"not_picked":["Evolve","Clash","True Grit"],"picked":"Twin Strike","floor":17},{"not_picked":["Sever Soul","Flex","Sword Boomerang"],"picked":"True Grit","floor":17},{"not_picked":["Armaments","Infernal Blade","Heavy Blade+1"],"picked":"Demon Form","floor":18},{"not_picked":["Clash+1","True Grit","Intimidate"],"picked":"Burning Pact","floor":19}],"player_experience":377374,"relics_obtained":[{"floor":6,"key":"Question Card"},{"floor":8,"key":"Orichalcum"},{"floor":9,"key":"Bottled Tornado"}],"event_choices":[{"cards_removed":["Strike_R"],"damage_healed":0,"gold_gain":0,"player_choice":"Purged","damage_taken":0,"max_hp_gain":0,"max_hp_loss":0,"event_name":"Purifier","floor":3,"gold_loss":0},{"damage_healed":0,"gold_gain":0,"player_choice":"Success","damage_taken":3,"relics_obtained":["Ancient Tea Set"],"max_hp_gain":0,"max_hp_loss":0,"event_name":"Scrap Ooze","floor":10,"gold_loss":0},{"damage_healed":0,"gold_gain":0,"player_choice":"Entered Light","damage_taken":16,"max_hp_gain":0,"max_hp_loss":0,"event_name":"Shining Light","floor":14,"gold_loss":0,"cards_upgraded":["Defend_R","Shrug It Off"]},{"damage_healed":0,"gold_gain":0,"player_choice":"Obtained Relic","damage_taken":0,"relics_obtained":["Magic Flower"],"max_hp_gain":0,"max_hp_loss":0,"event_name":"Addict","floor":20,"gold_loss":85}],"is_beta":false,"boss_relics":[{"not_picked":["Coffee Dripper","Runic Cube"],"picked":"Orrery"}],"items_purged_floors":[21],"is_endless":false,"potions_floor_spawned":[5,6,16],"killed_by":"Cultist and Chosen","ascension_level":10}