{"gold_per_floor":[119,138,138,34,51,65,65,100,100,100,10,33,108,129,129,260,298,319,334,334,249,274,274,324,337,337,337,47,68,68,86,86,205,205,225,238,261,321,111,1110,1110,1128,1128,481,506,520,200,243,243,243],"floor_reached":51,"playtime":2929,"items_purged":["Normality","Normality"],"score":752,"play_id":"12143d03-0fc1-41d8-a468-a19d9c9a9d6f","local_time":"20180701114705","is_ascension_mode":false,"campfire_choices":[{"data":"Storm","floor":7,"key":"SMITH"},{"data":"Self Repair","floor":15,"key":"SMITH"},{"data":"Zap","floor":23,"key":"SMITH"},{"data":"Redo","floor":27,"key":"SMITH"},{"data":"Ball Lightning","floor":32,"key":"SMITH"},{"floor":41,"key":"REST"},{"floor":49,"key":"REST"}],"neow_cost":"","seed_source_timestamp":29816331980476,"circlet_count":0,"master_deck":["Defend_B","Defend_B","Defend_B","Defend_B","Zap+1","Dualcast","Self Repair+1","Storm+1","Mind Blast","Ball Lightning","Conserve Battery","Ball Lightning+1","Injury","Defragment+1","Ball Lightning+1","Redo+1","Rebound","Electrodynamics+1","Conserve Battery","Hello World+1","Force Field+1","Bite","Bite","Bite","Bite","Bite","Defragment+1","Magnetism+1","Storm+1","Heatsinks+1","Sweeping Beam","Machine Learning+1","BootSequence+1","Rainbow","Scrape","Compile Driver+1","Ball Lightning+1","Tempest+1","Panache+1","Capacitor+1","Storm+1","Sweeping Beam+1","Heatsinks+1","Magnetism+1","Seek+1"],"relics":["Cracked Core","Meat on the Bone","Frozen Egg 2","Golden Idol","Tiny House","Ornamental Fan","Strawberry","Darkstone Periapt","Orrery","Sundial","Mummified Hand","Molten Egg 2","Toxic Egg 2","Happy Flower","Bottled Flame"],"potions_floor_usage":[16,16,35,36,50],"damage_taken":[{"damage":5,"enemies":"Small Slimes","floor":1,"turns":3},{"damage":4,"enemies":"Cultist","floor":2,"turns":4},{"damage":8,"enemies":"Jaw Worm","floor":5,"turns":3},{"damage":9,"enemies":"2 Fungi Beasts","floor":6,"turns":3},{"damage":21,"enemies":"Lagavulin","floor":8,"turns":6},{"damage":9,"enemies":"3 Louse","floor":12,"turns":2},{"damage":3,"enemies":"Looter","floor":14,"turns":2},{"damage":29,"enemies":"The Guardian","floor":16,"turns":7},{"damage":0,"enemies":"3 Byrds","floor":18,"turns":2},{"damage":0,"enemies":"Chosen","floor":19,"turns":4},{"damage":32,"enemies":"Centurion and Healer","floor":25,"turns":5},{"damage":30,"enemies":"Snake Plant","floor":29,"turns":4},{"damage":18,"enemies":"Snecko","floor":31,"turns":5},{"damage":52,"enemies":"Collector","floor":33,"turns":7},{"damage":42,"enemies":"3 Darklings","floor":35,"turns":4},{"damage":0,"enemies":"3 Shapes","floor":36,"turns":5},{"damage":21,"enemies":"Maw","floor":37,"turns":5},{"damage":22,"floor":38,"turns":3},{"damage":44,"enemies":"3 Darklings","floor":42,"turns":5},{"damage":23,"enemies":"4 Shapes","floor":46,"turns":3},{"damage":41,"enemies":"2 Orb Walkers","floor":48,"turns":4},{"damage":28,"enemies":"Donu and Deca","floor":50,"turns":5}],"seed_played":"-2872165257005061940","potions_obtained":[{"floor":1,"key":"Weak Potion"},{"floor":5,"key":"SpeedPotion"},{"floor":6,"key":"FocusPotion"},{"floor":17,"key":"Strength Potion"},{"floor":25,"key":"FocusPotion"},{"floor":35,"key":"Fruit Juice"},{"floor":38,"key":"Strength Potion"}],"is_trial":false,"path_per_floor":["M","M","?","$","M","M","R","E","T","?","$","M","?","M","R","B",null,"M","M","?","?","T","R","?","M","T","R","$","M","$","M","R","B",null,"M","M","M","?","$","?","R","M","T","$","T","M","$","E","R","B"],"character_chosen":"DEFECT","items_purchased":["Mind Blast","Defragment+1","Ball Lightning","Magnetism+1","Storm+1","Panache+1","Capacitor+1","Storm+1","Molten Egg 2","Toxic Egg 2","Heatsinks+1","Magnetism+1"],"campfire_rested":2,"item_purchase_floors":[4,11,11,28,28,39,39,44,44,44,47,47],"current_hp_per_floor":[70,73,73,73,72,70,70,56,56,56,56,47,36,45,45,38,80,80,80,56,56,63,63,63,49,49,49,49,45,45,53,53,33,63,33,40,45,35,35,47,71,53,53,53,53,48,48,25,49,37],"gold":243,"neow_bonus":"","is_prod":false,"is_daily":false,"chose_seed":false,"campfire_upgraded":5,"win_rate":0,"timestamp":1530470825,"path_taken":["M","M","?","$","M","M","R","E","T","?","$","M","?","M","R","BOSS","M","M","?","?","?","R","?","?","T","R","$","M","$","M","R","BOSS","M","M","M","?","?","?","R","M","T","$","?","M","$","E","R","BOSS"],"build_version":"2018-06-28","purchased_purges":2,"victory":true,"max_hp_per_floor":[75,75,75,75,75,75,75,75,75,75,75,75,75,75,75,75,80,80,80,56,56,63,63,63,63,63,63,63,63,63,63,63,63,63,63,68,68,68,68,80,80,80,80,80,80,80,80,80,80,80],"card_choices":[{"not_picked":["Compile Driver","Sweeping Beam"],"picked":"Self Repair","floor":1},{"not_picked":["Steam","Defragment"],"picked":"Storm","floor":2},{"not_picked":["Streamline","Melter"],"picked":"Ball Lightning","floor":5},{"not_picked":["Cold Snap","Rip and Tear"],"picked":"Conserve Battery","floor":6},{"not_picked":["Stack","Coolheaded"],"picked":"Ball Lightning","floor":8},{"not_picked":["Beam Cell","Hologram"],"picked":"Redo","floor":12},{"not_picked":["Redo","Cold Snap"],"picked":"Rebound","floor":14},{"not_picked":["Amplify","Fission"],"picked":"Electrodynamics+1","floor":16},{"not_picked":["Aggregate","Beam Cell"],"picked":"Conserve Battery","floor":17},{"not_picked":["Go for the Eyes+1","Chaos"],"picked":"Hello World+1","floor":18},{"not_picked":["Sweeping Beam","Beam Cell"],"picked":"Force Field+1","floor":19},{"not_picked":["Barrage","Static Discharge+1"],"picked":"Defragment+1","floor":25},{"not_picked":["Melter","Hologram"],"picked":"Heatsinks+1","floor":29},{"not_picked":["Lockon","Go for the Eyes"],"picked":"Sweeping Beam","floor":31},{"not_picked":["Fission","Rainbow"],"picked":"Machine Learning+1","floor":33},{"not_picked":["Cold Snap","Streamline"],"picked":"BootSequence+1","floor":34},{"not_picked":["Beam Cell","Stack"],"picked":"Rainbow","floor":34},{"not_picked":["Auto Shields","Gash+1"],"picked":"Scrape","floor":35},{"not_picked":["Streamline+1","Glacier+1"],"picked":"Compile Driver+1","floor":36},{"not_picked":["Reinforced Body+1","Rebound+1"],"picked":"Ball Lightning+1","floor":37},{"not_picked":["Sweeping Beam","Genetic Algorithm+1"],"picked":"Tempest+1","floor":38},{"not_picked":["Reprogram","Cold Snap","Glacier+1"],"picked":"SKIP","floor":42},{"not_picked":["Leap+1","Rebound+1"],"picked":"Sweeping Beam+1","floor":46},{"not_picked":["Go for the Eyes+1","Steam+1"],"picked":"Seek+1","floor":48}],"player_experience":32657,"relics_obtained":[{"floor":8,"key":"Meat on the Bone"},{"floor":9,"key":"Frozen Egg 2"},{"floor":22,"key":"Strawberry"},{"floor":26,"key":"Darkstone Periapt"},{"floor":38,"key":"Sundial"},{"floor":43,"key":"Mummified Hand"},{"floor":45,"key":"Happy Flower"},{"floor":48,"key":"Bottled Flame"}],"event_choices":[{"event_name":"Bonfire Elementals","player_choice":"BASIC","floor":3,"damage_taken":0},{"event_name":"Golden Idol","player_choice":"Take Wound","floor":10,"damage_taken":0},{"event_name":"World of Goop","player_choice":"Gather Gold","floor":13,"damage_taken":0},{"event_name":"Vampires","player_choice":"Became a vampire","floor":20,"damage_taken":0},{"event_name":"Addict","player_choice":"Obtained Relic","floor":21,"damage_taken":0},{"event_name":"The Joust","player_choice":"Bet on Murderer","floor":24,"damage_taken":0},{"event_name":"Mysterious Sphere","player_choice":"Fight","floor":38,"damage_taken":0},{"event_name":"MindBloom","player_choice":"Gold","floor":40,"damage_taken":0}],"boss_relics":[{"not_picked":["Philosopher\u0027s Stone","Velvet Choker"],"picked":"Tiny House"},{"not_picked":["Coffee Dripper","Empty Cage"],"picked":"Orrery"}],"items_purged_floors":[44,47],"is_endless":false,"potions_floor_spawned":[1,5,6,25,31,35,38],"ascension_level":0}