{"gold_per_floor":[109,109,128,138,154,184,184,63,63,77,77,77,77,108,108,108],"floor_reached":16,"playtime":1182,"items_purged":[],"score":127,"play_id":"aa771c77-d330-438a-8625-c843c51b2a46","local_time":"20190412014043","is_ascension_mode":true,"campfire_choices":[{"data":"Strike_R","floor":7,"key":"SMITH"},{"floor":12,"key":"REST"},{"floor":15,"key":"REST"}],"neow_cost":"NONE","seed_source_timestamp":78110009126560,"circlet_count":0,"master_deck":["Strike_R+1","Strike_R+1","Strike_R","Strike_R","Strike_R","Defend_R","Defend_R","Defend_R","Defend_R","Bash","Armaments","Headbutt","Clothesline","Armaments","Cleave","Sever Soul","Wild Strike","Bludgeon","Perfected Strike"],"relics":["Burning Blood","Self Forming Clay","Dodecahedron","Unceasing Top","Paper Frog"],"potions_floor_usage":[6,16],"damage_taken":[{"damage":0,"enemies":"2 Louse","floor":1,"turns":3},{"damage":1,"enemies":"Cultist","floor":3,"turns":4},{"damage":9,"enemies":"Jaw Worm","floor":4,"turns":4},{"damage":14,"enemies":"Exordium Thugs","floor":5,"turns":5},{"damage":37,"enemies":"3 Sentries","floor":6,"turns":9},{"damage":10,"enemies":"2 Fungi Beasts","floor":10,"turns":3},{"damage":47,"enemies":"Lagavulin","floor":14,"turns":9},{"damage":53,"enemies":"The Guardian","floor":16,"turns":8}],"seed_played":"-2035749858478503803","potions_obtained":[{"floor":1,"key":"AttackPotion"},{"floor":14,"key":"PowerPotion"}],"is_trial":false,"path_per_floor":["M","?","M","M","M","E","R","$","T","M","?","R","$","E","R","B"],"character_chosen":"IRONCLAD","items_purchased":["Sever Soul","Wild Strike"],"campfire_rested":2,"item_purchase_floors":[8,8],"current_hp_per_floor":[88,88,88,85,77,46,46,46,46,42,42,68,68,27,53,0],"gold":108,"neow_bonus":"TEN_PERCENT_HP_BONUS","is_prod":false,"is_daily":false,"chose_seed":false,"campfire_upgraded":1,"win_rate":0,"timestamp":1555058443,"path_taken":["M","?","M","M","?","E","R","$","T","M","?","R","?","E","R","BOSS"],"build_version":"2019-01-23","purchased_purges":0,"victory":false,"max_hp_per_floor":[88,88,88,88,88,88,88,88,88,88,88,88,88,88,88,88],"card_choices":[{"not_picked":["Searing Blow","Wild Strike"],"picked":"Armaments","floor":1},{"not_picked":["Twin Strike","Bloodletting"],"picked":"Headbutt","floor":3},{"not_picked":["Corruption","Rupture"],"picked":"Clothesline","floor":4},{"not_picked":["Infernal Blade","Seeing Red"],"picked":"Armaments","floor":5},{"not_picked":["Metallicize","Ghostly Armor"],"picked":"Cleave","floor":6},{"not_picked":["Headbutt","Uppercut"],"picked":"Bludgeon","floor":10},{"not_picked":["Inflame","Corruption"],"picked":"Perfected Strike","floor":14}],"player_experience":308837,"relics_obtained":[{"floor":6,"key":"Self Forming Clay"},{"floor":9,"key":"Dodecahedron"},{"floor":11,"key":"Unceasing Top"},{"floor":14,"key":"Paper Frog"}],"event_choices":[{"damage_healed":0,"gold_gain":0,"player_choice":"Forge","damage_taken":0,"max_hp_gain":0,"max_hp_loss":0,"event_name":"Accursed Blacksmith","floor":2,"gold_loss":0,"cards_upgraded":["Strike_R"]},{"damage_healed":0,"gold_gain":0,"player_choice":"Relic","damage_taken":0,"max_hp_gain":0,"max_hp_loss":0,"event_name":"Wheel of Change","floor":11,"gold_loss":0}],"is_beta":false,"boss_relics":[],"items_purged_floors":[],"is_endless":false,"potions_floor_spawned":[1,14],"killed_by":"The Guardian","ascension_level":3}