{"gold_per_floor":[115,131,206,206,206,206,216,229,305,305,65,82,95,155,155,255,255,268,278,278,293,31,31,48,48,101,101,101,115,131,165,165,261,291,302,315,315,335,347,347,647,159,214,214,262,289,305,320,320,320],"floor_reached":51,"playtime":4158,"items_purged":["Anger"],"score":661,"play_id":"12ea2c24-5708-415d-8c74-20f1aeea6fc7","local_time":"20180630210259","is_ascension_mode":false,"campfire_choices":[{"data":"Bash","floor":6,"key":"SMITH"},{"floor":10,"key":"REST"},{"data":"Clothesline","floor":15,"key":"SMITH"},{"data":"Double Tap","floor":23,"key":"SMITH"},{"data":"Infernal Blade","floor":25,"key":"SMITH"},{"floor":27,"key":"REST"},{"floor":32,"key":"REST"},{"floor":40,"key":"REST"},{"floor":44,"key":"REST"},{"floor":49,"key":"REST"}],"neow_cost":"NONE","seed_source_timestamp":59088729045786,"circlet_count":0,"master_deck":["Strike_R+1","Strike_R+1","Strike_R+1","Defend_R+1","Defend_R+1","Defend_R+1","Defend_R+1","Bash+1","Pommel Strike","Body Slam+1","Body Slam","Thunderclap","Rampage","Clothesline+1","Blood for Blood","Infernal Blade+1","Double Tap+1","Flex","Entrench","Rampage","Body Slam+1","Ghostly Armor","Clothesline+1","Berserk","Armaments+1","Clothesline+1","Thunderclap+1","Pommel Strike+1","Metallicize","Infernal Blade","Pommel Strike","Thunderclap"],"relics":["Busted Crown","Self Forming Clay","Anchor","Happy Flower","Velvet Choker","Kunai","Bronze Scales","Darkstone Periapt","Tiny House","Old Coin","Ornamental Fan","Blood Vial","Torii","Bag of Preparation"],"potions_floor_usage":[16,31,33,39],"damage_taken":[{"damage":2,"enemies":"Small Slimes","floor":1,"turns":3},{"damage":0,"enemies":"2 Louse","floor":2,"turns":2},{"damage":0,"enemies":"Cultist","floor":7,"turns":2},{"damage":0,"enemies":"Looter","floor":8,"turns":3},{"damage":0,"enemies":"Exordium Thugs","floor":12,"turns":2},{"damage":0,"enemies":"Exordium Wildlife","floor":13,"turns":2},{"damage":4,"enemies":"Gremlin Nob","floor":14,"turns":3},{"damage":20,"enemies":"Hexaghost","floor":16,"turns":5},{"damage":10,"enemies":"Spheric Guardian","floor":18,"turns":3},{"damage":0,"enemies":"Shell Parasite","floor":19,"turns":2},{"damage":21,"enemies":"Centurion and Healer","floor":21,"turns":5},{"damage":15,"enemies":"Snecko","floor":24,"turns":4},{"damage":18,"enemies":"Slaver and Parasite","floor":29,"turns":3},{"damage":0,"enemies":"3 Cultists","floor":30,"turns":4},{"damage":0,"enemies":"Slavers","floor":31,"turns":4},{"damage":63,"enemies":"Champ","floor":33,"turns":11},{"damage":20,"enemies":"3 Shapes","floor":35,"turns":4},{"damage":6,"enemies":"Orb Walker","floor":36,"turns":3},{"damage":22,"enemies":"3 Darklings","floor":38,"turns":5},{"damage":15,"enemies":"Maw","floor":39,"turns":6},{"damage":21,"floor":41,"turns":5},{"damage":47,"floor":45,"turns":5},{"damage":15,"enemies":"4 Shapes","floor":47,"turns":6},{"damage":1,"enemies":"3 Darklings","floor":48,"turns":4},{"damage":29,"enemies":"Awakened One","floor":50,"turns":13}],"seed_played":"-9222095941421110325","potions_obtained":[{"floor":7,"key":"Regen Potion"},{"floor":12,"key":"Swift Potion"},{"floor":14,"key":"Block Potion"},{"floor":18,"key":"FearPotion"},{"floor":19,"key":"FearPotion"},{"floor":29,"key":"Regen Potion"},{"floor":31,"key":"PowerPotion"},{"floor":34,"key":"FairyPotion"},{"floor":41,"key":"FairyPotion"},{"floor":48,"key":"BloodPotion"}],"is_trial":false,"path_per_floor":["M","M","?","?","?","R","M","M","T","R","$","M","M","?","R","B",null,"M","M","?","M","$","R","M","R","T","R","?","M","M","E","R","B",null,"M","M","?","M","M","R","?","$","T","R","?","T","M","M","R","B"],"character_chosen":"IRONCLAD","items_purchased":["Anchor","Rampage","Clothesline","Kunai","Metallicize","Ornamental Fan","Infernal Blade","Pommel Strike"],"campfire_rested":6,"item_purchase_floors":[11,11,11,22,42,42,42,42],"current_hp_per_floor":[78,78,67,67,51,51,51,51,51,75,75,75,75,71,71,60,80,70,70,70,57,57,57,42,42,42,66,66,48,48,48,72,9,85,65,59,59,37,34,59,38,38,38,63,18,18,5,6,31,4],"gold":320,"neow_bonus":"BOSS_RELIC","is_prod":false,"is_daily":false,"chose_seed":false,"campfire_upgraded":4,"win_rate":0.0,"timestamp":1530417779,"path_taken":["M","M","?","?","?","R","M","?","T","R","$","M","M","?","R","BOSS","M","M","?","M","$","R","M","R","T","R","?","M","M","E","R","BOSS","M","M","?","M","M","R","?","$","T","R","?","?","?","M","R","BOSS"],"build_version":"2018-06-28","purchased_purges":1,"victory":true,"max_hp_per_floor":[80,80,80,80,80,80,80,80,80,80,80,80,80,80,80,80,80,80,80,80,80,80,80,80,80,80,80,80,80,80,80,80,80,85,85,85,85,85,85,85,85,85,85,85,85,85,85,85,85,85],"card_choices":[{"not_picked":[],"picked":"Pommel Strike","floor":1},{"not_picked":[],"picked":"Body Slam","floor":2},{"not_picked":[],"picked":"Body Slam","floor":7},{"not_picked":[],"picked":"Thunderclap","floor":8},{"not_picked":[],"picked":"Blood for Blood","floor":12},{"not_picked":["Corruption"],"picked":"SKIP","floor":13},{"not_picked":[],"picked":"Infernal Blade","floor":14},{"not_picked":[],"picked":"Double Tap","floor":16},{"not_picked":[],"picked":"Flex","floor":18},{"not_picked":["Rupture+1"],"picked":"SKIP","floor":19},{"not_picked":[],"picked":"Rampage","floor":21},{"not_picked":["True Grit"],"picked":"SKIP","floor":24},{"not_picked":[],"picked":"Body Slam+1","floor":29},{"not_picked":[],"picked":"Ghostly Armor","floor":30},{"not_picked":[],"picked":"Clothesline","floor":31},{"not_picked":[],"picked":"Berserk","floor":33},{"not_picked":[],"picked":"Anger","floor":34},{"not_picked":[],"picked":"Armaments","floor":35},{"not_picked":["Corruption"],"picked":"SKIP","floor":36},{"not_picked":[],"picked":"Clothesline+1","floor":38},{"not_picked":[],"picked":"Thunderclap+1","floor":39},{"not_picked":[],"picked":"Pommel Strike+1","floor":41},{"not_picked":[],"picked":"Thunderclap","floor":45},{"not_picked":["Rupture"],"picked":"SKIP","floor":47},{"not_picked":["Anger+1"],"picked":"SKIP","floor":48}],"player_experience":1385,"relics_obtained":[{"floor":9,"key":"Self Forming Clay"},{"floor":14,"key":"Happy Flower"},{"floor":26,"key":"Bronze Scales"},{"floor":31,"key":"Darkstone Periapt"},{"floor":41,"key":"Old Coin"},{"floor":43,"key":"Blood Vial"},{"floor":45,"key":"Torii"},{"floor":46,"key":"Bag of Preparation"}],"event_choices":[{"event_name":"World of Goop","player_choice":"Gather Gold","floor":3,"damage_taken":0},{"event_name":"Purifier","player_choice":"One Purge","floor":4,"damage_taken":0},{"event_name":"Shining Light","player_choice":"Entered Light","floor":5,"damage_taken":0},{"event_name":"Dead Adventurer","player_choice":"Searched \u00271\u0027 times","floor":14,"damage_taken":0},{"event_name":"Transmorgrifier","player_choice":"Transform","floor":20,"damage_taken":0},{"event_name":"Back to Basics","player_choice":"Simplicity","floor":28,"damage_taken":0},{"event_name":"Upgrade Shrine","player_choice":"Upgraded","floor":37,"damage_taken":0},{"event_name":"MindBloom","player_choice":"Fight","floor":41,"damage_taken":0},{"event_name":"Mysterious Sphere","player_choice":"Fight","floor":45,"damage_taken":0}],"boss_relics":[{"not_picked":["Black Star","Runic Dome"],"picked":"Velvet Choker"},{"not_picked":["Empty Cage","Fusion Hammer"],"picked":"Tiny House"}],"items_purged_floors":[42],"is_endless":false,"potions_floor_spawned":[7,12,14,14,18,19,29,31,36,41,45,47,48],"ascension_level":0}