{"gold_per_floor":[109,69,87,97,116,116,134,134,134,158,158,63,63,15,15,113,113,123,48,62,62,72,72,85,85,110,123,123,222,222,242,242,242],"floor_reached":33,"playtime":1867,"items_purged":["Defend_B"],"score":320,"play_id":"da0f1029-519d-47d4-90bf-8d0df658b95b","local_time":"20190501204835","is_ascension_mode":true,"campfire_choices":[{"data":"Multi-Cast","floor":6,"key":"SMITH"},{"data":"Double Energy","floor":8,"key":"SMITH"},{"data":"Zap","floor":11,"key":"SMITH"},{"data":"Forethought","floor":13,"key":"SMITH"},{"floor":15,"key":"REST"},{"data":"Blizzard","floor":23,"key":"SMITH"},{"floor":28,"key":"REST"},{"floor":32,"key":"REST"}],"neow_cost":"PERCENT_DAMAGE","seed_source_timestamp":420768195456702,"circlet_count":0,"master_deck":["Defend_B","Defend_B","Defend_B","Zap+1","Dualcast","Multi-Cast+1","Leap","Hologram","Sunder","Glacier","Blizzard+1","Double Energy+1","Sweeping Beam","Forethought+1","Cold Snap","Rainbow","Loop","BootSequence+1","Compile Driver+1"],"relics":["Cracked Core","Regal Pillow","Odd Mushroom","Empty Cage","Bag of Marbles"],"potions_floor_usage":[3,10,18,22,24,24,24,24,24,27,31,33],"damage_taken":[{"damage":0,"enemies":"Cultist","floor":1,"turns":4},{"damage":5,"enemies":"Small Slimes","floor":3,"turns":5},{"damage":0,"enemies":"Jaw Worm","floor":4,"turns":4},{"damage":6,"enemies":"Looter","floor":5,"turns":2},{"damage":1,"enemies":"3 Louse","floor":7,"turns":3},{"damage":4,"enemies":"The Mushroom Lair","floor":10,"turns":4},{"damage":43,"enemies":"Slime Boss","floor":16,"turns":17},{"damage":2,"enemies":"3 Byrds","floor":18,"turns":4},{"damage":14,"enemies":"Chosen","floor":20,"turns":6},{"damage":6,"enemies":"Centurion and Healer","floor":22,"turns":7},{"damage":17,"enemies":"Cultist and Chosen","floor":24,"turns":7},{"damage":9,"enemies":"3 Cultists","floor":27,"turns":6},{"damage":18,"enemies":"Snake Plant","floor":31,"turns":6},{"damage":81,"enemies":"Automaton","floor":33,"turns":12}],"seed_played":"3017642514865298990","potions_obtained":[{"floor":2,"key":"SkillPotion"},{"floor":2,"key":"PowerPotion"},{"floor":2,"key":"Fruit Juice"},{"floor":4,"key":"LiquidBronze"},{"floor":16,"key":"Strength Potion"},{"floor":20,"key":"Strength Potion"},{"floor":22,"key":"EntropicBrew"},{"floor":24,"key":"EssenceOfSteel"},{"floor":27,"key":"Swift Potion"}],"is_trial":false,"path_per_floor":["M","?","M","M","M","R","M","R","T","?","R","$","R","$","R","B",null,"M","$","M","$","M","R","M","?","T","M","R","?","$","M","R","B"],"character_chosen":"DEFECT","items_purchased":["Forethought","Cold Snap"],"campfire_rested":3,"item_purchase_floors":[12,14],"current_hp_per_floor":[50,50,50,50,44,44,43,43,43,39,39,39,39,39,78,35,69,67,67,53,53,47,47,30,30,30,21,60,60,60,42,80,0],"gold":242,"neow_bonus":"TRANSFORM_TWO_CARDS","is_prod":false,"is_daily":false,"chose_seed":false,"campfire_upgraded":5,"win_rate":0,"timestamp":1556714915,"path_taken":["M","?","?","M","M","R","M","R","T","?","R","$","R","?","R","BOSS","M","$","M","$","M","R","M","?","T","M","R","?","?","?","R","BOSS"],"build_version":"2019-01-23","purchased_purges":1,"victory":false,"max_hp_per_floor":[75,75,80,80,80,80,80,80,80,80,80,80,80,80,80,80,80,80,80,80,80,80,80,80,80,80,80,80,80,80,80,80,80],"card_choices":[{"not_picked":["Reinforced Body","Streamline"],"picked":"Hologram","floor":1},{"not_picked":["FTL","Consume"],"picked":"Sunder","floor":3},{"not_picked":["Darkness","Leap"],"picked":"Glacier","floor":4},{"not_picked":["Static Discharge","Beam Cell"],"picked":"Blizzard","floor":5},{"not_picked":["Rip and Tear","Leap"],"picked":"Double Energy","floor":7},{"not_picked":["Beam Cell","Reprogram"],"picked":"Sweeping Beam","floor":10},{"not_picked":["Reboot","Machine Learning"],"picked":"Rainbow","floor":16},{"not_picked":["Fusion","Rip and Tear"],"picked":"Loop","floor":18},{"not_picked":["Redo","Coolheaded","Rebound"],"picked":"SKIP","floor":20},{"not_picked":["Gash","Undo"],"picked":"BootSequence+1","floor":22},{"not_picked":["Stack","Streamline","Force Field"],"picked":"SKIP","floor":24},{"not_picked":["Hologram","Sweeping Beam+1"],"picked":"Compile Driver+1","floor":27},{"not_picked":["Doom and Gloom","Consume+1","Cold Snap"],"picked":"SKIP","floor":31}],"player_experience":838294,"relics_obtained":[{"floor":9,"key":"Regal Pillow"},{"floor":10,"key":"Odd Mushroom"},{"floor":26,"key":"Bag of Marbles"}],"event_choices":[{"damage_healed":0,"gold_gain":0,"player_choice":"Bought 3 Potions","damage_taken":0,"max_hp_gain":0,"max_hp_loss":0,"event_name":"The Woman in Blue","floor":2,"gold_loss":0},{"damage_healed":0,"gold_gain":0,"player_choice":"Fought Mushrooms","damage_taken":0,"max_hp_gain":0,"max_hp_loss":0,"event_name":"Mushrooms","floor":10,"gold_loss":0},{"damage_healed":0,"gold_gain":0,"player_choice":"Ignored","damage_taken":0,"max_hp_gain":0,"max_hp_loss":0,"event_name":"Cursed Tome","floor":25,"gold_loss":0},{"damage_healed":0,"gold_gain":99,"player_choice":"Stole From Cult","damage_taken":0,"max_hp_gain":0,"max_hp_loss":0,"event_name":"Nest","floor":29,"gold_loss":0}],"is_beta":false,"boss_relics":[{"not_picked":["Eternal Feather","Fusion Hammer"],"picked":"Empty Cage"}],"items_purged_floors":[19],"is_endless":false,"potions_floor_spawned":[4,5,7,16,20,22,24,27],"killed_by":"Automaton","ascension_level":7}