{"gold_per_floor":[109,109,109,40,54,54,70,70,146,156,171,171,93,128,128,225,225,235,248,248,248,248],"floor_reached":22,"playtime":691,"items_purged":[],"score":248,"play_id":"374afe3b-c25b-44d5-9891-e8b9e85a823e","local_time":"20190507002938","is_ascension_mode":true,"campfire_choices":[{"data":"Zap","floor":6,"key":"SMITH"},{"data":"Coolheaded","floor":8,"key":"SMITH"},{"floor":15,"key":"REST"}],"neow_cost":"NONE","seed_source_timestamp":867219827410397,"circlet_count":0,"master_deck":["Strike_B","Strike_B","Strike_B","Strike_B","Defend_B","Defend_B","Defend_B","Defend_B","Zap+1","Dualcast","Capacitor","Chill","Coolheaded+1","Sweeping Beam","Double Energy","Chaos","Core Surge","Machine Learning","Decay"],"relics":["Cracked Core","Matryoshka","Ancient Tea Set","Busted Crown"],"potions_floor_usage":[14],"damage_taken":[{"damage":4,"enemies":"Small Slimes","floor":1,"turns":4},{"damage":0,"enemies":"Jaw Worm","floor":5,"turns":4},{"damage":1,"enemies":"Cultist","floor":7,"turns":4},{"damage":5,"enemies":"3 Louse","floor":10,"turns":3},{"damage":16,"enemies":"Exordium Thugs","floor":11,"turns":5},{"damage":22,"enemies":"Gremlin Nob","floor":14,"turns":4},{"damage":36,"enemies":"The Guardian","floor":16,"turns":14},{"damage":22,"enemies":"Spheric Guardian","floor":18,"turns":6},{"damage":30,"enemies":"2 Thieves","floor":19,"turns":5},{"damage":36,"enemies":"Snake Plant","floor":22,"turns":4}],"seed_played":"3269895971448864862","potions_obtained":[{"floor":10,"key":"FairyPotion"},{"floor":11,"key":"Dexterity Potion"}],"is_trial":false,"path_per_floor":["M","?","$","$","M","R","M","R","T","M","M","?","$","E","R","B",null,"M","M","?","?","M"],"character_chosen":"DEFECT","items_purchased":["Chill","Chaos"],"campfire_rested":1,"item_purchase_floors":[4,13],"current_hp_per_floor":[71,76,76,76,76,76,75,75,75,70,54,54,54,32,58,22,71,49,19,19,19,0],"gold":248,"neow_bonus":"TEN_PERCENT_HP_BONUS","is_prod":false,"is_daily":false,"chose_seed":false,"campfire_upgraded":2,"win_rate":0,"timestamp":1557160178,"path_taken":["M","?","?","$","M","R","?","R","T","M","M","?","?","E","R","BOSS","M","M","?","?","M"],"build_version":"2019-01-23","purchased_purges":0,"victory":false,"max_hp_per_floor":[82,87,87,87,87,87,87,87,87,87,87,87,87,87,87,87,87,87,87,87,87,87],"card_choices":[{"not_picked":["Streamline","Beam Cell"],"picked":"Capacitor","floor":1},{"not_picked":["Consume","Turbo"],"picked":"Coolheaded","floor":5},{"not_picked":["Beam Cell","Barrage"],"picked":"Sweeping Beam","floor":7},{"not_picked":["Sweeping Beam","Undo","Beam Cell"],"picked":"SKIP","floor":10},{"not_picked":["Skim","Turbo"],"picked":"Double Energy","floor":11},{"not_picked":["Force Field","Reprogram"],"picked":"Core Surge","floor":14},{"not_picked":["Creative AI","Hyperbeam"],"picked":"Machine Learning","floor":16},{"not_picked":["Conserve Battery"],"picked":"SKIP","floor":18},{"not_picked":["Force Field"],"picked":"SKIP","floor":19}],"player_experience":863072,"relics_obtained":[{"floor":9,"key":"Matryoshka"},{"floor":14,"key":"Ancient Tea Set"}],"event_choices":[{"damage_healed":0,"gold_gain":0,"player_choice":"Donut","damage_taken":0,"max_hp_gain":5,"max_hp_loss":0,"event_name":"Big Fish","floor":2,"gold_loss":0},{"damage_healed":0,"gold_gain":0,"player_choice":"Ignored","damage_taken":0,"max_hp_gain":0,"max_hp_loss":0,"event_name":"Shining Light","floor":12,"gold_loss":0},{"damage_healed":0,"gold_gain":0,"player_choice":"Smashed Altar","damage_taken":0,"max_hp_gain":0,"max_hp_loss":0,"event_name":"Forgotten Altar","floor":20,"gold_loss":0,"cards_obtained":["Decay"]},{"damage_healed":0,"gold_gain":0,"player_choice":"Ignored","damage_taken":0,"max_hp_gain":0,"max_hp_loss":0,"event_name":"Ghosts","floor":21,"gold_loss":0}],"is_beta":false,"boss_relics":[{"not_picked":["Tiny House","Fusion Hammer"],"picked":"Busted Crown"}],"items_purged_floors":[],"is_endless":false,"potions_floor_spawned":[10,11],"killed_by":"Snake Plant","ascension_level":7}