{"gold_per_floor":[109,120,120,120,138,177,177,218,299,319,284,307,194,214,214,343,343,361,376,3,3,3,3,3,3],"floor_reached":25,"playtime":6411,"items_purged":["Defend_G","Eviscerate"],"score":320,"play_id":"dae3683f-e600-4922-b33d-3a95dee11b91","local_time":"20190527173936","is_ascension_mode":true,"campfire_choices":[{"floor":7,"key":"REST"},{"floor":15,"key":"REST"},{"floor":23,"key":"REST"}],"neow_cost":"TEN_PERCENT_HP_LOSS","seed_source_timestamp":399073503202566,"circlet_count":0,"master_deck":["Defend_G","Defend_G","Defend_G","Survivor","Neutralize","Choke","Infinite Blades","Expertise","Cloak And Dagger","Poisoned Stab","Bouncing Flask","Calculated Gamble","Leg Sweep","Footwork","Slice","Envenom","Setup+1","Dash","Cloak And Dagger","Bite","Bite","Bite","Bite","Bite"],"relics":["Ring of the Snake","Golden Idol","StoneCalendar","Boot","Fusion Hammer","Oddly Smooth Stone"],"potions_floor_usage":[6,6,19,21,21],"damage_taken":[{"damage":2,"enemies":"2 Louse","floor":1,"turns":3},{"damage":2,"enemies":"Jaw Worm","floor":2,"turns":3},{"damage":0,"enemies":"Small Slimes","floor":5,"turns":3},{"damage":27,"enemies":"Lagavulin","floor":6,"turns":8},{"damage":8,"enemies":"3 Sentries","floor":8,"turns":7},{"damage":8,"enemies":"3 Louse","floor":10,"turns":4},{"damage":5,"enemies":"2 Fungi Beasts","floor":12,"turns":3},{"damage":1,"enemies":"Blue Slaver","floor":14,"turns":3},{"damage":17,"enemies":"The Guardian","floor":16,"turns":10},{"damage":5,"enemies":"Spheric Guardian","floor":18,"turns":5},{"damage":15,"enemies":"Shell Parasite","floor":19,"turns":6},{"damage":26,"enemies":"Colosseum Slavers","floor":21,"turns":4},{"damage":35,"enemies":"Snake Plant","floor":25,"turns":5}],"seed_played":"1996960360897206116","potions_obtained":[{"floor":2,"key":"Block Potion"},{"floor":5,"key":"GamblersBrew"},{"floor":12,"key":"Poison Potion"},{"floor":14,"key":"Weak Potion"},{"floor":19,"key":"Swift Potion"}],"is_trial":false,"path_per_floor":["M","M","?","?","M","E","R","E","T","M","?","M","$","M","R","B",null,"M","M","$","?","?","R","?","M"],"character_chosen":"THE_SILENT","items_purchased":["Footwork","Oddly Smooth Stone","Dash","Cloak And Dagger"],"campfire_rested":3,"item_purchase_floors":[13,20,20,20],"current_hp_per_floor":[61,59,44,44,44,17,35,27,27,19,34,29,29,28,46,29,55,50,35,35,9,9,22,22,0],"gold":3,"neow_bonus":"TRANSFORM_TWO_CARDS","is_prod":false,"is_daily":false,"chose_seed":false,"campfire_upgraded":0,"win_rate":0,"timestamp":1558993176,"path_taken":["M","M","?","?","M","E","R","E","T","M","?","M","$","M","R","BOSS","M","M","$","?","?","R","?","M"],"build_version":"2019-01-23","purchased_purges":2,"victory":false,"max_hp_per_floor":[63,63,63,63,63,63,63,63,63,63,63,63,63,63,63,63,63,63,63,63,63,44,44,44,44],"card_choices":[{"not_picked":["Dagger Throw","Poisoned Stab","Sucker Punch"],"picked":"SKIP","floor":1},{"not_picked":["Skewer","Dagger Throw"],"picked":"Expertise","floor":2},{"not_picked":["Slice","Dodge and Roll"],"picked":"Cloak And Dagger","floor":5},{"not_picked":["Expertise","Finisher"],"picked":"Poisoned Stab","floor":6},{"not_picked":["Dagger Throw","Endless Agony"],"picked":"Bouncing Flask","floor":8},{"not_picked":["Reflex","Flechettes"],"picked":"Calculated Gamble","floor":10},{"not_picked":["Finisher","Bane"],"picked":"Leg Sweep","floor":12},{"not_picked":["Poisoned Stab","Concentrate"],"picked":"Slice","floor":14},{"not_picked":["Wraith Form v2","A Thousand Cuts"],"picked":"Envenom","floor":16},{"not_picked":["Quick Slash","Expertise"],"picked":"Setup+1","floor":18},{"not_picked":["Dagger Throw","Flying Knee","Sucker Punch"],"picked":"SKIP","floor":19}],"player_experience":1420267,"relics_obtained":[{"floor":6,"key":"StoneCalendar"},{"floor":8,"key":"Boot"}],"event_choices":[{"damage_healed":0,"gold_gain":0,"player_choice":"Take Damage","damage_taken":15,"relics_obtained":["Golden Idol"],"max_hp_gain":0,"max_hp_loss":0,"event_name":"Golden Idol","floor":3,"gold_loss":0},{"damage_healed":0,"gold_gain":0,"cards_transformed":["Defend_G"],"player_choice":"Change","damage_taken":0,"max_hp_gain":0,"max_hp_loss":0,"event_name":"Living Wall","floor":4,"gold_loss":0,"cards_obtained":["Eviscerate"]},{"damage_healed":15,"gold_gain":0,"player_choice":"Healed","damage_taken":0,"max_hp_gain":0,"max_hp_loss":0,"event_name":"The Cleric","floor":11,"gold_loss":35},{"damage_healed":0,"gold_gain":0,"player_choice":"Fight","damage_taken":0,"max_hp_gain":0,"max_hp_loss":0,"event_name":"Colosseum","floor":21,"gold_loss":0},{"damage_healed":0,"gold_gain":0,"player_choice":"Fled From Nobs","damage_taken":0,"max_hp_gain":0,"max_hp_loss":0,"event_name":"Colosseum","floor":21,"gold_loss":0},{"damage_healed":0,"gold_gain":0,"player_choice":"Became a vampire","damage_taken":0,"max_hp_gain":0,"max_hp_loss":19,"event_name":"Vampires","floor":22,"gold_loss":0,"cards_obtained":["Bite","Bite","Bite","Bite","Bite"]},{"damage_healed":0,"gold_gain":0,"player_choice":"Ignored","damage_taken":0,"max_hp_gain":0,"max_hp_loss":0,"event_name":"Cursed Tome","floor":24,"gold_loss":0}],"is_beta":false,"boss_relics":[{"not_picked":["Tiny House","Calling Bell"],"picked":"Fusion Hammer"}],"items_purged_floors":[13,20],"is_endless":false,"potions_floor_spawned":[2,5,12,14,19],"killed_by":"Snake Plant","ascension_level":8}