{"gold_per_floor":[118,118,143,167,186,186,104,129,129,149,149,33,33,56,56,187,187,211,211,211,227,243,100,100,100,100,100],"floor_reached":27,"playtime":11914,"items_purged":[],"score":205,"play_id":"ec152bcd-8fcc-45b0-ab69-ee1caec6eb5a","local_time":"20180726235609","is_ascension_mode":false,"campfire_choices":[{"floor":6,"key":"REST"},{"floor":11,"key":"REST"},{"data":"Defragment","floor":15,"key":"SMITH"},{"floor":24,"key":"REST"}],"neow_cost":"NONE","seed_source_timestamp":202143866568132,"circlet_count":0,"master_deck":["Strike_B+1","Strike_B+1","Strike_B+1","Defend_B+1","Defend_B+1","Zap","Dualcast","Fission","Beam Cell","Stack","Coolheaded","Reinforced Body","Defragment+1","Sweeping Beam","Undo","Barrage","Hello World","Genetic Algorithm","Echo Form","Rebound+1","Doom and Gloom+1","Steam+1","Self Repair","Genetic Algorithm","Redo"],"relics":["Cracked Core","Golden Idol","Meat on the Bone","Astrolabe","DataDisk","Oddly Smooth Stone"],"potions_floor_usage":[10,16,16,16,27],"damage_taken":[{"damage":7,"enemies":"Jaw Worm","floor":1,"turns":5},{"damage":12,"enemies":"Small Slimes","floor":3,"turns":3},{"damage":6,"enemies":"Cultist","floor":4,"turns":4},{"damage":9,"enemies":"2 Fungi Beasts","floor":5,"turns":5},{"damage":11,"enemies":"Looter","floor":8,"turns":4},{"damage":0,"enemies":"Red Slaver","floor":10,"turns":4},{"damage":10,"enemies":"Large Slime","floor":14,"turns":6},{"damage":37,"enemies":"The Guardian","floor":16,"turns":14},{"damage":27,"enemies":"3 Byrds","floor":18,"turns":4},{"damage":24,"enemies":"Spheric Guardian","floor":21,"turns":6},{"damage":33,"enemies":"Centurion and Healer","floor":22,"turns":8},{"damage":72,"enemies":"3 Cultists","floor":27,"turns":5}],"seed_played":"-8842024130662044991","potions_obtained":[{"floor":3,"key":"Dexterity Potion"},{"floor":4,"key":"Ancient Potion"},{"floor":5,"key":"Weak Potion"},{"floor":14,"key":"Regen Potion"},{"floor":18,"key":"FairyPotion"},{"floor":22,"key":"Poison Potion"}],"is_trial":false,"path_per_floor":["M","?","M","M","M","R","$","M","T","M","R","$","?","M","R","B",null,"M","?","?","M","M","$","R","$","T"],"character_chosen":"DEFECT","items_purchased":["Defragment","Barrage","Hello World","DataDisk"],"campfire_rested":3,"item_purchase_floors":[7,12,12,23],"current_hp_per_floor":[68,50,38,32,23,45,45,34,34,46,68,68,68,58,58,48,75,48,48,48,43,29,29,51,51,51,0],"gold":100,"neow_bonus":"ONE_RANDOM_RARE_CARD","is_prod":false,"is_daily":false,"chose_seed":false,"campfire_upgraded":1,"win_rate":0,"timestamp":1532620569,"path_taken":["M","?","M","M","M","R","$","M","T","?","R","$","?","M","R","BOSS","M","?","?","M","M","$","R","$","T","?"],"build_version":"2018-07-19v2","purchased_purges":0,"victory":false,"max_hp_per_floor":[75,75,75,75,75,75,75,75,75,75,75,75,75,75,75,75,75,75,75,75,75,75,75,75,75,75,75],"card_choices":[{"not_picked":["Streamline","Fusion"],"picked":"Beam Cell","floor":1},{"not_picked":["Scrape","Recycle"],"picked":"Stack","floor":3},{"not_picked":["Steam","Gash"],"picked":"Coolheaded","floor":4},{"not_picked":["Core Surge","Compile Driver"],"picked":"Reinforced Body","floor":5},{"not_picked":["Stack","Rebound"],"picked":"Sweeping Beam","floor":8},{"not_picked":["Streamline","Blizzard"],"picked":"Undo","floor":10},{"not_picked":["Compile Driver","Rebound"],"picked":"Genetic Algorithm","floor":14},{"not_picked":["Thunder Strike","Creative AI"],"picked":"Echo Form","floor":16},{"not_picked":["Redo","Turbo"],"picked":"Self Repair","floor":18},{"not_picked":["Rebound","Leap"],"picked":"Genetic Algorithm","floor":21},{"not_picked":["Rebound","Force Field"],"picked":"Redo","floor":22}],"player_experience":163021,"relics_obtained":[{"floor":9,"key":"Meat on the Bone"},{"floor":26,"key":"Oddly Smooth Stone"}],"event_choices":[{"event_name":"Golden Idol","player_choice":"Take Damage","floor":2,"damage_taken":0},{"event_name":"The Cleric","player_choice":"Leave","floor":13,"damage_taken":0},{"event_name":"Back to Basics","player_choice":"Simplicity","floor":19,"damage_taken":0},{"event_name":"Vampires","player_choice":"Ignored","floor":20,"damage_taken":0}],"is_beta":false,"boss_relics":[{"not_picked":["Orrery","Lizard Tail"],"picked":"Astrolabe"}],"items_purged_floors":[],"is_endless":false,"potions_floor_spawned":[3,4,5,14,18,22],"killed_by":"3 Cultists","ascension_level":0}