{"gold_per_floor":[99,99,99,99,99,134,134,114,114,114,127,155,179,210,222,234],"floor_reached":16,"playtime":1112,"items_purged":[],"score":129,"play_id":"c97ba96d-5fa8-440e-b8ad-271da0d59ec2","local_time":"20190412011226","is_ascension_mode":true,"campfire_choices":[{"floor":7,"key":"REST"},{"floor":15,"key":"REST"}],"neow_cost":"NONE","seed_source_timestamp":76481922129851,"circlet_count":0,"master_deck":["Strike_R","Strike_R","Strike_R","Strike_R","Strike_R","Defend_R","Defend_R","Defend_R","Defend_R","Bash","Immolate","Iron Wave","Twin Strike+1","Anger+1","Wild Strike+1","Flex","Heavy Blade+1"],"relics":["Burning Blood","Kunai","Molten Egg 2","MawBank"],"potions_floor_usage":[],"damage_taken":[{"damage":10,"enemies":"Jaw Worm","floor":1,"turns":5},{"damage":12,"enemies":"Small Slimes","floor":2,"turns":3},{"damage":68,"enemies":"Gremlin Nob","floor":6,"turns":6},{"damage":4,"enemies":"Cultist","floor":10,"turns":4},{"damage":9,"enemies":"2 Fungi Beasts","floor":11,"turns":2},{"damage":15,"enemies":"3 Sentries","floor":12,"turns":4},{"damage":16,"enemies":"Exordium Thugs","floor":13,"turns":4},{"damage":0,"enemies":"Large Slime","floor":14,"turns":4},{"damage":49,"enemies":"The Guardian","floor":16,"turns":7}],"seed_played":"-5968887337304002092","potions_obtained":[{"floor":6,"key":"Poison Potion"},{"floor":8,"key":"BloodPotion"},{"floor":12,"key":"FearPotion"}],"is_trial":false,"path_per_floor":["M","M","$","?","?","E","R","?","T","M","M","E","M","M","R","B"],"character_chosen":"IRONCLAD","items_purchased":[],"campfire_rested":2,"item_purchase_floors":[],"current_hp_per_floor":[76,70,70,70,75,13,38,38,38,40,37,28,18,24,49,0],"gold":234,"neow_bonus":"ONE_RANDOM_RARE_CARD","is_prod":false,"is_daily":false,"chose_seed":false,"campfire_upgraded":0,"win_rate":0,"timestamp":1555056746,"path_taken":["M","M","$","?","?","E","R","?","T","M","M","E","M","M","R","BOSS"],"build_version":"2019-01-23","purchased_purges":0,"victory":false,"max_hp_per_floor":[80,80,80,80,85,85,85,85,85,85,85,85,85,85,85,85],"card_choices":[{"not_picked":["Bloodletting","Iron Wave","Anger"],"picked":"SKIP","floor":1},{"not_picked":["Pommel Strike","Armaments","Flex"],"picked":"SKIP","floor":2},{"not_picked":["Dual Wield","True Grit"],"picked":"Iron Wave","floor":6},{"not_picked":["Feel No Pain","Thunderclap+1"],"picked":"Twin Strike+1","floor":10},{"not_picked":["Evolve","Berserk"],"picked":"Anger+1","floor":11},{"not_picked":["Shrug It Off","Headbutt+1"],"picked":"Wild Strike+1","floor":12},{"not_picked":["Shrug It Off","Wild Strike+1"],"picked":"Flex","floor":13},{"not_picked":["Entrench","Ghostly Armor"],"picked":"Heavy Blade+1","floor":14}],"player_experience":307255,"relics_obtained":[{"floor":6,"key":"Kunai"},{"floor":9,"key":"Molten Egg 2"},{"floor":12,"key":"MawBank"}],"event_choices":[{"damage_healed":0,"gold_gain":0,"player_choice":"Leave","damage_taken":0,"max_hp_gain":0,"max_hp_loss":0,"event_name":"The Cleric","floor":4,"gold_loss":0},{"damage_healed":0,"gold_gain":0,"player_choice":"Donut","damage_taken":0,"max_hp_gain":5,"max_hp_loss":0,"event_name":"Big Fish","floor":5,"gold_loss":0},{"damage_healed":0,"gold_gain":0,"player_choice":"Bought 1 Potion","damage_taken":0,"max_hp_gain":0,"max_hp_loss":0,"event_name":"The Woman in Blue","floor":8,"gold_loss":0}],"is_beta":false,"boss_relics":[],"items_purged_floors":[],"is_endless":false,"potions_floor_spawned":[1,6,12],"killed_by":"The Guardian","ascension_level":3}