{"gold_per_floor":[109,109,124,139,314,314,325,325,325,325,45,59,88,104,104,209,209,220,14,24,41,57,57,75,75,75,95,95,95,110,110,110,110],"floor_reached":33,"playtime":1859,"items_purged":["Doubt"],"score":251,"play_id":"70fba67f-9fc4-4cd5-b00f-6bb99b4d0e62","local_time":"20180812010314","is_ascension_mode":false,"campfire_choices":[{"data":"Recycle","floor":6,"key":"SMITH"},{"data":"Reinforced Body","floor":8,"key":"SMITH"},{"floor":10,"key":"REST"},{"floor":15,"key":"REST"},{"floor":23,"key":"REST"},{"floor":29,"key":"REST"},{"floor":32,"key":"REST"}],"neow_cost":"NONE","seed_source_timestamp":0,"circlet_count":0,"master_deck":["Strike_B","Strike_B","Strike_B","Strike_B","Defend_B","Defend_B","Defend_B","Defend_B","Zap","Dualcast","Thunder Strike","Recycle+1","Redo","Conserve Battery","Reinforced Body+1","BootSequence","Rainbow","Cold Snap","Barrage","Fusion","Echo Form","Auto Shields+1","Compile Driver","Turbo","Auto Shields","Reinforced Body","Redo","Go for the Eyes+1"],"special_seed":0,"relics":["Cracked Core","Potion Belt","Dodecahedron","Velvet Choker","Toy Ornithopter","The Courier","Bottled Lightning"],"potions_floor_usage":[16,16,21,22,30,33],"damage_taken":[{"damage":6.0,"enemies":"Small Slimes","floor":1.0,"turns":3.0},{"damage":1,"enemies":"Cultist","floor":3,"turns":4},{"damage":1,"enemies":"2 Louse","floor":4,"turns":3},{"damage":8,"enemies":"Looter","floor":7,"turns":3},{"damage":1,"enemies":"Large Slime","floor":12,"turns":5},{"damage":17,"enemies":"3 Sentries","floor":13,"turns":9},{"damage":10,"enemies":"Gremlin Gang","floor":14,"turns":5},{"damage":12,"enemies":"The Guardian","floor":16,"turns":10},{"damage":14,"enemies":"Spheric Guardian","floor":18,"turns":6},{"damage":29,"enemies":"3 Byrds","floor":20,"turns":6},{"damage":19,"enemies":"Snecko","floor":21,"turns":5},{"damage":16,"enemies":"Centurion and Healer","floor":22,"turns":13},{"damage":12,"enemies":"Snake Plant","floor":24,"turns":7},{"damage":6,"enemies":"Snecko","floor":27,"turns":6},{"damage":32,"enemies":"Centurion and Healer","floor":30,"turns":10},{"damage":70,"enemies":"Collector","floor":33,"turns":12}],"seed_played":"-2560124262939039826","potions_obtained":[{"floor":1,"key":"FairyPotion"},{"floor":2,"key":"FairyPotion"},{"floor":2,"key":"SpeedPotion"},{"floor":2,"key":"Fire Potion"},{"floor":4,"key":"LiquidBronze"},{"floor":13,"key":"FocusPotion"},{"floor":16,"key":"Poison Potion"},{"floor":18,"key":"FearPotion"},{"floor":20,"key":"Swift Potion"},{"floor":30,"key":"EssenceOfSteel"}],"is_trial":false,"path_per_floor":["M","?","M","M","?","R","M","R","T","R","$","M","E","M","R","B",null,"M","$","M","M","M","R","M","T","T","M","?","R","M","?","R"],"character_chosen":"DEFECT","items_purchased":["BootSequence","Rainbow","Toy Ornithopter"],"campfire_rested":5,"item_purchase_floors":[11,11,19],"current_hp_per_floor":[69,69,68,67,67,67,59,59,59,75,75,74,57,47,69,57,75,61,61,32,16,3,25,13,13,13,7,7,29,7,7,29,0],"gold":110,"neow_bonus":"ONE_RANDOM_RARE_CARD","is_prod":false,"is_daily":false,"chose_seed":false,"campfire_upgraded":2,"win_rate":0,"timestamp":1534006994,"path_taken":["M","?","M","?","?","R","M","R","T","R","$","M","E","M","R","BOSS","M","$","?","M","?","R","M","?","T","M","?","R","M","?","R","BOSS"],"build_version":"2018-08-09","purchased_purges":1,"victory":false,"max_hp_per_floor":[75,75,75,75,75,75,75,75,75,75,75,75,75,75,75,75,75,75,75,75,75,75,75,75,75,75,75,75,75,75,75,75,75],"card_choices":[{"not_picked":["Leap","Sunder"],"picked":"Recycle","floor":1},{"not_picked":["Hologram","Doom and Gloom"],"picked":"Redo","floor":3},{"not_picked":["Cold Snap","Compile Driver"],"picked":"Conserve Battery","floor":4},{"not_picked":["Heatsinks","Leap"],"picked":"Reinforced Body","floor":7},{"not_picked":["Loop","Scrape"],"picked":"Cold Snap","floor":12},{"not_picked":["Loop","Steam"],"picked":"Barrage","floor":13},{"not_picked":["BootSequence","Go for the Eyes"],"picked":"Fusion","floor":14},{"not_picked":["Reboot","Multi-Cast"],"picked":"Echo Form","floor":16},{"not_picked":["Turbo","Doom and Gloom"],"picked":"Auto Shields+1","floor":18},{"not_picked":["Go for the Eyes","Rip and Tear"],"picked":"Compile Driver","floor":20},{"not_picked":["Auto Shields","Heatsinks"],"picked":"Turbo","floor":21},{"not_picked":["Stack","Turbo"],"picked":"Auto Shields","floor":22},{"not_picked":["Lockon","Genetic Algorithm"],"picked":"Reinforced Body","floor":24},{"not_picked":["Static Discharge","Rebound"],"picked":"Redo","floor":27},{"not_picked":["Streamline","Barrage"],"picked":"Go for the Eyes+1","floor":30}],"player_experience":260459,"relics_obtained":[{"floor":9,"key":"Potion Belt"},{"floor":13,"key":"Dodecahedron"},{"floor":25,"key":"The Courier"},{"floor":26,"key":"Bottled Lightning"}],"event_choices":[{"event_name":"The Lab","player_choice":"Got Potions","floor":2,"damage_taken":0},{"event_name":"Liars Game","player_choice":"agreed","floor":5,"damage_taken":0},{"event_name":"Vampires","player_choice":"Ignored","floor":28,"damage_taken":0},{"event_name":"Beggar","player_choice":"Ignored","floor":31,"damage_taken":0}],"is_beta":false,"boss_relics":[{"not_picked":["Fusion Hammer","Ectoplasm"],"picked":"Velvet Choker"}],"items_purged_floors":[11],"is_endless":false,"potions_floor_spawned":[1,4,13,16,18,20,30],"killed_by":"Collector","ascension_level":0}