{"gold_per_floor":[115,30,41,57,3,3,15,26,52,68,68,85,65,80,80,178,178,188,24,24,24,34,64,64,64,64,64,64,80,80,91,91,190,190,206,219,219,219],"floor_reached":38,"playtime":1637,"items_purged":[],"score":427,"play_id":"2e4fd414-97fd-408d-b744-0078a915cd0a","local_time":"20181102102723","is_ascension_mode":true,"campfire_choices":[{"floor":6,"key":"REST"},{"floor":15,"key":"REST"},{"floor":24,"key":"REST"},{"floor":30,"key":"REST"},{"floor":32,"key":"REST"}],"neow_cost":"PERCENT_DAMAGE","seed_source_timestamp":91559605847305,"circlet_count":0,"master_deck":["Strike_B+1","Defend_B+1","Defend_B+1","Defend_B+1","Dualcast","Defragment","Swift Strike","BootSequence","Beam Cell","Go for the Eyes","Genetic Algorithm","Rebound","Go for the Eyes","Rebound","Doom and Gloom","Machine Learning","Redo","Scrape","Swift Strike","Leap+1","Reprogram","RitualDagger","Lockon+1","All For One","Sweeping Beam+1","Biased Cognition+1","Defragment+1","Go for the Eyes+1","Conserve Battery"],"relics":["Cracked Core","Nunchaku","DataDisk","Runic Pyramid","Strawberry","Bronze Scales","Astrolabe"],"potions_floor_usage":[7,16,16,23,33],"damage_taken":[{"damage":1,"enemies":"Cultist","floor":1,"turns":3},{"damage":7,"enemies":"Small Slimes","floor":3,"turns":3},{"damage":8,"enemies":"2 Louse","floor":4,"turns":3},{"damage":11,"enemies":"Exordium Thugs","floor":7,"turns":3},{"damage":4,"enemies":"3 Louse","floor":8,"turns":3},{"damage":2,"enemies":"Large Slime","floor":10,"turns":4},{"damage":1,"enemies":"Looter","floor":12,"turns":3},{"damage":2,"enemies":"3 Louse","floor":14,"turns":3},{"damage":22,"enemies":"Slime Boss","floor":16,"turns":7},{"damage":16,"enemies":"Shell Parasite","floor":18,"turns":5},{"damage":0,"enemies":"3 Byrds","floor":22,"turns":5},{"damage":18,"enemies":"Book of Stabbing","floor":23,"turns":6},{"damage":18,"enemies":"3 Cultists","floor":29,"turns":4},{"damage":8,"enemies":"Snake Plant","floor":31,"turns":3},{"damage":42,"enemies":"Champ","floor":33,"turns":11},{"damage":33,"enemies":"Orb Walker","floor":35,"turns":3},{"damage":26,"enemies":"3 Shapes","floor":36,"turns":4},{"damage":34,"enemies":"Sphere and 2 Shapes","floor":38,"turns":5}],"seed_played":"1799916313920650424","potions_obtained":[{"floor":4,"key":"Fire Potion"},{"floor":8,"key":"Fire Potion"},{"floor":10,"key":"Fire Potion"},{"floor":14,"key":"Block Potion"},{"floor":31,"key":"Block Potion"},{"floor":33,"key":"Explosive Potion"},{"floor":36,"key":"SpeedPotion"}],"is_trial":false,"path_per_floor":["M","$","M","M","$","R","M","M","T","M","?","M","?","M","R","B",null,"M","$","?","?","M","E","R","?","T","?","?","M","R","M","R","B",null,"M","M","?","M"],"character_chosen":"DEFECT","items_purchased":["Swift Strike","Go for the Eyes","Scrape","Swift Strike"],"campfire_rested":5,"item_purchase_floors":[2,5,19,19],"current_hp_per_floor":[53,53,46,38,38,60,49,45,45,43,43,42,42,40,62,40,75,59,59,59,59,59,48,72,66,66,66,50,32,58,50,76,34,87,54,28,28,0],"gold":219,"neow_bonus":"ONE_RARE_RELIC","is_prod":false,"is_daily":false,"chose_seed":false,"campfire_upgraded":0,"win_rate":0,"timestamp":1541125643,"path_taken":["M","$","M","?","?","R","M","M","T","M","?","?","?","M","R","BOSS","M","$","?","?","M","E","R","?","T","?","?","M","R","?","R","BOSS","M","M","?","M"],"build_version":"2018-11-01","purchased_purges":0,"victory":false,"max_hp_per_floor":[75,75,75,75,75,75,75,75,75,75,75,75,75,75,75,75,75,75,75,75,75,75,82,82,82,82,82,87,87,87,87,87,87,87,87,87,87,87],"card_choices":[{"not_picked":["Barrage","Scrape"],"picked":"Defragment","floor":1},{"not_picked":["Beam Cell","Chill"],"picked":"BootSequence","floor":3},{"not_picked":["Sweeping Beam","Compile Driver"],"picked":"Beam Cell","floor":4},{"not_picked":["Hello World","Leap"],"picked":"Genetic Algorithm","floor":7},{"not_picked":["Steam","Stack"],"picked":"Rebound","floor":8},{"not_picked":["Auto Shields","Sweeping Beam"],"picked":"Go for the Eyes","floor":10},{"not_picked":["Stack","Ball Lightning"],"picked":"Rebound","floor":12},{"not_picked":["Chill","White Noise"],"picked":"Doom and Gloom","floor":14},{"not_picked":["Amplify","Meteor Strike"],"picked":"Machine Learning","floor":16},{"not_picked":["Ball Lightning+1","Rebound"],"picked":"Redo","floor":18},{"not_picked":["Streamline+1","Lockon+1"],"picked":"Leap+1","floor":22},{"not_picked":["Auto Shields+1","Sweeping Beam"],"picked":"Reprogram","floor":23},{"not_picked":["Blizzard","Streamline+1","Sweeping Beam"],"picked":"SKIP","floor":29},{"not_picked":["Ball Lightning","Hello World"],"picked":"Lockon+1","floor":31},{"not_picked":["Echo Form","Seek"],"picked":"All For One","floor":33},{"not_picked":["Hologram+1","Coolheaded+1"],"picked":"Go for the Eyes+1","floor":35},{"not_picked":["Barrage+1","Rebound+1"],"picked":"Conserve Battery","floor":36}],"player_experience":409407,"relics_obtained":[{"floor":9,"key":"DataDisk"},{"floor":23,"key":"Strawberry"},{"floor":26,"key":"Bronze Scales"}],"event_choices":[{"cards_removed":["Strike_B"],"damage_healed":0,"gold_gain":0,"player_choice":"Purged","damage_taken":0,"max_hp_gain":0,"max_hp_loss":0,"event_name":"Purifier","floor":11,"gold_loss":0},{"damage_healed":0,"gold_gain":0,"player_choice":"Left Gold","damage_taken":0,"max_hp_gain":0,"max_hp_loss":0,"event_name":"World of Goop","floor":13,"gold_loss":20},{"damage_healed":0,"gold_gain":0,"player_choice":"Ignored","damage_taken":0,"max_hp_gain":0,"max_hp_loss":0,"event_name":"Beggar","floor":20,"gold_loss":0},{"damage_healed":0,"gold_gain":0,"player_choice":"Joined the Cult","damage_taken":6,"max_hp_gain":0,"max_hp_loss":0,"event_name":"Nest","floor":25,"gold_loss":0,"cards_obtained":["RitualDagger"]},{"damage_healed":0,"gold_gain":0,"player_choice":"Simplicity","damage_taken":0,"max_hp_gain":0,"max_hp_loss":0,"event_name":"Back to Basics","floor":27,"gold_loss":0,"cards_upgraded":["Strike_B","Strike_B","Strike_B","Defend_B","Defend_B","Defend_B","Defend_B"]},{"damage_healed":0,"gold_gain":0,"player_choice":"Shed Blood","damage_taken":21,"max_hp_gain":5,"max_hp_loss":0,"event_name":"Forgotten Altar","floor":28,"gold_loss":0},{"cards_removed":["Zap"],"damage_healed":0,"gold_gain":0,"player_choice":"Removed Skill","damage_taken":0,"max_hp_gain":0,"max_hp_loss":0,"event_name":"Falling","floor":37,"gold_loss":0}],"is_beta":false,"boss_relics":[{"not_picked":["Empty Cage","Philosopher\u0027s Stone"],"picked":"Runic Pyramid"},{"not_picked":["Calling Bell","Pandora\u0027s Box"],"picked":"Astrolabe"}],"items_purged_floors":[],"is_endless":false,"potions_floor_spawned":[4,8,10,14,31,33,36],"killed_by":"Sphere and 2 Shapes","ascension_level":2}