{"gold_per_floor":[117,117,135,135,150,150,178,178,205,205,355,11,23,23,23,100,100,113,113,133,133,9,35,54,83,107,207,218,218,241,251,251,325,325,339,352,352,352,369,403,414,432,484,504,504,521,550,567,567,567,567,567,567,47,79,79],"floor_reached":57,"playtime":7552,"items_purged":["Doubt","Strike_B","Barrage"],"score":2758,"play_id":"8cbe2905-082b-4c0f-9c91-3305fcba2532","local_time":"20190603214730","is_ascension_mode":true,"campfire_choices":[{"data":"Defragment","floor":6.0,"key":"SMITH"},{"data":"Zap","floor":8.0,"key":"SMITH"},{"floor":10.0,"key":"REST"},{"floor":15.0,"key":"RECALL"},{"floor":29.0,"key":"REST"},{"floor":32.0,"key":"REST"},{"floor":45,"key":"REST"},{"floor":49,"key":"REST"},{"floor":53,"key":"REST"}],"neow_cost":"NONE","seed_source_timestamp":0,"circlet_count":0,"master_deck":["AscendersBane","Zap+1","Dualcast","Defragment+1","Reinforced Body+1","Cold Snap","Ball Lightning","Defragment+1","Glacier","Echo Form","Cold Snap","Glacier","Sunder+1","Hologram","Coolheaded","Conserve Battery+1","Compile Driver","Loop+1","Loop+1","Heatsinks+1","Defragment+1","Rebound","FTL","Biased Cognition+1","Undo","Conserve Battery+1"],"special_seed":0,"relics":["Cracked Core","Anchor","War Paint","DollysMirror","Bag of Marbles","Fusion Hammer","Matryoshka","PreservedInsect","Dream Catcher","Lantern","Thread and Needle","Frozen Egg 2","Juzu Bracelet","Centennial Puzzle","Pandora\u0027s Box","Darkstone Periapt","Orichalcum","Bag of Preparation","Frozen Eye","Bronze Scales"],"potions_floor_usage":[56,56],"damage_taken":[{"damage":1.0,"enemies":"Cultist","floor":1.0,"turns":3.0},{"damage":7.0,"enemies":"2 Louse","floor":3.0,"turns":3.0},{"damage":5.0,"enemies":"Small Slimes","floor":5.0,"turns":4.0},{"damage":41.0,"enemies":"Lagavulin","floor":7.0,"turns":7.0},{"damage":0.0,"enemies":"Blue Slaver","floor":13.0,"turns":3.0},{"damage":23.0,"enemies":"Hexaghost","floor":16.0,"turns":10.0},{"damage":0.0,"enemies":"Spheric Guardian","floor":18.0,"turns":4.0},{"damage":11.0,"enemies":"3 Byrds","floor":20.0,"turns":5.0},{"damage":0.0,"enemies":"Gremlin Leader","floor":23.0,"turns":6.0},{"damage":8.0,"enemies":"Cultist and Chosen","floor":24.0,"turns":7.0},{"damage":53.0,"enemies":"Book of Stabbing","floor":25.0,"turns":6.0},{"damage":0.0,"enemies":"Colosseum Slavers","floor":27.0,"turns":2.0},{"damage":3.0,"enemies":"Colosseum Nobs","floor":27.0,"turns":7.0},{"damage":0.0,"enemies":"Centurion and Healer","floor":28.0,"turns":5.0},{"damage":0.0,"enemies":"3 Cultists","floor":31.0,"turns":4.0},{"damage":15.0,"enemies":"Collector","floor":33.0,"turns":13.0},{"damage":4.0,"enemies":"3 Shapes","floor":35.0,"turns":2.0},{"damage":0.0,"enemies":"Orb Walker","floor":36.0,"turns":4.0},{"damage":0.0,"enemies":"Spire Growth","floor":39.0,"turns":5.0},{"damage":0.0,"enemies":"Nemesis","floor":40.0,"turns":7.0},{"damage":1.0,"enemies":"Transient","floor":41.0,"turns":6.0},{"damage":13,"enemies":"Jaw Worm Horde","floor":42,"turns":5},{"damage":0,"enemies":"3 Darklings","floor":44,"turns":6},{"damage":4,"enemies":"4 Shapes","floor":46,"turns":5},{"damage":0,"enemies":"Giant Head","floor":47,"turns":10},{"damage":0,"enemies":"Spire Growth","floor":48,"turns":6},{"damage":15,"enemies":"Time Eater","floor":50,"turns":14},{"damage":34,"enemies":"Awakened One","floor":51,"turns":18},{"damage":55,"enemies":"Shield and Spear","floor":55,"turns":11},{"damage":8,"enemies":"The Heart","floor":56,"turns":9}],"seed_played":"-3048209497206995566","potions_obtained":[{"floor":3.0,"key":"Block Potion"},{"floor":5.0,"key":"PowerPotion"},{"floor":20.0,"key":"FocusPotion"}],"is_trial":false,"path_per_floor":["M","?","M","?","M","R","E","R","T","R","?","$","M","?","R","B",null,"M","?","M","?","$","E","M","E","T","?","M","R","T","M","R","B",null,"M","M","?","?","M","E","M","M","T","M","R","M","E","M","R","B","B",null,"R","$","E","B",null],"character_chosen":"DEFECT","items_purchased":["Ball Lightning","DollysMirror","Hologram","Bag of Preparation","Frozen Eye"],"campfire_rested":6,"item_purchase_floors":[12,12,22,54,54],"current_hp_per_floor":[70,63,56,61,56,56,15,15,15,39,39,39,39,34,34,11,65,65,65,54,71,71,71,63,10,10,7,7,31,31,31,55,40,72,68,68,68,68,68,68,67,54,54,54,78,74,74,74,83,68,34,71,83,83,28,20],"gold":79,"neow_bonus":"TEN_PERCENT_HP_BONUS","is_prod":false,"is_daily":false,"chose_seed":false,"campfire_upgraded":2,"win_rate":0,"timestamp":1559612850,"path_taken":["M","?","M","?","M","R","E","R","T","R","?","$","M","?","R","BOSS","M","?","M","?","$","E","M","E","T","?","?","R","?","M","R","BOSS","M","M","?","?","M","E","M","M","T","M","R","M","E","M","R","BOSS","BOSS","R","$","E","BOSS"],"build_version":"2019-01-23","purchased_purges":3,"victory":true,"max_hp_per_floor":[78,78,78,83,83,83,83,83,83,83,83,83,83,83,83,83,83,83,83,83,83,83,83,83,83,83,83,83,83,83,83,83,83,83,83,83,83,83,83,83,83,83,83,83,83,83,83,83,83,83,83,83,83,83,83,83],"card_choices":[{"not_picked":["Steam","Lockon"],"picked":"Defragment","floor":1.0},{"not_picked":["Turbo","Stack","Skim"],"picked":"SKIP","floor":3.0},{"not_picked":["FTL","Beam Cell"],"picked":"Reinforced Body","floor":5.0},{"not_picked":["Go for the Eyes","Beam Cell"],"picked":"Cold Snap","floor":7.0},{"not_picked":["Cold Snap","Gash"],"picked":"Glacier","floor":13.0},{"not_picked":["Fission","Biased Cognition"],"picked":"Echo Form","floor":16.0},{"not_picked":["Leap","BootSequence+1"],"picked":"Cold Snap","floor":18.0},{"not_picked":["Rebound","BootSequence"],"picked":"Sunder+1","floor":20.0},{"not_picked":["Heatsinks+1","Tempest"],"picked":"Coolheaded","floor":23.0},{"not_picked":["Stack+1","Barrage"],"picked":"Conserve Battery+1","floor":24.0},{"not_picked":["Multi-Cast","Storm"],"picked":"Compile Driver","floor":25.0},{"not_picked":["Chaos+1","Genetic Algorithm"],"picked":"Loop","floor":27.0},{"not_picked":["Redo","Cold Snap","Turbo"],"picked":"SKIP","floor":28.0},{"not_picked":["White Noise+1","Beam Cell"],"picked":"Loop+1","floor":29.0},{"not_picked":["White Noise","Glacier"],"picked":"Heatsinks+1","floor":31.0},{"not_picked":["Compile Driver","Leap","Auto Shields+1"],"picked":"SKIP","floor":35.0},{"not_picked":["Beam Cell+1","Hologram","Cold Snap+1"],"picked":"SKIP","floor":36.0},{"not_picked":["Compile Driver","Go for the Eyes"],"picked":"FTL","floor":39.0},{"not_picked":["Beam Cell","Hello World+1","Melter"],"picked":"SKIP","floor":40.0},{"not_picked":["Leap","Scrape","Ball Lightning+1"],"picked":"SKIP","floor":41},{"not_picked":["Ball Lightning","Stack+1","BootSequence"],"picked":"SKIP","floor":42},{"not_picked":["Reinforced Body","Conserve Battery+1"],"picked":"Biased Cognition+1","floor":44},{"not_picked":["BootSequence","Genetic Algorithm"],"picked":"Undo","floor":45},{"not_picked":["Leap+1","Go for the Eyes","Redo+1"],"picked":"SKIP","floor":46},{"not_picked":["Go for the Eyes","Skim","Hyperbeam"],"picked":"SKIP","floor":47},{"not_picked":["Stack","Reprogram"],"picked":"Conserve Battery+1","floor":48},{"not_picked":["Scrape","Lockon","Sweeping Beam+1"],"picked":"SKIP","floor":55}],"player_experience":1362705,"relics_obtained":[{"floor":7.0,"key":"Anchor"},{"floor":9.0,"key":"War Paint"},{"floor":23.0,"key":"Matryoshka"},{"floor":25.0,"key":"PreservedInsect"},{"floor":26.0,"key":"Dream Catcher"},{"floor":26.0,"key":"Lantern"},{"floor":27.0,"key":"Thread and Needle"},{"floor":27.0,"key":"Frozen Egg 2"},{"floor":30.0,"key":"Juzu Bracelet"},{"floor":30.0,"key":"Centennial Puzzle"},{"floor":40.0,"key":"Darkstone Periapt"},{"floor":47,"key":"Orichalcum"},{"floor":55,"key":"Bronze Scales"}],"event_choices":[{"cards_removed":["Strike_B"],"damage_healed":0.0,"max_hp_gain":0.0,"max_hp_loss":0.0,"gold_gain":0.0,"event_name":"Golden Wing","player_choice":"Card Removal","floor":2.0,"gold_loss":0.0,"damage_taken":7.0},{"damage_healed":0.0,"max_hp_gain":5.0,"max_hp_loss":0.0,"gold_gain":0.0,"event_name":"Big Fish","player_choice":"Donut","floor":4.0,"gold_loss":0.0,"damage_taken":0.0},{"damage_healed":0.0,"max_hp_gain":0.0,"max_hp_loss":0.0,"gold_gain":150.0,"event_name":"Liars Game","player_choice":"AGREE","floor":11.0,"gold_loss":0.0,"damage_taken":0.0,"cards_obtained":["Doubt"]},{"damage_healed":0.0,"max_hp_gain":0.0,"max_hp_loss":0.0,"gold_gain":0.0,"event_name":"Scrap Ooze","player_choice":"Success","floor":14.0,"gold_loss":0.0,"damage_taken":5.0,"relics_obtained":["Bag of Marbles"]},{"damage_healed":0.0,"max_hp_gain":0.0,"max_hp_loss":0.0,"gold_gain":0.0,"cards_transformed":["Strike_B","Defend_B"],"event_name":"Drug Dealer","player_choice":"Became Test Subject","floor":19.0,"gold_loss":0.0,"damage_taken":0.0,"cards_obtained":["Melter","Glacier"]},{"damage_healed":17.0,"max_hp_gain":0.0,"max_hp_loss":0.0,"gold_gain":0.0,"event_name":"The Library","player_choice":"Heal","floor":21.0,"gold_loss":0.0,"damage_taken":0.0},{"damage_healed":0.0,"max_hp_gain":0.0,"max_hp_loss":0.0,"gold_gain":0.0,"event_name":"Colosseum","player_choice":"Fight","floor":27.0,"gold_loss":0.0,"damage_taken":0.0},{"damage_healed":0.0,"max_hp_gain":0.0,"max_hp_loss":0.0,"gold_gain":0.0,"event_name":"Colosseum","player_choice":"Fought Nobs","floor":27.0,"gold_loss":0.0,"damage_taken":0.0},{"cards_removed":["Fusion"],"damage_healed":0.0,"max_hp_gain":0.0,"max_hp_loss":0.0,"gold_gain":0.0,"event_name":"Wheel of Change","player_choice":"Card Removal","floor":37.0,"gold_loss":0.0,"damage_taken":0.0},{"cards_removed":["Melter"],"damage_healed":0.0,"max_hp_gain":0.0,"max_hp_loss":0.0,"gold_gain":0.0,"event_name":"Falling","player_choice":"Removed Attack","floor":38.0,"gold_loss":0.0,"damage_taken":0.0}],"is_beta":false,"boss_relics":[{"not_picked":["Calling Bell","Tiny House"],"picked":"Fusion Hammer"},{"not_picked":["Lizard Tail","White Beast Statue"],"picked":"Pandora\u0027s Box"}],"items_purged_floors":[12,22,54],"is_endless":false,"potions_floor_spawned":[3,5,13,18,20,24,27,28,33,36,41,44,46,47],"ascension_level":20}