{"gold_per_floor":[118,135,135,115,126,158,175,204,204,204,221,65,92,112,112,213,213,232,232,232,243,260,260,293,293,293,293,304,315,327,341,341,439,439,449,449,167,180,195,195,222,222,222,222,238,255,255,269,269,269],"floor_reached":50,"playtime":2888,"items_purged":["Doubt"],"score":688,"play_id":"29eb3f9e-06d2-49a3-ad10-1e82f4f8b034","local_time":"20180926104024","is_ascension_mode":true,"campfire_choices":[{"floor":10,"key":"REST"},{"data":"Burning Pact","floor":15,"key":"SMITH"},{"data":"Clash","floor":23,"key":"SMITH"},{"data":"Bash","floor":25,"key":"SMITH"},{"data":"Headbutt","floor":27,"key":"SMITH"},{"floor":32,"key":"REST"},{"floor":40,"key":"REST"},{"floor":42,"key":"REST"},{"floor":49,"key":"REST"}],"neow_cost":"NONE","seed_source_timestamp":1542517559495407,"circlet_count":0,"master_deck":["Strike_R+1","Strike_R+1","Strike_R+1","Strike_R+1","Strike_R+1","Defend_R+1","Defend_R+1","Defend_R+1","Defend_R+1","Bash+1","Cleave","Headbutt+1","Clash+1","Sword Boomerang+1","Burning Pact+1","Cleave+1","Headbutt+1","Fiend Fire+1","Ghostly Armor","Headbutt+1","Reaper+1","Pummel+1","Carnage+1","Regret","Headbutt+1","Pommel Strike+1","Fire Breathing+1","Feed+1","Headbutt+1","Blood for Blood+1","Writhe","Wild Strike+1","Headbutt+1","Dramatic Entrance+1","Clash+1"],"relics":["Burning Blood","Regal Pillow","Molten Egg 2","Odd Mushroom","Question Card","Darkstone Periapt","Cursed Key","Orichalcum","Paper Frog","Mark of Pain","Lantern","Medical Kit","Art of War","Bottled Tornado","Calipers"],"potions_floor_usage":[8,13,18,33,39,41,41,41,41,41,45,50],"damage_taken":[{"damage":7,"enemies":"Small Slimes","floor":1,"turns":3},{"damage":6,"enemies":"Cultist","floor":2,"turns":3},{"damage":3,"enemies":"2 Louse","floor":5,"turns":2},{"damage":35,"enemies":"Lagavulin","floor":6,"turns":6},{"damage":25,"enemies":"Exordium Wildlife","floor":7,"turns":5},{"damage":9,"enemies":"The Mushroom Lair","floor":8,"turns":2},{"damage":0,"enemies":"Large Slime","floor":11,"turns":3},{"damage":0,"enemies":"Gremlin Nob","floor":13,"turns":2},{"damage":8,"enemies":"3 Louse","floor":14,"turns":2},{"damage":73,"enemies":"The Guardian","floor":16,"turns":10},{"damage":0,"enemies":"Spheric Guardian","floor":18,"turns":3},{"damage":2,"enemies":"3 Byrds","floor":21,"turns":5},{"damage":18,"enemies":"Sentry and Sphere","floor":22,"turns":4},{"damage":30,"enemies":"Gremlin Leader","floor":24,"turns":6},{"damage":4,"enemies":"Centurion and Healer","floor":28,"turns":4},{"damage":6,"enemies":"Cultist and Chosen","floor":29,"turns":3},{"damage":21,"enemies":"Sentry and Sphere","floor":30,"turns":4},{"damage":27,"enemies":"Centurion and Healer","floor":31,"turns":5},{"damage":74,"enemies":"Collector","floor":33,"turns":10},{"damage":30,"enemies":"3 Shapes","floor":35,"turns":3},{"damage":42,"enemies":"3 Darklings","floor":38,"turns":4},{"damage":37,"enemies":"Transient","floor":39,"turns":5},{"damage":63,"enemies":"Giant Head","floor":41,"turns":7},{"damage":0,"enemies":"Mind Bloom Boss Battle","floor":44,"turns":4},{"damage":17,"enemies":"Reptomancer","floor":45,"turns":4},{"damage":45,"enemies":"Sphere and 2 Shapes","floor":46,"turns":4},{"damage":17,"enemies":"Transient","floor":48,"turns":5},{"damage":78,"enemies":"Awakened One","floor":50,"turns":6}],"seed_played":"-7909154271833645903","potions_obtained":[{"floor":2,"key":"Fire Potion"},{"floor":4,"key":"SmokeBomb"},{"floor":7,"key":"EntropicBrew"},{"floor":8,"key":"SneckoOil"},{"floor":16,"key":"Explosive Potion"},{"floor":22,"key":"Fire Potion"},{"floor":31,"key":"SteroidPotion"},{"floor":33,"key":"Energy Potion"},{"floor":38,"key":"Strength Potion"},{"floor":39,"key":"SpeedPotion"},{"floor":48,"key":"PowerPotion"}],"is_trial":false,"path_per_floor":["M","M","$","?","M","E","M","?","T","R","M","$","E","M","R","B",null,"M","?","$","M","M","R","E","R","T","R","M","M","M","M","R","B",null,"M","T","$","M","M","R","E","R","T","?","M","M","?","M","R"],"character_chosen":"IRONCLAD","items_purchased":["Fiend Fire+1","Medical Kit"],"campfire_rested":5,"item_purchase_floors":[12,37],"current_hp_per_floor":[79,79,79,79,80,51,32,29,29,68,74,74,80,78,78,11,80,80,80,80,80,71,71,62,62,68,68,70,70,56,45,85,32,86,74,80,80,49,18,61,21,64,70,81,74,45,45,34,80,17],"gold":269,"neow_bonus":"RANDOM_COMMON_RELIC","is_prod":false,"is_daily":false,"chose_seed":false,"campfire_upgraded":4,"win_rate":0,"timestamp":1537983624,"path_taken":["M","M","$","?","M","E","M","?","T","R","M","$","E","M","R","BOSS","M","?","$","M","M","R","E","R","T","R","M","M","M","M","R","BOSS","M","?","$","M","M","R","E","R","T","?","M","M","?","M","R","BOSS"],"build_version":"2018-09-20","purchased_purges":1,"victory":false,"max_hp_per_floor":[80,80,80,80,80,80,80,80,80,80,80,80,80,80,80,80,80,80,80,80,80,80,80,80,80,86,86,86,86,86,86,86,86,86,90,96,96,96,96,96,96,96,102,102,106,106,106,106,106,106],"card_choices":[{"not_picked":["Shrug It Off","Shockwave"],"picked":"Cleave","floor":1},{"not_picked":["Pommel Strike","Entrench"],"picked":"Headbutt","floor":2},{"not_picked":["Searing Blow","Bloodletting"],"picked":"Clash","floor":5},{"not_picked":["Demon Form","Perfected Strike"],"picked":"Sword Boomerang","floor":6},{"not_picked":["Wild Strike+1","Warcry"],"picked":"Burning Pact","floor":7},{"not_picked":["Heavy Blade+1","Iron Wave+1"],"picked":"Cleave+1","floor":8},{"not_picked":["Body Slam+1","Sword Boomerang+1","Flex"],"picked":"Headbutt+1","floor":11},{"not_picked":["Flex","Feel No Pain","Havoc"],"picked":"Ghostly Armor","floor":13},{"not_picked":["Rupture","Body Slam+1","Rage"],"picked":"Headbutt+1","floor":14},{"not_picked":["Impervious","Offering","Berserk"],"picked":"Reaper+1","floor":16},{"not_picked":["Entrench","Havoc","Heavy Blade+1","Wild Strike+1"],"picked":"SKIP","floor":18},{"not_picked":["Iron Wave+1","Thunderclap+1","Body Slam+1","Wild Strike+1"],"picked":"SKIP","floor":21},{"not_picked":["Heavy Blade+1","Bludgeon+1","Thunderclap+1"],"picked":"Pummel+1","floor":22},{"not_picked":["Heavy Blade+1","Sword Boomerang+1","Flame Barrier"],"picked":"Carnage+1","floor":24},{"not_picked":["Iron Wave+1","Clothesline+1","Body Slam+1"],"picked":"Headbutt+1","floor":28},{"not_picked":["Searing Blow+1","Body Slam+1","Iron Wave+1"],"picked":"Pommel Strike+1","floor":29},{"not_picked":["Infernal Blade","Flame Barrier","Rage+1"],"picked":"Fire Breathing+1","floor":30},{"not_picked":["Twin Strike+1","Thunderclap+1","Wild Strike+1"],"picked":"Feed+1","floor":31},{"not_picked":["Wild Strike+1","Shrug It Off+1","Perfected Strike+1","True Grit"],"picked":"SKIP","floor":35},{"not_picked":["Armaments+1","Rage","Twin Strike+1"],"picked":"Headbutt+1","floor":38},{"not_picked":["Dual Wield","Double Tap","Wild Strike+1","Clothesline+1"],"picked":"SKIP","floor":39},{"not_picked":["Warcry","Iron Wave+1","Seeing Red"],"picked":"Blood for Blood+1","floor":41},{"not_picked":["Thunderclap+1","Anger+1","Combust+1"],"picked":"Wild Strike+1","floor":44},{"not_picked":["Flex","Seeing Red","Whirlwind+1","Body Slam+1"],"picked":"SKIP","floor":45},{"not_picked":["Feed+1","Armaments+1","Anger+1"],"picked":"Headbutt+1","floor":46},{"not_picked":["Good Instincts","Secret Technique","Dark Shackles"],"picked":"Dramatic Entrance+1","floor":47},{"not_picked":["Dual Wield","Anger+1","Thunderclap+1"],"picked":"Clash+1","floor":48}],"player_experience":275556,"relics_obtained":[{"floor":6,"key":"Molten Egg 2"},{"floor":8,"key":"Odd Mushroom"},{"floor":9,"key":"Question Card"},{"floor":13,"key":"Darkstone Periapt"},{"floor":24,"key":"Orichalcum"},{"floor":26,"key":"Paper Frog"},{"floor":36,"key":"Lantern"},{"floor":41,"key":"Art of War"},{"floor":43,"key":"Bottled Tornado"},{"floor":44,"key":"Calipers"}],"event_choices":[{"event_name":"The Woman in Blue","player_choice":"Bought 1 Potion","floor":4,"damage_taken":0},{"event_name":"Mushrooms","player_choice":"Fought Mushrooms","floor":8,"damage_taken":0},{"event_name":"Back to Basics","player_choice":"Simplicity","floor":19,"damage_taken":0},{"event_name":"MindBloom","player_choice":"Fight","floor":44,"damage_taken":0},{"event_name":"SensoryStone","player_choice":"Memory 1","floor":47,"damage_taken":0}],"is_beta":false,"boss_relics":[{"not_picked":["Busted Crown","Pandora\u0027s Box"],"picked":"Cursed Key"},{"not_picked":["Runic Pyramid","Velvet Choker"],"picked":"Mark of Pain"}],"items_purged_floors":[37],"is_endless":false,"potions_floor_spawned":[2,7,8,16,22,30,31,33,38,39,48],"killed_by":"Awakened One","ascension_level":3}