{"gold_per_floor":[114,114,128,143,143,143,173,17,17,17,44,61,61,80,80,80],"floor_reached":16,"playtime":977,"items_purged":[],"score":127,"play_id":"931491ec-a4be-4773-b8d9-b67bb885a4fa","local_time":"20180804071551","is_ascension_mode":true,"campfire_choices":[{"floor":6,"key":"REST"},{"floor":15,"key":"REST"}],"neow_cost":"","seed_source_timestamp":325636239739795,"circlet_count":0,"master_deck":["Defend_G","Defend_G","Defend_G","Defend_G","Defend_G","Strike_G","Strike_G+1","Strike_G","Strike_G","Strike_G","Survivor","Neutralize+1","Underhanded Strike","Blade Dance","Heel Hook","Bullet Time","Flying Knee","Flying Knee","Sucker Punch"],"relics":["Ring of the Snake","Regal Pillow","Boot","Dream Catcher","Pear","Blue Candle"],"potions_floor_usage":[7,11],"damage_taken":[{"damage":17,"enemies":"Jaw Worm","floor":1,"turns":6},{"damage":0,"enemies":"2 Louse","floor":3,"turns":2},{"damage":0,"enemies":"Small Slimes","floor":4,"turns":3},{"damage":31,"enemies":"Gremlin Nob","floor":7,"turns":5},{"damage":28,"enemies":"Lagavulin","floor":11,"turns":8},{"damage":10,"enemies":"Gremlin Gang","floor":12,"turns":6},{"damage":7,"enemies":"Exordium Thugs","floor":14,"turns":4},{"damage":44,"enemies":"Hexaghost","floor":16,"turns":12}],"seed_played":"8394275294308924614","potions_obtained":[{"floor":4,"key":"SkillPotion"},{"floor":7,"key":"GamblersBrew"}],"is_trial":false,"path_per_floor":["M","?","M","M","T","R","E","$","T","$","E","M","$","M","R"],"character_chosen":"THE_SILENT","items_purchased":["Dream Catcher"],"campfire_rested":2,"item_purchase_floors":[8],"current_hp_per_floor":[53,39,39,39,39,70,39,39,49,49,21,11,11,4,43,0],"gold":80,"neow_bonus":"","is_prod":false,"is_daily":false,"chose_seed":false,"campfire_upgraded":0,"win_rate":0,"timestamp":1533392151,"path_taken":["M","?","?","M","?","R","E","$","T","?","E","M","$","M","R","BOSS"],"build_version":"2018-08-02","purchased_purges":0,"victory":false,"max_hp_per_floor":[70,70,70,70,70,70,70,70,80,80,80,80,80,80,80,80],"card_choices":[{"not_picked":["PiercingWail","Prepared"],"picked":"Underhanded Strike","floor":1},{"not_picked":["After Image","Deflect"],"picked":"Blade Dance","floor":3},{"not_picked":["Skewer","Bane","Footwork"],"picked":"SKIP","floor":4},{"not_picked":["Distraction","Dodge and Roll"],"picked":"Heel Hook","floor":7},{"not_picked":["PiercingWail","Reflex"],"picked":"Bullet Time","floor":11},{"not_picked":["Cloak And Dagger","Flechettes"],"picked":"Flying Knee","floor":12},{"not_picked":["Deflect","Backflip"],"picked":"Flying Knee","floor":14},{"not_picked":["Finisher","Backflip"],"picked":"Sucker Punch","floor":15}],"player_experience":239926,"relics_obtained":[{"floor":5,"key":"Regal Pillow"},{"floor":7,"key":"Boot"},{"floor":9,"key":"Pear"},{"floor":11,"key":"Blue Candle"}],"event_choices":[{"event_name":"Shining Light","player_choice":"Entered Light","floor":2,"damage_taken":0}],"is_beta":false,"boss_relics":[],"items_purged_floors":[],"is_endless":false,"potions_floor_spawned":[4,7],"killed_by":"Hexaghost","ascension_level":3}