{"gold_per_floor":[115,131,141,141,162,198,198,278,278,299,299,323,342,366,366,497,527,547,547,118,143,161,161,201,201,201,0,19,19,33,51,51,174,174,193,208,168,79,103,103,103],"floor_reached":41,"playtime":2742,"items_purged":["Normality"],"score":444,"play_id":"c0b40765-9104-41d0-8439-64558c0ec77f","local_time":"20180724020943","is_ascension_mode":false,"campfire_choices":[{"floor":7,"key":"REST"},{"floor":11,"key":"REST"},{"data":"Echo Form","floor":15,"key":"SMITH"},{"floor":23,"key":"REST"},{"floor":25,"key":"REST"},{"data":"Biased Cognition","floor":29,"key":"SMITH"},{"data":"Storm","floor":32,"key":"SMITH"},{"floor":40,"key":"REST"}],"neow_cost":"NONE","seed_source_timestamp":540936653195326,"circlet_count":0,"master_deck":["Strike_B","Strike_B","Strike_B","Strike_B","Defend_B","Defend_B","Defend_B","Defend_B","Zap","Dualcast","Storm","Beam Cell","Auto Shields","Cold Snap","FTL","Glacier+1","Echo Form+1","Storm+1","Melter","Biased Cognition+1","Cold Snap","RitualDagger","Self Repair","Darkness+1","Compile Driver","Redo+1","Tempest+1","Turbo+1","Reinforced Body+1","Stack+1","Rainbow+1","Leap+1","Coolheaded+1","Capacitor","Rebound","Storm"],"relics":["Cracked Core","NeowsBlessing","Golden Idol","Bird Faced Urn","Gremlin Horn","Toxic Egg 2","Calling Bell","Tiny Chest","Darkstone Periapt","Thread and Needle","Runic Capacitor","Omamori","Bronze Scales","Empty Cage"],"potions_floor_usage":[6,10,16,16,16,24,33,33,41],"damage_taken":[{"damage":0,"enemies":"Small Slimes","floor":1,"turns":1},{"damage":0,"enemies":"2 Louse","floor":2,"turns":1},{"damage":0,"enemies":"Jaw Worm","floor":3,"turns":1},{"damage":37,"enemies":"Exordium Thugs","floor":5,"turns":7},{"damage":13,"enemies":"Lagavulin","floor":6,"turns":7},{"damage":0,"enemies":"Large Slime","floor":10,"turns":6},{"damage":0,"enemies":"2 Fungi Beasts","floor":12,"turns":3},{"damage":0,"enemies":"3 Louse","floor":13,"turns":3},{"damage":2,"enemies":"Large Slime","floor":14,"turns":7},{"damage":28,"enemies":"Slime Boss","floor":16,"turns":14},{"damage":0,"enemies":"Spheric Guardian","floor":18,"turns":1},{"damage":23,"enemies":"3 Byrds","floor":21,"turns":7},{"damage":9,"enemies":"Cultist and Chosen","floor":22,"turns":5},{"damage":61,"enemies":"Book of Stabbing","floor":24,"turns":8},{"damage":6,"enemies":"Snecko","floor":28,"turns":6},{"damage":13,"enemies":"Centurion and Healer","floor":30,"turns":6},{"damage":6,"enemies":"Cultist and Chosen","floor":31,"turns":5},{"damage":45,"enemies":"Collector","floor":33,"turns":8},{"damage":17,"enemies":"Flame Bruiser 1 Orb","floor":35,"turns":5},{"damage":28,"enemies":"3 Shapes","floor":36,"turns":4},{"damage":58,"enemies":"Transient","floor":39,"turns":5},{"damage":60,"enemies":"Giant Head","floor":41,"turns":10}],"seed_played":"30733862612049878","potions_obtained":[{"floor":1,"key":"Energy Potion"},{"floor":2,"key":"SteroidPotion"},{"floor":6,"key":"Regen Potion"},{"floor":10,"key":"Ancient Potion"},{"floor":14,"key":"Block Potion"},{"floor":21,"key":"EssenceOfSteel"},{"floor":30,"key":"PowerPotion"},{"floor":31,"key":"LiquidBronze"},{"floor":39,"key":"AttackPotion"}],"is_trial":false,"path_per_floor":["M","M","M","?","M","E","R","T","T","M","R","M","M","M","R","B",null,"M","?","$","M","M","R","E","R","T","?","M","R","M","M","R","B",null,"M","M","?","$","M","R"],"character_chosen":"DEFECT","items_purchased":["Self Repair","Runic Capacitor","Darkness+1","Capacitor","Rebound"],"campfire_rested":5,"item_purchase_floors":[20,20,20,38,38],"current_hp_per_floor":[75,75,75,57,20,7,29,29,29,46,68,70,70,73,73,51,75,75,69,69,63,73,75,25,47,47,47,65,65,67,75,75,43,75,69,56,56,56,13,35,0],"gold":103,"neow_bonus":"THREE_ENEMY_KILL","is_prod":false,"is_daily":false,"chose_seed":false,"campfire_upgraded":3,"win_rate":0,"timestamp":1532369383,"path_taken":["M","M","M","?","M","E","R","?","T","M","R","?","M","M","R","BOSS","M","?","$","M","M","R","E","R","T","?","M","R","?","M","R","BOSS","M","M","?","$","M","R","E"],"build_version":"2018-07-19v2","purchased_purges":1,"victory":false,"max_hp_per_floor":[75,75,75,75,75,75,75,75,75,75,75,75,75,75,75,75,75,75,75,75,75,75,75,75,75,75,75,75,75,75,75,75,75,75,75,75,75,75,75,75,75],"card_choices":[{"not_picked":["Consume","Gash"],"picked":"Storm","floor":1},{"not_picked":["Rebound","Go for the Eyes"],"picked":"Beam Cell","floor":2},{"not_picked":["Go for the Eyes","Lockon"],"picked":"Auto Shields","floor":3},{"not_picked":["Leap","Fusion"],"picked":"Cold Snap","floor":5},{"not_picked":["Doom and Gloom","Beam Cell"],"picked":"FTL","floor":6},{"not_picked":["Stack+1","Hologram+1"],"picked":"Glacier+1","floor":10},{"not_picked":["Turbo+1","Go for the Eyes"],"picked":"Echo Form","floor":12},{"not_picked":["Sweeping Beam","Hologram+1"],"picked":"Storm","floor":13},{"not_picked":["Ball Lightning","Auto Shields+1"],"picked":"Melter","floor":14},{"not_picked":["Thunder Strike","Buffer"],"picked":"Biased Cognition","floor":16},{"not_picked":["Rebound","Barrage"],"picked":"Cold Snap","floor":18},{"not_picked":["Gash","Sweeping Beam"],"picked":"Compile Driver","floor":21},{"not_picked":["Barrage","Coolheaded+1"],"picked":"Redo+1","floor":22},{"not_picked":["Fusion+1","Multi-Cast+1"],"picked":"Tempest+1","floor":24},{"not_picked":["Streamline","FTL"],"picked":"Turbo+1","floor":28},{"not_picked":["Aggregate+1","Beam Cell+1"],"picked":"Reinforced Body+1","floor":30},{"not_picked":["Compile Driver+1","Go for the Eyes"],"picked":"Stack+1","floor":31},{"not_picked":["Biased Cognition","All For One"],"picked":"Rainbow+1","floor":33},{"not_picked":["Sweeping Beam+1","Conserve Battery+1"],"picked":"Leap+1","floor":35},{"not_picked":["Rebound","Ball Lightning+1"],"picked":"Coolheaded+1","floor":36},{"not_picked":["Steam+1","Redo+1"],"picked":"Storm","floor":39}],"player_experience":150710,"relics_obtained":[{"floor":6,"key":"Bird Faced Urn"},{"floor":8,"key":"Gremlin Horn"},{"floor":9,"key":"Toxic Egg 2"},{"floor":17,"key":"Tiny Chest"},{"floor":17,"key":"Darkstone Periapt"},{"floor":17,"key":"Thread and Needle"},{"floor":24,"key":"Omamori"},{"floor":26,"key":"Bronze Scales"}],"event_choices":[{"event_name":"Golden Idol","player_choice":"Take Damage","floor":4,"damage_taken":0},{"event_name":"Nest","player_choice":"Joined the Cult","floor":19,"damage_taken":0},{"event_name":"Masked Bandits","player_choice":"Paid Bandits 201 gold","floor":27,"damage_taken":0},{"event_name":"The Woman in Blue","player_choice":"Bought 3 Potions","floor":37,"damage_taken":0}],"is_beta":false,"boss_relics":[{"not_picked":["Runic Dome","Ectoplasm"],"picked":"Calling Bell"},{"not_picked":["Astrolabe","Lizard Tail"],"picked":"Empty Cage"}],"items_purged_floors":[20],"is_endless":false,"potions_floor_spawned":[1,2,6,10,14,21,30,31,39],"killed_by":"Giant Head","ascension_level":0}