{"gold_per_floor":[113,113,128,142,142,142,162,162,162,182,14,32,50,50,50,50],"floor_reached":16,"playtime":1385,"items_purged":[],"score":94,"play_id":"4569c05a-8db2-40f3-835f-3593222b9c85","local_time":"20180630195208","is_ascension_mode":false,"campfire_choices":[{"data":"Cleave","floor":6,"key":"SMITH"},{"floor":15,"key":"REST"}],"neow_cost":"","seed_source_timestamp":0,"circlet_count":0,"master_deck":["Strike_R","Strike_R","Strike_R","Strike_R","Strike_R","Defend_R","Defend_R","Defend_R","Bash","Cleave+1","Perfected Strike","Flash of Steel","Perfected Strike","Pain","Flex","Injury","Feel No Pain+1","Feel No Pain+1","Madness","Pommel Strike","Sword Boomerang"],"special_seed":0,"relics":["Burning Blood","Golden Idol","Frozen Egg 2"],"potions_floor_usage":[16,16,16],"damage_taken":[{"damage":0.0,"enemies":"Small Slimes","floor":1.0,"turns":3.0},{"damage":7,"enemies":"Cultist","floor":3,"turns":5},{"damage":0,"enemies":"2 Louse","floor":4,"turns":3},{"damage":13,"enemies":"Looter","floor":7,"turns":2},{"damage":30,"enemies":"Exordium Thugs","floor":10,"turns":4},{"damage":6,"enemies":"3 Louse","floor":12,"turns":2},{"damage":19,"enemies":"Lots of Slimes","floor":13,"turns":5},{"damage":61,"enemies":"The Guardian","floor":16,"turns":8}],"seed_played":"783813681820793890","potions_obtained":[{"floor":1.0,"key":"EssenceOfSteel"},{"floor":12,"key":"FearPotion"},{"floor":13,"key":"Weak Potion"}],"is_trial":false,"path_per_floor":["M","?","M","M","?","R","M","?","T","M","$","M","M","?","R"],"character_chosen":"IRONCLAD","items_purchased":["Feel No Pain+1","Madness"],"campfire_rested":1,"item_purchase_floors":[11,11],"current_hp_per_floor":[80,73,72,78,78,78,71,71,71,47,47,47,34,34,58,0],"gold":50,"neow_bonus":"","is_prod":false,"is_daily":false,"chose_seed":false,"campfire_upgraded":1,"win_rate":0.0,"timestamp":1530413528,"path_taken":["M","?","M","M","?","R","M","?","T","?","$","M","M","?","R","BOSS"],"build_version":"2018-06-28","purchased_purges":0,"victory":false,"max_hp_per_floor":[80,80,80,80,80,80,80,80,80,80,80,80,80,80,80,80],"card_choices":[{"not_picked":["Hemokinesis","Flex"],"picked":"Cleave","floor":1.0},{"not_picked":["Pummel","Iron Wave"],"picked":"Perfected Strike","floor":3},{"not_picked":["Armaments","Thunderclap","Warcry"],"picked":"SKIP","floor":4},{"not_picked":["Thunderclap","Fire Breathing"],"picked":"Flex","floor":7},{"not_picked":["Rage","Metallicize+1"],"picked":"Feel No Pain+1","floor":10},{"not_picked":["Anger","Flex"],"picked":"Pommel Strike","floor":12},{"not_picked":["Seeing Red","Corruption+1"],"picked":"Sword Boomerang","floor":13}],"player_experience":0,"relics_obtained":[{"floor":9,"key":"Frozen Egg 2"}],"event_choices":[{"event_name":"Golden Wing","player_choice":"Card Removal","floor":2.0,"damage_taken":0.0},{"event_name":"Match and Keep!","player_choice":"3 cards matched","floor":5,"damage_taken":0},{"event_name":"Golden Idol","player_choice":"Take Wound","floor":8,"damage_taken":0},{"event_name":"Liars Game","player_choice":"disagreed","floor":14,"damage_taken":0}],"boss_relics":[],"items_purged_floors":[],"is_endless":false,"potions_floor_spawned":[1,12,13],"killed_by":"The Guardian","ascension_level":0}