{"gold_per_floor":[118,134,150,225,225,225,145,145,169,183,183,199,210,210,210,314,314,333,333,78,177,196,196,216,234,257,276,276,295,308,318,318,422,422,438,47,59,59,59],"floor_reached":39,"playtime":1432,"items_purged":["Strike_B"],"score":415,"play_id":"2fbc92d3-01ba-48b4-988a-157e0a9c8c8a","local_time":"20181106025241","is_ascension_mode":true,"campfire_choices":[{"floor":6,"key":"REST"},{"floor":8,"key":"REST"},{"data":"White Noise","floor":11,"key":"SMITH"},{"floor":15,"key":"REST"},{"data":"Apotheosis","floor":23,"key":"SMITH"},{"floor":28,"key":"REST"},{"floor":32,"key":"REST"}],"neow_cost":"NONE","seed_source_timestamp":306390379363033,"circlet_count":0,"master_deck":["Strike_B","Strike_B","Defend_B","Defend_B","Defend_B","Defend_B","Zap","Dualcast","Coolheaded","Gash","White Noise+1","Storm","Gash","Leap","Cold Snap","Machine Learning","Coolheaded","Defragment","Apotheosis+1","Gash","Auto Shields","Buffer","Rainbow","Electrodynamics","Stack+1","Redo","Amplify","Defragment","Compile Driver"],"relics":["Vajra","Eternal Feather","Nloth\u0027s Gift","Dream Catcher","White Beast Statue","Symbiotic Virus"],"potions_floor_usage":[16,25,27,30,37],"damage_taken":[{"damage":6,"enemies":"Cultist","floor":1,"turns":3},{"damage":9,"enemies":"2 Louse","floor":2,"turns":3},{"damage":5,"enemies":"Jaw Worm","floor":3,"turns":3},{"damage":12,"enemies":"2 Fungi Beasts","floor":10,"turns":4},{"damage":10,"enemies":"Exordium Thugs","floor":12,"turns":4},{"damage":9,"enemies":"Blue Slaver","floor":13,"turns":4},{"damage":28,"enemies":"Hexaghost","floor":16,"turns":6},{"damage":18,"enemies":"Spheric Guardian","floor":18,"turns":5},{"damage":4,"enemies":"Chosen","floor":22,"turns":6},{"damage":25,"enemies":"Snecko","floor":24,"turns":7},{"damage":15,"enemies":"Snake Plant","floor":25,"turns":4},{"damage":16,"enemies":"Shelled Parasite and Fungi","floor":27,"turns":7},{"damage":7,"enemies":"Snecko","floor":29,"turns":7},{"damage":8,"enemies":"Snake Plant","floor":30,"turns":4},{"damage":16,"enemies":"Centurion and Healer","floor":31,"turns":6},{"damage":31,"enemies":"Champ","floor":33,"turns":10},{"damage":27,"enemies":"Orb Walker","floor":35,"turns":5},{"damage":28,"enemies":"3 Darklings","floor":37,"turns":3},{"damage":47,"enemies":"4 Shapes","floor":39,"turns":3}],"seed_played":"4607030213355566466","potions_obtained":[{"floor":2,"key":"FocusPotion"},{"floor":3,"key":"SpeedPotion"},{"floor":12,"key":"FearPotion"},{"floor":22,"key":"Explosive Potion"},{"floor":24,"key":"Weak Potion"},{"floor":29,"key":"AttackPotion"},{"floor":33,"key":"PowerPotion"},{"floor":35,"key":"Ancient Potion"},{"floor":37,"key":"Regen Potion"}],"is_trial":false,"path_per_floor":["M","M","M","?","?","R","$","R","T","M","R","M","M","?","R","B",null,"M","?","$","?","M","R","M","M","T","M","R","M","M","M","R","B",null,"M","$","M","$","M"],"character_chosen":"DEFECT","items_purchased":["Storm","Defragment","Apotheosis","Symbiotic Virus","Defragment"],"campfire_rested":5,"item_purchase_floors":[7,20,20,36,36],"current_hp_per_floor":[76,67,62,51,44,68,68,82,82,70,70,60,51,51,75,47,82,64,64,64,64,60,72,47,32,32,16,52,45,37,21,60,29,82,55,55,27,27,0],"gold":59,"neow_bonus":"TEN_PERCENT_HP_BONUS","is_prod":false,"is_daily":false,"chose_seed":false,"campfire_upgraded":2,"win_rate":0,"timestamp":1541443961,"path_taken":["M","M","M","?","?","R","?","R","T","M","R","M","M","?","R","BOSS","M","?","?","?","M","R","M","M","T","M","R","M","M","M","R","BOSS","M","$","M","$","M"],"build_version":"2018-11-01","purchased_purges":1,"victory":false,"max_hp_per_floor":[82,82,82,82,82,82,82,82,82,82,82,82,82,82,82,82,82,82,82,82,82,82,82,82,82,82,82,82,82,82,82,82,82,82,82,82,82,82,82],"card_choices":[{"not_picked":["Hologram","Go for the Eyes"],"picked":"Coolheaded","floor":1},{"not_picked":["Blizzard","Steam"],"picked":"Gash","floor":2},{"not_picked":["Cold Snap","Aggregate"],"picked":"White Noise","floor":3},{"not_picked":["Rip and Tear","Force Field"],"picked":"Gash","floor":10},{"not_picked":["Steam","Blizzard"],"picked":"Leap","floor":12},{"not_picked":["Recycle","Fission"],"picked":"Cold Snap","floor":13},{"not_picked":["Multi-Cast","Hyperbeam"],"picked":"Machine Learning","floor":16},{"not_picked":["Rebound","Ball Lightning"],"picked":"Coolheaded","floor":18},{"not_picked":["Sweeping Beam+1","Scrape"],"picked":"Gash","floor":22},{"not_picked":["Rebound+1","Conserve Battery"],"picked":"Auto Shields","floor":24},{"not_picked":["Biased Cognition","Recycle"],"picked":"Buffer","floor":25},{"not_picked":["Sweeping Beam","Turbo"],"picked":"Rainbow","floor":27},{"not_picked":["Compile Driver","FTL"],"picked":"Electrodynamics","floor":29},{"not_picked":["Hologram","Buffer"],"picked":"Stack+1","floor":30},{"not_picked":["Blizzard","Genetic Algorithm+1"],"picked":"Redo","floor":31},{"not_picked":["Reboot","Buffer"],"picked":"Amplify","floor":33},{"not_picked":["Coolheaded+1","Barrage+1","Turbo+1"],"picked":"SKIP","floor":35},{"not_picked":["Reboot","Barrage"],"picked":"Compile Driver","floor":37}],"player_experience":413232,"relics_obtained":[{"floor":9,"key":"Vajra"},{"floor":26,"key":"Dream Catcher"}],"event_choices":[{"damage_healed":0,"gold_gain":75,"player_choice":"Gather Gold","damage_taken":11,"max_hp_gain":0,"max_hp_loss":0,"event_name":"World of Goop","floor":4,"gold_loss":0},{"cards_removed":["Strike_B"],"damage_healed":0,"gold_gain":0,"player_choice":"Card Removal","damage_taken":7,"max_hp_gain":0,"max_hp_loss":0,"event_name":"Golden Wing","floor":5,"gold_loss":0},{"damage_healed":0,"gold_gain":0,"player_choice":"Ignored","damage_taken":0,"max_hp_gain":0,"max_hp_loss":0,"event_name":"Golden Idol","floor":14,"gold_loss":0},{"damage_healed":0,"gold_gain":0,"player_choice":"Traded Relic","damage_taken":0,"relics_obtained":["Nloth\u0027s Gift"],"max_hp_gain":0,"max_hp_loss":0,"event_name":"N\u0027loth","floor":19,"relics_lost":["Cracked Core"],"gold_loss":0},{"damage_healed":0,"gold_gain":99,"player_choice":"Stole From Cult","damage_taken":0,"max_hp_gain":0,"max_hp_loss":0,"event_name":"Nest","floor":21,"gold_loss":0}],"is_beta":false,"boss_relics":[{"not_picked":["Snecko Eye","Coffee Dripper"],"picked":"Eternal Feather"},{"not_picked":["Pandora\u0027s Box","Sozu"],"picked":"White Beast Statue"}],"items_purged_floors":[36],"is_endless":false,"potions_floor_spawned":[2,3,12,22,24,29,33,35,37],"killed_by":"4 Shapes","ascension_level":2}