{"gold_per_floor":[109,109,124,49,14,40,40,60,60,86,86,112,112,122,122,226,226,239,239,259,25,41,70,70,95,95,111,111,50,50,62,62,162,162,182,49,49,59,59,87,105,130,176,0,0,347,29,49,49,49],"floor_reached":51,"playtime":4085,"items_purged":["Strike_R","Defend_R","Defend_R"],"score":974,"play_id":"7a34c2a3-25da-4deb-bab8-e637ceef87b7","local_time":"20190217145240","is_ascension_mode":true,"campfire_choices":[{"floor":11,"key":"REST"},{"floor":15,"key":"REST"},{"floor":28,"key":"REST"},{"floor":32,"key":"REST"},{"floor":49,"key":"REST"}],"neow_cost":"NONE","seed_source_timestamp":72410453345222,"circlet_count":0,"master_deck":["Strike_R","Defend_R","Bash","Armaments+1","Disarm","Whirlwind","Offering","Double Tap","Shrug It Off","Reaper","Clothesline","Berserk","Dark Embrace","Thunderclap","Mayhem","Disarm+1","Headbutt","Shrug It Off+1","Flame Barrier+1","Metallicize","Juggernaut","Second Wind+1","Apotheosis","Rage+1","True Grit+1","Body Slam","Bash","Metallicize+1","Inflame","Rage+1"],"relics":["Burning Blood","Question Card","Mercury Hourglass","Potion Belt","The Courier","Busted Crown","Omamori","Pear","Vajra","Cursed Key","War Paint","Paper Frog","Juzu Bracelet","Blood Vial","Red Mask","Old Coin","Medical Kit"],"potions_floor_usage":[16,16,23,25,31,31,33,40,41,46],"damage_taken":[{"damage":0,"enemies":"2 Louse","floor":1,"turns":3},{"damage":17,"enemies":"Jaw Worm","floor":3,"turns":6},{"damage":35,"enemies":"Gremlin Nob","floor":6,"turns":5},{"damage":4,"enemies":"Small Slimes","floor":8,"turns":6},{"damage":42,"enemies":"Lagavulin","floor":10,"turns":10},{"damage":11,"enemies":"3 Sentries","floor":12,"turns":4},{"damage":2,"enemies":"3 Louse","floor":14,"turns":2},{"damage":26,"enemies":"The Guardian","floor":16,"turns":12},{"damage":0,"enemies":"3 Byrds","floor":18,"turns":3},{"damage":20,"enemies":"Chosen","floor":20,"turns":5},{"damage":30,"enemies":"Centurion and Healer","floor":22,"turns":6},{"damage":42,"enemies":"Gremlin Leader","floor":23,"turns":7},{"damage":25,"enemies":"Book of Stabbing","floor":25,"turns":6},{"damage":10,"enemies":"3 Cultists","floor":27,"turns":3},{"damage":49,"enemies":"Snake Plant","floor":31,"turns":4},{"damage":28,"enemies":"Collector","floor":33,"turns":9},{"damage":13,"enemies":"Orb Walker","floor":35,"turns":5},{"damage":21,"enemies":"3 Shapes","floor":38,"turns":4},{"damage":27,"enemies":"Reptomancer","floor":40,"turns":5},{"damage":17,"enemies":"3 Darklings","floor":41,"turns":3},{"damage":23,"enemies":"Nemesis","floor":42,"turns":7},{"damage":41,"enemies":"2 Orb Walkers","floor":46,"turns":5},{"damage":30,"enemies":"Jaw Worm Horde","floor":48,"turns":5},{"damage":34,"enemies":"Donu and Deca","floor":50,"turns":9}],"seed_played":"-1508688784171327290","potions_obtained":[{"floor":8,"key":"FearPotion"},{"floor":10,"key":"Block Potion"},{"floor":12,"key":"FearPotion"},{"floor":16,"key":"Ancient Potion"},{"floor":18,"key":"LiquidBronze"},{"floor":22,"key":"SpeedPotion"},{"floor":27,"key":"BloodPotion"},{"floor":38,"key":"Swift Potion"},{"floor":40,"key":"Energy Potion"},{"floor":42,"key":"Block Potion"}],"is_trial":false,"path_per_floor":["M","?","M","$","?","E","?","M","T","E","R","E","?","M","R","B",null,"M","?","M","$","M","E","T","E","T","M","R","$","?","M","R","B",null,"M","$","?","M","T","E","M","E","T","?","?","?","$","M","R","B",null],"character_chosen":"IRONCLAD","items_purchased":["Mayhem","Flame Barrier","Apotheosis","Inflame","Medical Kit"],"campfire_rested":5,"item_purchase_floors":[21,29,36,47,47],"current_hp_per_floor":[86,79,68,68,88,59,64,66,66,30,57,52,52,56,83,63,86,93,93,83,83,73,52,62,49,49,62,92,92,71,38,70,63,97,97,97,97,93,93,87,88,81,81,81,81,60,60,44,76,50],"gold":49,"neow_bonus":"TEN_PERCENT_HP_BONUS","is_prod":false,"is_daily":false,"chose_seed":false,"campfire_upgraded":0,"win_rate":0,"timestamp":1550433160,"path_taken":["M","?","M","$","?","E","?","M","T","E","R","E","?","?","R","BOSS","M","?","M","$","M","E","?","E","T","?","R","$","?","M","R","BOSS","M","$","?","?","?","E","M","E","T","?","?","?","$","M","R","BOSS"],"build_version":"2019-01-23","purchased_purges":3,"victory":true,"max_hp_per_floor":[88,88,88,88,88,88,93,93,93,93,93,93,93,93,93,93,93,93,93,93,93,93,93,103,103,103,103,103,103,108,108,108,108,108,108,108,108,108,108,108,108,108,108,108,108,108,108,108,108,108],"card_choices":[{"not_picked":["Wild Strike","Havoc"],"picked":"Armaments","floor":1},{"not_picked":["Body Slam","Perfected Strike"],"picked":"Disarm","floor":3},{"not_picked":["Entrench","Sever Soul","Clash"],"picked":"SKIP","floor":6},{"not_picked":["Sword Boomerang","Warcry","Entrench"],"picked":"Whirlwind","floor":8},{"not_picked":["Iron Wave","Perfected Strike","Pommel Strike"],"picked":"Offering","floor":10},{"not_picked":["Havoc","Headbutt","Corruption"],"picked":"Double Tap","floor":12},{"not_picked":["Thunderclap","Hemokinesis","Pommel Strike"],"picked":"Shrug It Off","floor":14},{"not_picked":["Fiend Fire","Offering","Double Tap"],"picked":"Reaper","floor":16},{"not_picked":["Reckless Charge"],"picked":"Clothesline","floor":18},{"not_picked":["Wild Strike"],"picked":"Thunderclap","floor":20},{"not_picked":["Intimidate","Havoc"],"picked":"SKIP","floor":22},{"not_picked":["Wild Strike"],"picked":"Disarm+1","floor":23},{"not_picked":["Anger"],"picked":"Headbutt","floor":25},{"not_picked":["Anger"],"picked":"Shrug It Off+1","floor":27},{"not_picked":["Bloodletting"],"picked":"Metallicize","floor":31},{"not_picked":["Dark Embrace"],"picked":"Juggernaut","floor":33},{"not_picked":["Flex"],"picked":"Second Wind","floor":35},{"not_picked":["Perfected Strike","Armaments"],"picked":"SKIP","floor":38},{"not_picked":["Twin Strike+1","Combust"],"picked":"SKIP","floor":40},{"not_picked":["Shockwave"],"picked":"Rage+1","floor":41},{"not_picked":["Armaments+1"],"picked":"True Grit+1","floor":42},{"not_picked":["Dual Wield"],"picked":"Metallicize+1","floor":46},{"not_picked":["Heavy Blade"],"picked":"Rage+1","floor":48}],"player_experience":930160,"relics_obtained":[{"floor":6,"key":"Question Card"},{"floor":9,"key":"Mercury Hourglass"},{"floor":10,"key":"Potion Belt"},{"floor":12,"key":"The Courier"},{"floor":23,"key":"Omamori"},{"floor":24,"key":"Pear"},{"floor":25,"key":"Vajra"},{"floor":39,"key":"War Paint"},{"floor":40,"key":"Paper Frog"},{"floor":42,"key":"Juzu Bracelet"},{"floor":43,"key":"Blood Vial"},{"floor":46,"key":"Old Coin"}],"event_choices":[{"cards_removed":["Strike_R"],"damage_healed":0,"gold_gain":0,"player_choice":"Card Removal","damage_taken":7,"max_hp_gain":0,"max_hp_loss":0,"event_name":"Golden Wing","floor":2,"gold_loss":0},{"damage_healed":22,"gold_gain":0,"player_choice":"Healed","damage_taken":0,"max_hp_gain":0,"max_hp_loss":0,"event_name":"The Cleric","floor":5,"gold_loss":35},{"damage_healed":0,"gold_gain":0,"player_choice":"Donut","damage_taken":0,"max_hp_gain":5,"max_hp_loss":0,"event_name":"Big Fish","floor":7,"gold_loss":0},{"damage_healed":0,"gold_gain":0,"player_choice":"Forge","damage_taken":0,"max_hp_gain":0,"max_hp_loss":0,"event_name":"Accursed Blacksmith","floor":13,"gold_loss":0,"cards_upgraded":["Armaments"]},{"damage_healed":0,"gold_gain":0,"cards_transformed":["Strike_R","Defend_R"],"player_choice":"Became Test Subject","damage_taken":0,"max_hp_gain":0,"max_hp_loss":0,"event_name":"Drug Dealer","floor":19,"gold_loss":0,"cards_obtained":["Berserk","Dark Embrace"]},{"damage_healed":0,"gold_gain":0,"player_choice":"Shed Blood","damage_taken":26,"max_hp_gain":5,"max_hp_loss":0,"event_name":"Forgotten Altar","floor":30,"gold_loss":0},{"cards_removed":["Strike_R"],"damage_healed":0,"gold_gain":0,"player_choice":"Purged","damage_taken":0,"max_hp_gain":0,"max_hp_loss":0,"event_name":"Purifier","floor":37,"gold_loss":0},{"damage_healed":0,"gold_gain":0,"player_choice":"Paid","damage_taken":0,"relics_obtained":["Red Mask"],"max_hp_gain":0,"max_hp_loss":0,"event_name":"Tomb of Lord Red Mask","floor":44,"gold_loss":176},{"damage_healed":0,"gold_gain":0,"player_choice":"2 cards matched","damage_taken":0,"max_hp_gain":0,"max_hp_loss":0,"event_name":"Match and Keep!","floor":45,"gold_loss":0,"cards_obtained":["Body Slam","Bash"]},{"damage_healed":0,"gold_gain":0,"player_choice":"Fight","damage_taken":0,"max_hp_gain":0,"max_hp_loss":0,"event_name":"Mysterious Sphere","floor":46,"gold_loss":0}],"is_beta":false,"boss_relics":[{"not_picked":["Snecko Eye","Mark of Pain"],"picked":"Busted Crown"},{"not_picked":["Runic Cube","Pandora\u0027s Box"],"picked":"Cursed Key"}],"items_purged_floors":[4,21,47],"is_endless":false,"potions_floor_spawned":[8,10,12,16,18,22,27,38,40,42],"ascension_level":6}