{"gold_per_floor":[18,34,49,49,49,49,49,49,49,89,103,103,122,47,47,168,168,186,205,205,205],"floor_reached":21,"playtime":1026,"items_purged":["Strike_G"],"score":242,"play_id":"b1353d50-4434-400c-a357-06fb21c80e9c","local_time":"20190529221515","is_ascension_mode":true,"campfire_choices":[{"data":"Cloak And Dagger","floor":6,"key":"SMITH"},{"floor":12,"key":"REST"},{"floor":15,"key":"REST"}],"neow_cost":"NO_GOLD","seed_source_timestamp":791709599925,"circlet_count":0,"master_deck":["Defend_G","Defend_G","Defend_G","Defend_G","Survivor","Neutralize","Accuracy","Cloak And Dagger+1","Accuracy","Deflect","Infinite Blades","Unload","Night Terror+1","Setup+1","Burst+1","Blur"],"relics":["Ring of the Snake","Golden Idol","Mercury Hourglass","Torii","Ginger","Astrolabe"],"potions_floor_usage":[10,18,21],"damage_taken":[{"damage":22,"enemies":"Jaw Worm","floor":1,"turns":9},{"damage":7,"enemies":"2 Louse","floor":2,"turns":4},{"damage":3,"enemies":"Small Slimes","floor":3,"turns":5},{"damage":2,"enemies":"Gremlin Nob","floor":10,"turns":4},{"damage":1,"enemies":"Looter","floor":11,"turns":3},{"damage":10,"enemies":"Exordium Thugs","floor":13,"turns":6},{"damage":23,"enemies":"Hexaghost","floor":16,"turns":12},{"damage":2,"enemies":"Shell Parasite","floor":18,"turns":5},{"damage":8,"enemies":"Spheric Guardian","floor":19,"turns":4},{"damage":24,"enemies":"Colosseum Slavers","floor":21,"turns":5},{"damage":49,"enemies":"Colosseum Nobs","floor":21,"turns":3}],"seed_played":"8662323004271646191","potions_obtained":[{"floor":1,"key":"SkillPotion"},{"floor":16,"key":"Fruit Juice"},{"floor":18,"key":"FearPotion"}],"is_trial":false,"path_per_floor":["M","M","M","?","?","R","?","T","T","E","M","R","M","$","R","B",null,"M","M","?","?"],"character_chosen":"THE_SILENT","items_purchased":[],"campfire_rested":2,"item_purchase_floors":[],"current_hp_per_floor":[41,34,31,31,31,31,24,24,24,22,21,42,32,32,53,30,60,63,55,55,0],"gold":205,"neow_bonus":"REMOVE_TWO","is_prod":false,"is_daily":false,"chose_seed":false,"campfire_upgraded":1,"win_rate":0,"timestamp":1559193315,"path_taken":["M","M","M","?","?","R","?","?","T","E","M","R","?","$","R","BOSS","M","M","?","?"],"build_version":"2019-01-23","purchased_purges":1,"victory":false,"max_hp_per_floor":[70,70,70,70,70,70,70,70,70,70,70,70,70,70,70,70,70,75,75,75,75],"card_choices":[{"not_picked":["Tactician","Deadly Poison"],"picked":"Accuracy","floor":1},{"not_picked":["Expertise","Dagger Throw"],"picked":"Cloak And Dagger","floor":2},{"not_picked":["Concentrate","Underhanded Strike"],"picked":"Accuracy","floor":3},{"not_picked":["Bane","Glass Knife"],"picked":"Deflect","floor":10},{"not_picked":["Prepared","Outmaneuver","Eviscerate"],"picked":"SKIP","floor":11},{"not_picked":["Endless Agony","Deadly Poison"],"picked":"Infinite Blades","floor":13},{"not_picked":["Glass Knife","Phantasmal Killer"],"picked":"Unload","floor":16},{"not_picked":["Underhanded Strike","Endless Agony","Slice"],"picked":"SKIP","floor":18},{"not_picked":["PiercingWail","Catalyst"],"picked":"Blur","floor":19}],"player_experience":317629,"relics_obtained":[{"floor":8,"key":"Mercury Hourglass"},{"floor":9,"key":"Torii"},{"floor":10,"key":"Ginger"}],"event_choices":[{"damage_healed":0,"gold_gain":0,"player_choice":"Take Wound","damage_taken":0,"relics_obtained":["Golden Idol"],"max_hp_gain":0,"max_hp_loss":0,"event_name":"Golden Idol","floor":4,"gold_loss":0,"cards_obtained":["Injury"]},{"damage_healed":0,"gold_gain":0,"player_choice":"Fled","damage_taken":0,"max_hp_gain":0,"max_hp_loss":0,"event_name":"Scrap Ooze","floor":5,"gold_loss":0},{"cards_removed":["Injury"],"damage_healed":0,"gold_gain":0,"player_choice":"Card Removal","damage_taken":7,"max_hp_gain":0,"max_hp_loss":0,"event_name":"Golden Wing","floor":7,"gold_loss":0},{"damage_healed":0,"gold_gain":0,"player_choice":"Ignored","damage_taken":0,"max_hp_gain":0,"max_hp_loss":0,"event_name":"Vampires","floor":20,"gold_loss":0},{"damage_healed":0,"gold_gain":0,"player_choice":"Fight","damage_taken":0,"max_hp_gain":0,"max_hp_loss":0,"event_name":"Colosseum","floor":21,"gold_loss":0},{"damage_healed":0,"gold_gain":0,"player_choice":"Fought Nobs","damage_taken":0,"max_hp_gain":0,"max_hp_loss":0,"event_name":"Colosseum","floor":21,"gold_loss":0}],"is_beta":false,"boss_relics":[{"not_picked":["Coffee Dripper","Runic Pyramid"],"picked":"Astrolabe"}],"items_purged_floors":[14],"is_endless":false,"potions_floor_spawned":[1,16,18,21],"killed_by":"Colosseum Nobs","ascension_level":7}