{"gold_per_floor":[117,128,47,60,74,74,92,92,92,92,108,108,108,139,139,244,244,254,271,286,286,0,0,30,44,116,116,116,116,132,132,132,132],"floor_reached":33,"playtime":1845,"items_purged":[],"score":267,"play_id":"d2f446ba-d228-4423-ae26-40b53f28c981","local_time":"20180724115659","is_ascension_mode":false,"campfire_choices":[{"data":"Self Repair","floor":6,"key":"SMITH"},{"data":"FTL","floor":8,"key":"SMITH"},{"data":"Zap","floor":10,"key":"SMITH"},{"data":"Heatsinks","floor":12,"key":"SMITH"},{"data":"Rainbow","floor":15,"key":"SMITH"},{"floor":23,"key":"REST"},{"floor":27,"key":"REST"},{"data":"Buffer","floor":29,"key":"SMITH"},{"data":"Conserve Battery","floor":32,"key":"SMITH"}],"neow_cost":"NONE","seed_source_timestamp":175974713996,"circlet_count":0,"master_deck":["Strike_B","Strike_B","Strike_B","Defend_B","Defend_B","Defend_B","Zap+1","FTL+1","Barrage","Self Repair+1","Redo","Conserve Battery+1","Rebound","Heatsinks+1","Rainbow+1","Buffer+1","FTL+1","BootSequence+1","White Noise+1","Sweeping Beam+1","Turbo","Redo+1","Reprogram+1","Hello World+1","Blizzard"],"relics":["Cracked Core","Kunai","Juzu Bracelet","Astrolabe","Frozen Egg 2","Bottled Flame"],"potions_floor_usage":[11,14,16,16,16,16,16,20,20,20,24,24,25],"damage_taken":[{"damage":9,"enemies":"2 Louse","floor":1,"turns":3},{"damage":1,"enemies":"Cultist","floor":2,"turns":3},{"damage":4,"enemies":"Small Slimes","floor":4,"turns":3},{"damage":7,"enemies":"2 Fungi Beasts","floor":5,"turns":4},{"damage":0,"enemies":"Looter","floor":7,"turns":4},{"damage":3,"enemies":"Blue Slaver","floor":11,"turns":3},{"damage":21,"enemies":"Gremlin Nob","floor":14,"turns":4},{"damage":15,"enemies":"Slime Boss","floor":16,"turns":13},{"damage":37,"enemies":"Shell Parasite","floor":18,"turns":6},{"damage":28,"enemies":"2 Thieves","floor":19,"turns":5},{"damage":13,"enemies":"Chosen and Byrds","floor":20,"turns":6},{"damage":44,"enemies":"Gremlin Leader","floor":24,"turns":7},{"damage":1,"enemies":"Snecko","floor":25,"turns":6},{"damage":23,"enemies":"Cultist and Chosen","floor":30,"turns":6},{"damage":79,"enemies":"Automaton","floor":33,"turns":12}],"seed_played":"2381921795424663315","potions_obtained":[{"floor":11,"key":"Regen Potion"},{"floor":14,"key":"SkillPotion"},{"floor":16,"key":"LiquidBronze"},{"floor":18,"key":"EntropicBrew"},{"floor":20,"key":"FocusPotion"}],"is_trial":false,"path_per_floor":["M","M","$","M","M","R","M","R","T","R","M","R","?","E","R","B",null,"M","M","M","?","?","R","E","M","T","R","?","R","M","?","R"],"character_chosen":"DEFECT","items_purchased":["Self Repair"],"campfire_rested":2,"item_purchase_floors":[3],"current_hp_per_floor":[66,65,65,68,68,68,75,75,75,75,75,75,75,64,64,70,75,48,37,34,34,34,56,22,31,31,53,75,75,62,62,62,0],"gold":132,"neow_bonus":"THREE_SMALL_POTIONS","is_prod":false,"is_daily":false,"chose_seed":false,"campfire_upgraded":7,"win_rate":0,"timestamp":1532404619,"path_taken":["M","M","$","M","M","R","M","R","T","R","M","R","?","E","R","BOSS","M","M","M","?","?","R","E","M","T","R","?","R","M","?","R","BOSS"],"build_version":"2018-07-19v2","purchased_purges":0,"victory":false,"max_hp_per_floor":[75,75,75,75,75,75,75,75,75,75,75,75,75,75,75,75,75,75,75,75,75,75,75,75,75,75,75,75,75,75,75,75,75],"card_choices":[{"not_picked":["Rebound","Gash"],"picked":"FTL","floor":1},{"not_picked":["Compile Driver","Static Discharge"],"picked":"Barrage","floor":2},{"not_picked":["Stack","Conserve Battery"],"picked":"Redo","floor":4},{"not_picked":["Reprogram","Stack"],"picked":"Conserve Battery","floor":5},{"not_picked":["Steam","Scrape"],"picked":"Rebound","floor":7},{"not_picked":["Rip and Tear","Gash"],"picked":"Heatsinks","floor":11},{"not_picked":["Doom and Gloom","Barrage"],"picked":"Rainbow","floor":14},{"not_picked":["Biased Cognition","Reboot"],"picked":"Buffer","floor":16},{"not_picked":["Conserve Battery","Coolheaded"],"picked":"Sweeping Beam+1","floor":18},{"not_picked":["Rebound","Coolheaded"],"picked":"Turbo","floor":19},{"not_picked":["Conserve Battery","Turbo"],"picked":"Redo+1","floor":20},{"not_picked":["Sunder","Beam Cell"],"picked":"Reprogram+1","floor":24},{"not_picked":["Steam+1","Hologram"],"picked":"Hello World+1","floor":25},{"not_picked":["Chaos","Biased Cognition+1"],"picked":"Blizzard","floor":30}],"player_experience":157427,"relics_obtained":[{"floor":9,"key":"Kunai"},{"floor":14,"key":"Juzu Bracelet"},{"floor":24,"key":"Frozen Egg 2"},{"floor":26,"key":"Bottled Flame"}],"event_choices":[{"event_name":"Purifier","player_choice":"Skipped","floor":13,"damage_taken":0},{"event_name":"Beggar","player_choice":"Ignored","floor":21,"damage_taken":0},{"event_name":"Masked Bandits","player_choice":"Paid Bandits 286 gold","floor":22,"damage_taken":0},{"event_name":"The Library","player_choice":"Heal","floor":28,"damage_taken":0},{"event_name":"Ghosts","player_choice":"Ignored","floor":31,"damage_taken":0}],"is_beta":false,"boss_relics":[{"not_picked":["Runic Dome","FrozenCore"],"picked":"Astrolabe"}],"items_purged_floors":[],"is_endless":false,"potions_floor_spawned":[1,7,11,14,16,18,20],"killed_by":"Automaton","ascension_level":0}