{"gold_per_floor":[113,113,178,198,198,198,226,226,226,226,236,236,263,279,279,377,377,389,399,489,59,70,99,99,99,99,125,125,152,152,77,77,177,177,194,174,190,200,44,44,64,64,88,102,114,134,134,150,150,150],"floor_reached":51,"playtime":5177,"items_purged":["Strike_B"],"score":1133,"play_id":"e99130ab-4050-438c-b895-3849c3c5b22f","local_time":"20190507123221","is_ascension_mode":true,"campfire_choices":[{"data":"Reinforced Body","floor":6,"key":"SMITH"},{"data":"Machine Learning","floor":8,"key":"SMITH"},{"data":"Dualcast","floor":10,"key":"SMITH"},{"data":"Barrage","floor":15,"key":"SMITH"},{"data":"Apotheosis","floor":24,"key":"SMITH"},{"floor":28,"key":"REST"},{"data":"White Noise","floor":30,"key":"SMITH"},{"data":"Glacier","floor":32,"key":"SMITH"},{"data":"Seek","floor":40,"key":"SMITH"},{"data":"BootSequence","floor":42,"key":"SMITH"},{"data":"Buffer","floor":49,"key":"SMITH"}],"neow_cost":"NONE","seed_source_timestamp":906092345150396,"circlet_count":0,"master_deck":["Strike_B+1","Defend_B","Defend_B","Defend_B","Defend_B","Zap+1","Dualcast+1","Melter+1","Reinforced Body+1","Machine Learning+1","Glacier+1","Barrage+1","Rebound","Electrodynamics","Fusion+1","BootSequence+1","Apotheosis+1","Conserve Battery","Double Energy","Consume","White Noise+1","Seek+1","Chill+1","Loop+1","Buffer+1","Dark Shackles"],"relics":["Cracked Core","NeowsBlessing","Thread and Needle","Dodecahedron","Oddly Smooth Stone","Whetstone","Eternal Feather","Bottled Lightning","Molten Egg 2","Gambling Chip","Bird Faced Urn","Cables","Inserter","DataDisk","Omamori"],"potions_floor_usage":[23,33,33,38,48,50,50],"damage_taken":[{"damage":0,"enemies":"Jaw Worm","floor":1,"turns":1},{"damage":0,"enemies":"Small Slimes","floor":4,"turns":1},{"damage":0,"enemies":"Gremlin Nob","floor":7,"turns":1},{"damage":0,"enemies":"2 Louse","floor":11,"turns":2},{"damage":0,"enemies":"3 Sentries","floor":13,"turns":9},{"damage":7,"enemies":"Looter","floor":14,"turns":2},{"damage":1,"enemies":"The Guardian","floor":16,"turns":11},{"damage":0,"enemies":"Spheric Guardian","floor":18,"turns":2},{"damage":0,"enemies":"Chosen","floor":19,"turns":4},{"damage":3,"enemies":"Centurion and Healer","floor":22,"turns":6},{"damage":27,"enemies":"Book of Stabbing","floor":23,"turns":6},{"damage":2,"enemies":"Gremlin Leader","floor":27,"turns":7},{"damage":26,"enemies":"Book of Stabbing","floor":29,"turns":10},{"damage":50,"enemies":"Champ","floor":33,"turns":15},{"damage":0,"enemies":"3 Shapes","floor":35,"turns":4},{"damage":0,"enemies":"Orb Walker","floor":37,"turns":4},{"damage":3,"enemies":"Transient","floor":38,"turns":5},{"damage":0,"enemies":"3 Darklings","floor":41,"turns":2},{"damage":1,"enemies":"Jaw Worm Horde","floor":44,"turns":3},{"damage":2,"enemies":"Sphere and 2 Shapes","floor":45,"turns":3},{"damage":13,"enemies":"Spire Growth","floor":46,"turns":6},{"damage":0,"enemies":"Writhing Mass","floor":48,"turns":7},{"damage":0,"enemies":"Awakened One","floor":50,"turns":18}],"seed_played":"4676999595368706684","potions_obtained":[{"floor":7,"key":"Dexterity Potion"},{"floor":13,"key":"LiquidBronze"},{"floor":14,"key":"SkillPotion"},{"floor":19,"key":"FocusPotion"},{"floor":22,"key":"Ancient Potion"},{"floor":27,"key":"FearPotion"},{"floor":35,"key":"SpeedPotion"},{"floor":36,"key":"FearPotion"},{"floor":41,"key":"SkillPotion"},{"floor":46,"key":"Poison Potion"}],"is_trial":false,"path_per_floor":["M","?","?","M","?","R","E","R","T","R","M","T","E","M","R","B",null,"M","M","?","$","M","E","R","?","T","E","R","E","R","$","R","B",null,"M","?","M","M","$","R","M","R","T","M","M","M","?","M","R","B",null],"character_chosen":"DEFECT","items_purchased":["Apotheosis","Bottled Lightning","DataDisk"],"campfire_rested":1,"item_purchase_floors":[21,21,39],"current_hp_per_floor":[68,68,68,68,68,68,68,68,68,68,68,68,68,61,61,60,71,71,71,57,57,54,27,39,39,39,37,71,49,61,61,73,25,63,67,67,73,74,74,75,75,75,75,74,75,64,64,74,75,75],"gold":150,"neow_bonus":"THREE_ENEMY_KILL","is_prod":false,"is_daily":false,"chose_seed":false,"campfire_upgraded":10,"win_rate":0,"timestamp":1557203541,"path_taken":["M","?","?","M","?","R","E","R","T","R","M","?","E","?","R","BOSS","M","?","?","$","?","E","R","?","T","E","R","E","R","$","R","BOSS","M","?","?","M","$","R","M","R","T","?","M","M","?","M","R","BOSS"],"build_version":"2019-01-23","purchased_purges":1,"victory":true,"max_hp_per_floor":[75,75,75,75,75,75,75,75,75,75,75,75,75,75,75,75,75,75,75,75,75,75,75,75,75,75,75,75,75,75,75,75,75,75,75,75,75,75,75,75,75,75,75,75,75,75,75,75,75,75],"card_choices":[{"not_picked":["Cold Snap","Steam"],"picked":"Melter","floor":1},{"not_picked":["Streamline","Coolheaded"],"picked":"Reinforced Body","floor":4},{"not_picked":["Auto Shields","Sunder"],"picked":"Machine Learning","floor":7},{"not_picked":["Hologram","Stack"],"picked":"Glacier","floor":11},{"not_picked":["Biased Cognition","Leap"],"picked":"Barrage","floor":13},{"not_picked":["Cold Snap","Darkness"],"picked":"Rebound","floor":14},{"not_picked":["Echo Form","Creative AI"],"picked":"Electrodynamics","floor":16},{"not_picked":["Go for the Eyes+1","Compile Driver"],"picked":"Fusion+1","floor":18},{"not_picked":["Rip and Tear","Redo"],"picked":"BootSequence","floor":19},{"not_picked":["Turbo","Lockon","White Noise"],"picked":"SKIP","floor":22},{"not_picked":["Gash","Ball Lightning"],"picked":"Conserve Battery","floor":23},{"not_picked":["Leap","Steam","Barrage+1"],"picked":"SKIP","floor":27},{"not_picked":["Rainbow","Reprogram"],"picked":"White Noise","floor":29},{"not_picked":["Hyperbeam+1","Reboot"],"picked":"Seek","floor":33},{"not_picked":["Steam Power+1","Cold Snap+1"],"picked":"Chill+1","floor":35},{"not_picked":["Barrage+1","Turbo","Compile Driver+1"],"picked":"SKIP","floor":37},{"not_picked":["Skim+1","Hologram","Barrage+1"],"picked":"SKIP","floor":38},{"not_picked":["Coolheaded","Genetic Algorithm+1"],"picked":"Loop+1","floor":41},{"not_picked":["Ball Lightning+1","Heatsinks+1","Redo"],"picked":"SKIP","floor":44},{"not_picked":["Coolheaded","Gash+1","Stack"],"picked":"SKIP","floor":45},{"not_picked":["Leap+1","Ball Lightning+1"],"picked":"Buffer","floor":46},{"not_picked":["Secret Weapon","Secret Technique"],"picked":"Dark Shackles","floor":47},{"not_picked":["Ball Lightning+1","Redo","Sweeping Beam+1"],"picked":"SKIP","floor":48}],"player_experience":867250,"relics_obtained":[{"floor":7,"key":"Thread and Needle"},{"floor":9,"key":"Dodecahedron"},{"floor":12,"key":"Oddly Smooth Stone"},{"floor":13,"key":"Whetstone"},{"floor":23,"key":"Molten Egg 2"},{"floor":26,"key":"Gambling Chip"},{"floor":27,"key":"Bird Faced Urn"},{"floor":29,"key":"Cables"},{"floor":43,"key":"Omamori"}],"event_choices":[{"damage_healed":0,"gold_gain":0,"player_choice":"Grow","damage_taken":0,"max_hp_gain":0,"max_hp_loss":0,"event_name":"Living Wall","floor":2,"gold_loss":0,"cards_upgraded":["Zap"]},{"damage_healed":0,"gold_gain":65,"player_choice":"Gained Gold","damage_taken":0,"max_hp_gain":0,"max_hp_loss":0,"event_name":"Golden Wing","floor":3,"gold_loss":0},{"damage_healed":0,"gold_gain":0,"player_choice":"Ignored","damage_taken":0,"max_hp_gain":0,"max_hp_loss":0,"event_name":"Liars Game","floor":5,"gold_loss":0},{"damage_healed":0,"gold_gain":90,"player_choice":"GOLD ","damage_taken":14,"max_hp_gain":0,"max_hp_loss":0,"event_name":"Knowing Skull","floor":20,"potions_obtained":[],"gold_loss":0,"cards_obtained":[]},{"damage_healed":0,"gold_gain":0,"cards_transformed":["Strike_B","Strike_B"],"player_choice":"Became Test Subject","damage_taken":0,"max_hp_gain":0,"max_hp_loss":0,"event_name":"Drug Dealer","floor":25,"gold_loss":0,"cards_obtained":["Double Energy","Consume"]},{"damage_healed":0,"gold_gain":0,"player_choice":"Bought 1 Potion","damage_taken":0,"max_hp_gain":0,"max_hp_loss":0,"event_name":"The Woman in Blue","floor":36,"gold_loss":0},{"damage_healed":0,"gold_gain":0,"player_choice":"Memory 1","damage_taken":0,"max_hp_gain":0,"max_hp_loss":0,"event_name":"SensoryStone","floor":47,"gold_loss":0}],"is_beta":false,"boss_relics":[{"not_picked":["Calling Bell","White Beast Statue"],"picked":"Eternal Feather"},{"not_picked":["Sozu","Runic Dome"],"picked":"Inserter"}],"items_purged_floors":[31],"is_endless":false,"potions_floor_spawned":[7,13,14,19,22,27,35,41,46],"ascension_level":7}