{"gold_per_floor":[112,124,135,135,151,151,163,163,163,196,149,168,93,93,93,192,192,207,207,207,219,238,238,250,250,250,133,0,0,0,10,10,105,105,124,74,74,74,0,0,17,17,17,17,17,17,17,17,17,17],"floor_reached":51,"playtime":2733,"items_purged":[],"score":668,"play_id":"e1b5f4cf-7aec-4df2-a302-866bb730bc17","local_time":"20181022220318","is_ascension_mode":false,"campfire_choices":[{"data":"Loop","floor":6,"key":"SMITH"},{"data":"Zap","floor":8,"key":"SMITH"},{"floor":15,"key":"REST"},{"floor":23,"key":"REST"},{"floor":25,"key":"REST"},{"floor":32,"key":"REST"},{"floor":40,"key":"REST"},{"floor":42,"key":"REST"},{"data":"Self Repair","floor":44,"key":"SMITH"},{"data":"Echo Form","floor":45,"key":"SMITH"},{"floor":47,"key":"REST"},{"floor":49,"key":"REST"}],"neow_cost":"NONE","seed_source_timestamp":607854622546715,"circlet_count":0,"master_deck":["Strike_B+1","Strike_B+1","Strike_B+1","Strike_B+1","Defend_B+1","Defend_B+1","Zap+1","Dualcast+1","Leap+1","Coolheaded+1","Cold Snap+1","Compile Driver+1","Loop+1","Conserve Battery+1","Capacitor+1","Go for the Eyes+1","Conserve Battery+1","Melter+1","All For One+1","Genetic Algorithm+1","Auto Shields+1","Redo+1","Conserve Battery+1","Sunder+1","Self Repair+1","FTL+1","Echo Form+1","Storm+1","Conserve Battery+1","Aggregate+1"],"relics":["Cracked Core","Mercury Hourglass","Ice Cream","Pocketwatch","White Beast Statue","Pantograph","WingedGreaves","Empty Cage","Red Mask","Darkstone Periapt","Mark of the Bloom"],"potions_floor_usage":[18,22,24,33,33,33,38,50],"damage_taken":[{"damage":0,"enemies":"Jaw Worm","floor":1,"turns":4},{"damage":0,"enemies":"Cultist","floor":2,"turns":4},{"damage":0,"enemies":"Small Slimes","floor":3,"turns":2},{"damage":2,"enemies":"Red Slaver","floor":5,"turns":3},{"damage":6,"enemies":"2 Fungi Beasts","floor":7,"turns":3},{"damage":9,"enemies":"3 Sentries","floor":10,"turns":6},{"damage":0,"enemies":"Large Slime","floor":12,"turns":4},{"damage":14,"enemies":"Hexaghost","floor":16,"turns":13},{"damage":26,"enemies":"2 Thieves","floor":18,"turns":4},{"damage":24,"enemies":"Colosseum Slavers","floor":20,"turns":5},{"damage":3,"enemies":"Chosen","floor":21,"turns":6},{"damage":14,"enemies":"Snake Plant","floor":22,"turns":6},{"damage":10,"enemies":"Centurion and Healer","floor":24,"turns":7},{"damage":5,"enemies":"Cultist and Chosen","floor":31,"turns":7},{"damage":52,"enemies":"Collector","floor":33,"turns":15},{"damage":24,"enemies":"Orb Walker","floor":35,"turns":5},{"damage":0,"enemies":"3 Darklings","floor":38,"turns":1},{"damage":28,"enemies":"Spire Growth","floor":41,"turns":7},{"damage":72,"enemies":"Awakened One","floor":50,"turns":19}],"seed_played":"-7762622752688544204","potions_obtained":[{"floor":2,"key":"LiquidBronze"},{"floor":5,"key":"Poison Potion"},{"floor":18,"key":"FearPotion"},{"floor":21,"key":"Energy Potion"},{"floor":22,"key":"LiquidBronze"},{"floor":24,"key":"Strength Potion"},{"floor":31,"key":"Explosive Potion"},{"floor":33,"key":"Ancient Potion"},{"floor":35,"key":"Energy Potion"},{"floor":37,"key":"SmokeBomb"},{"floor":37,"key":"SmokeBomb"},{"floor":41,"key":"Weak Potion"}],"is_trial":false,"path_per_floor":["M","M","M","?","M","R","M","R","T","E","$","M","$","?","R","B",null,"M","?","?","M","M","R","M","R","T","$","?","$","?","M","R","B",null,"M","$","?","M","?","R","M","R","T","R","R","?","R","$","R","B"],"character_chosen":"DEFECT","items_purchased":["Go for the Eyes","Melter","Sunder","Self Repair","Conserve Battery"],"campfire_rested":8,"item_purchase_floors":[11,13,27,27,36],"current_hp_per_floor":[75,75,75,75,73,73,67,67,67,58,58,58,58,58,75,61,75,49,49,25,22,8,30,20,42,42,42,42,42,42,44,66,23,75,58,58,58,58,58,75,54,75,75,75,75,75,75,75,75,3],"gold":17,"neow_bonus":"THREE_CARDS","is_prod":false,"is_daily":false,"chose_seed":false,"campfire_upgraded":4,"win_rate":0,"timestamp":1540216998,"path_taken":["M","M","M","?","M","R","?","R","T","E","$","M","?","?","R","BOSS","M","?","?","M","?","R","M","R","T","?","?","$","?","M","R","BOSS","M","$","?","M","?","R","?","R","T","R","R","?","R","?","R","BOSS"],"build_version":"2018-10-18","purchased_purges":0,"victory":true,"max_hp_per_floor":[75,75,75,75,75,75,75,75,75,75,75,75,75,75,75,75,75,75,75,75,75,75,75,75,75,75,75,75,75,75,75,75,75,75,75,75,75,75,75,75,75,75,75,75,75,75,75,75,75,75],"card_choices":[{"not_picked":["Turbo","Rebound"],"picked":"Leap","floor":0},{"not_picked":["Beam Cell","Turbo"],"picked":"Coolheaded","floor":1},{"not_picked":["Barrage","Redo"],"picked":"Cold Snap","floor":2},{"not_picked":["Ball Lightning","Stack"],"picked":"Compile Driver","floor":3},{"not_picked":["Undo","Redo"],"picked":"Loop","floor":5},{"not_picked":["Sweeping Beam","Steam"],"picked":"Conserve Battery","floor":7},{"not_picked":["Streamline","All For One"],"picked":"Capacitor","floor":10},{"not_picked":["Reinforced Body","Hologram"],"picked":"Conserve Battery","floor":12},{"not_picked":["Biased Cognition","Buffer"],"picked":"All For One","floor":16},{"not_picked":["Coolheaded","Leap"],"picked":"Genetic Algorithm","floor":18},{"not_picked":["Lockon","Ball Lightning"],"picked":"Auto Shields+1","floor":21},{"not_picked":["Lockon","Recycle"],"picked":"Redo+1","floor":22},{"not_picked":["Hello World+1","Steam"],"picked":"Conserve Battery","floor":24},{"not_picked":["Turbo","Glacier+1"],"picked":"FTL","floor":31},{"not_picked":["Electrodynamics","All For One"],"picked":"Echo Form","floor":33},{"not_picked":["Leap","BootSequence"],"picked":"Storm+1","floor":35},{"not_picked":["Turbo+1","Lockon"],"picked":"Aggregate+1","floor":41}],"player_experience":389636,"relics_obtained":[{"floor":9,"key":"Ice Cream"},{"floor":10,"key":"Pocketwatch"},{"floor":26,"key":"Pantograph"},{"floor":30,"key":"WingedGreaves"},{"floor":43,"key":"Darkstone Periapt"}],"event_choices":[{"damage_healed":0,"gold_gain":0,"player_choice":"Gave Potion","damage_taken":0,"relics_obtained":["Mercury Hourglass"],"max_hp_gain":0,"max_hp_loss":0,"event_name":"WeMeetAgain","floor":4,"gold_loss":0},{"damage_healed":0,"gold_gain":0,"player_choice":"Leave","damage_taken":0,"max_hp_gain":0,"max_hp_loss":0,"event_name":"FaceTrader","floor":14,"gold_loss":0},{"damage_healed":0,"gold_gain":0,"player_choice":"Ignored","damage_taken":0,"max_hp_gain":0,"max_hp_loss":0,"event_name":"Vampires","floor":19,"gold_loss":0},{"damage_healed":0,"gold_gain":0,"player_choice":"Fight","damage_taken":0,"max_hp_gain":0,"max_hp_loss":0,"event_name":"Colosseum","floor":20,"gold_loss":0},{"damage_healed":0,"gold_gain":0,"player_choice":"Fled From Nobs","damage_taken":0,"max_hp_gain":0,"max_hp_loss":0,"event_name":"Colosseum","floor":20,"gold_loss":0},{"damage_healed":0,"gold_gain":0,"player_choice":"Paid Fearfully","damage_taken":0,"max_hp_gain":0,"max_hp_loss":0,"event_name":"Masked Bandits","floor":28,"gold_loss":133},{"damage_healed":0,"gold_gain":0,"player_choice":"Relic","damage_taken":0,"max_hp_gain":0,"max_hp_loss":0,"event_name":"Wheel of Change","floor":30,"gold_loss":0},{"damage_healed":0,"gold_gain":0,"player_choice":"Got Potions","damage_taken":0,"max_hp_gain":0,"max_hp_loss":0,"event_name":"The Lab","floor":37,"gold_loss":0},{"damage_healed":0,"gold_gain":0,"player_choice":"Paid","damage_taken":0,"relics_obtained":["Red Mask"],"max_hp_gain":0,"max_hp_loss":0,"event_name":"Tomb of Lord Red Mask","floor":39,"gold_loss":74},{"damage_healed":0,"gold_gain":0,"player_choice":"Upgrade","damage_taken":0,"relics_obtained":["Mark of the Bloom"],"max_hp_gain":0,"max_hp_loss":0,"event_name":"MindBloom","floor":46,"gold_loss":0,"cards_upgraded":["Strike_B","Strike_B","Strike_B","Strike_B","Defend_B","Defend_B","Dualcast","Leap","Coolheaded","Cold Snap","Compile Driver","Conserve Battery","Capacitor","Go for the Eyes","Conserve Battery","Melter","All For One","Genetic Algorithm","Conserve Battery","Sunder","FTL","Conserve Battery"]}],"is_beta":false,"boss_relics":[{"not_picked":["Ectoplasm","Pandora\u0027s Box"],"picked":"White Beast Statue"},{"not_picked":["Velvet Choker","Calling Bell"],"picked":"Empty Cage"}],"items_purged_floors":[],"is_endless":false,"potions_floor_spawned":[2,5,18,20,21,22,24,31,33,35,38,41],"ascension_level":0}