{"gold_per_floor":[116,116,116,130,130,21,0,32,32,32,46,65,65,77,77,179,179,194,204,204,221,221,221,237,237,264,281,281,52,65,65,65,65],"floor_reached":33,"playtime":1068,"items_purged":[],"score":346,"play_id":"7962a6d4-283b-4d05-bb24-4844814130e4","local_time":"20190507130756","is_ascension_mode":true,"campfire_choices":[{"data":"Defragment","floor":13,"key":"SMITH"},{"floor":15,"key":"REST"},{"floor":23,"key":"REST"},{"data":"Barrage","floor":25,"key":"SMITH"},{"data":"Seek","floor":28,"key":"SMITH"},{"floor":32,"key":"REST"}],"neow_cost":"NONE","seed_source_timestamp":912347485249214,"circlet_count":0,"master_deck":["Strike_B","Strike_B","Strike_B","Defend_B","Defend_B","Defend_B","Defend_B","Zap+1","Dualcast","Conserve Battery","Defragment+1","Gash","Glacier","Go for the Eyes","Barrage+1","Ball Lightning","Electrodynamics","Seek+1","Gash","Darkness+1","Compile Driver","Core Surge","Flash of Steel","Rebound+1"],"relics":["Cracked Core","Vajra","Blue Candle","Singing Bowl","Nuclear Battery","Bag of Marbles"],"potions_floor_usage":[16,33,33],"damage_taken":[{"damage":0,"enemies":"Small Slimes","floor":1,"turns":3},{"damage":7,"enemies":"Jaw Worm","floor":4,"turns":2},{"damage":4,"enemies":"3 Sentries","floor":8,"turns":8},{"damage":0,"enemies":"Cultist","floor":11,"turns":3},{"damage":11,"enemies":"Large Slime","floor":12,"turns":6},{"damage":18,"enemies":"Lots of Slimes","floor":14,"turns":3},{"damage":16,"enemies":"Hexaghost","floor":16,"turns":9},{"damage":13,"enemies":"Chosen","floor":18,"turns":4},{"damage":6,"enemies":"2 Thieves","floor":19,"turns":3},{"damage":27,"enemies":"Snecko","floor":21,"turns":7},{"damage":0,"enemies":"3 Cultists","floor":24,"turns":5},{"damage":6,"enemies":"Snake Plant","floor":27,"turns":3},{"damage":14,"enemies":"Shelled Parasite and Fungi","floor":30,"turns":6},{"damage":62,"enemies":"Champ","floor":33,"turns":10}],"seed_played":"-212836133365519114","potions_obtained":[{"floor":4,"key":"FocusPotion"},{"floor":8,"key":"Energy Potion"},{"floor":11,"key":"PowerPotion"},{"floor":21,"key":"SpeedPotion"},{"floor":27,"key":"SkillPotion"}],"is_trial":false,"path_per_floor":["M","?","?","M","?","$","?","E","T","$","M","M","R","M","R","B",null,"M","M","?","M","?","R","M","R","T","M","R","$","M","$","R","B"],"character_chosen":"DEFECT","items_purchased":["Gash","Glacier","Core Surge","Flash of Steel"],"campfire_rested":3,"item_purchase_floors":[6,6,29,29],"current_hp_per_floor":[68,68,68,61,61,61,61,57,57,57,57,46,46,28,50,34,65,54,48,48,21,21,44,46,46,46,40,40,40,26,26,49,0],"gold":65,"neow_bonus":"RANDOM_COMMON_RELIC","is_prod":false,"is_daily":false,"chose_seed":false,"campfire_upgraded":3,"win_rate":0,"timestamp":1557205676,"path_taken":["M","?","?","M","?","$","?","E","T","$","M","M","R","M","R","BOSS","M","M","?","?","?","R","M","R","T","?","R","$","?","$","R","BOSS"],"build_version":"2019-01-23","purchased_purges":0,"victory":false,"max_hp_per_floor":[75,75,75,75,75,75,75,75,75,75,75,75,75,75,75,75,75,77,77,77,77,77,77,79,79,79,79,79,79,79,79,79,79],"card_choices":[{"not_picked":["Steam","Turbo"],"picked":"Conserve Battery","floor":1},{"not_picked":["Barrage","Stack"],"picked":"Defragment","floor":4},{"not_picked":["Thunder Strike","Undo"],"picked":"Go for the Eyes","floor":8},{"not_picked":["Defragment","Conserve Battery"],"picked":"Barrage","floor":11},{"not_picked":["Turbo","Sunder"],"picked":"Ball Lightning","floor":12},{"not_picked":["Doom and Gloom","Conserve Battery"],"picked":"Electrodynamics","floor":14},{"not_picked":["Multi-Cast","Creative AI"],"picked":"Seek","floor":16},{"not_picked":["Beam Cell","Go for the Eyes","Aggregate+1"],"picked":"Singing Bowl","floor":18},{"not_picked":["Darkness","Beam Cell"],"picked":"Gash","floor":19},{"not_picked":["Lockon","Conserve Battery"],"picked":"Darkness+1","floor":21},{"not_picked":["Cold Snap","Turbo","Ball Lightning+1"],"picked":"Singing Bowl","floor":24},{"not_picked":["Steam Power","Heatsinks"],"picked":"Compile Driver","floor":27},{"not_picked":["Streamline","Leap"],"picked":"Rebound+1","floor":30}],"player_experience":872427,"relics_obtained":[{"floor":8,"key":"Blue Candle"},{"floor":9,"key":"Singing Bowl"},{"floor":26,"key":"Bag of Marbles"}],"event_choices":[{"damage_healed":0,"gold_gain":0,"player_choice":"Grow","damage_taken":0,"max_hp_gain":0,"max_hp_loss":0,"event_name":"Living Wall","floor":2,"gold_loss":0,"cards_upgraded":["Zap"]},{"damage_healed":0,"gold_gain":0,"player_choice":"Ignored","damage_taken":0,"max_hp_gain":0,"max_hp_loss":0,"event_name":"Shining Light","floor":3,"gold_loss":0},{"damage_healed":0,"gold_gain":0,"player_choice":"Ignored","damage_taken":0,"max_hp_gain":0,"max_hp_loss":0,"event_name":"Golden Idol","floor":5,"gold_loss":0},{"damage_healed":0,"gold_gain":0,"player_choice":"Left Gold","damage_taken":0,"max_hp_gain":0,"max_hp_loss":0,"event_name":"World of Goop","floor":7,"gold_loss":21},{"cards_removed":["Strike_B"],"damage_healed":0,"gold_gain":0,"player_choice":"Offered Basic","damage_taken":0,"max_hp_gain":0,"max_hp_loss":0,"event_name":"Bonfire Elementals","floor":20,"gold_loss":0},{"damage_healed":0,"gold_gain":0,"player_choice":"0 cards matched","damage_taken":0,"max_hp_gain":0,"max_hp_loss":0,"event_name":"Match and Keep!","floor":22,"gold_loss":0,"cards_obtained":[]}],"is_beta":false,"boss_relics":[{"not_picked":["Lizard Tail","Runic Pyramid"],"picked":"Nuclear Battery"}],"items_purged_floors":[],"is_endless":false,"potions_floor_spawned":[4,8,11,14,21,27],"killed_by":"Champ","ascension_level":8}