{"gold_per_floor":[18,18,33,43,61,61,77,90,90,110,110,35,70,70,70,70],"floor_reached":16,"playtime":490,"items_purged":[],"score":140,"play_id":"d7d96fa4-598a-4640-99b4-41a57872709f","local_time":"20190503150328","is_ascension_mode":true,"campfire_choices":[{"data":"Redo","floor":6,"key":"SMITH"},{"floor":11,"key":"REST"},{"floor":15,"key":"REST"}],"neow_cost":"NO_GOLD","seed_source_timestamp":574244447927261,"circlet_count":0,"master_deck":["Strike_B","Strike_B","Defend_B","Defend_B","Defend_B","Defend_B","Zap","Dualcast","Redo+1","White Noise","Undo","Go for the Eyes","Chaos","Genetic Algorithm","Conserve Battery","Steam","Cold Snap","Recycle"],"relics":["Cracked Core","Boot","Ginger"],"potions_floor_usage":[7,13,16],"damage_taken":[{"damage":5,"enemies":"2 Louse","floor":1,"turns":2},{"damage":1,"enemies":"Cultist","floor":3,"turns":3},{"damage":0,"enemies":"Small Slimes","floor":4,"turns":3},{"damage":20,"enemies":"Exordium Wildlife","floor":5,"turns":5},{"damage":7,"enemies":"Large Slime","floor":7,"turns":4},{"damage":6,"enemies":"Blue Slaver","floor":8,"turns":3},{"damage":14,"enemies":"Exordium Thugs","floor":10,"turns":6},{"damage":17,"enemies":"3 Sentries","floor":13,"turns":11},{"damage":18,"enemies":"The Guardian","floor":16,"turns":3}],"seed_played":"-8334622836365347918","potions_obtained":[{"floor":5,"key":"Explosive Potion"},{"floor":7,"key":"Strength Potion"},{"floor":10,"key":"Swift Potion"}],"is_trial":false,"path_per_floor":["M","?","M","M","M","R","M","M","T","M","R","$","E","?","R","B"],"character_chosen":"DEFECT","items_purchased":["Block Potion","Cold Snap"],"campfire_rested":2,"item_purchase_floors":[12,12],"current_hp_per_floor":[63,63,62,62,42,42,35,29,29,15,37,37,20,20,42,24],"gold":70,"neow_bonus":"REMOVE_TWO","is_prod":false,"is_daily":false,"chose_seed":false,"campfire_upgraded":1,"win_rate":0,"timestamp":1556867008,"path_taken":["M","?","M","?","?","R","M","M","T","M","R","$","E","?","R","BOSS"],"build_version":"2019-01-23","purchased_purges":0,"victory":false,"max_hp_per_floor":[75,75,75,75,75,75,75,75,75,75,75,75,75,75,75,75],"card_choices":[{"not_picked":["Conserve Battery","Sunder"],"picked":"Redo","floor":1},{"not_picked":["White Noise","Steam"],"picked":"Undo","floor":3},{"not_picked":["Turbo","Conserve Battery"],"picked":"Go for the Eyes","floor":4},{"not_picked":["Streamline","Steam"],"picked":"Chaos","floor":5},{"not_picked":["Conserve Battery","Rebound"],"picked":"Genetic Algorithm","floor":7},{"not_picked":["Barrage","Gash"],"picked":"Conserve Battery","floor":8},{"not_picked":["Redo","Multi-Cast"],"picked":"Steam","floor":10},{"not_picked":["Aggregate","Skim"],"picked":"Recycle","floor":13}],"player_experience":849644,"relics_obtained":[{"floor":9,"key":"Boot"},{"floor":13,"key":"Ginger"}],"event_choices":[{"damage_healed":0,"gold_gain":0,"player_choice":"1 cards matched","damage_taken":0,"max_hp_gain":0,"max_hp_loss":0,"event_name":"Match and Keep!","floor":2,"gold_loss":0,"cards_obtained":["White Noise"]},{"damage_healed":0,"gold_gain":0,"player_choice":"Ignored","damage_taken":0,"max_hp_gain":0,"max_hp_loss":0,"event_name":"Golden Idol","floor":14,"gold_loss":0}],"is_beta":false,"boss_relics":[],"items_purged_floors":[],"is_endless":false,"potions_floor_spawned":[5,7,10],"killed_by":"The Guardian","ascension_level":7}