{"gold_per_floor":[116,116,116,116,70,70,106,106,106,53,73,117,130,143,143,269,269,287,301,301,226,226,264,214,214,214,237,260,66,66,100,100,100],"floor_reached":33,"playtime":1273,"items_purged":["Feel No Pain+1"],"score":296,"play_id":"b3439259-a286-4bcd-85fa-5a5b5f791b09","local_time":"20180721085142","is_ascension_mode":false,"campfire_choices":[{"floor":6,"key":"REST"},{"floor":8,"key":"REST"},{"data":"Searing Blow","floor":15,"key":"SMITH"},{"data":"Searing Blow+1","floor":25,"key":"SMITH"},{"floor":30,"key":"REST"},{"floor":32,"key":"REST"}],"neow_cost":"","seed_source_timestamp":320747899957595,"circlet_count":0,"master_deck":["Strike_R+1","Strike_R+1","Strike_R+1","Strike_R+1","Strike_R+1","Defend_R+1","Defend_R+1","Bash","Twin Strike","Flex+1","Clash+1","Twin Strike","Searing Blow+2","Cleave","Iron Wave","Demon Form","Iron Wave+1","Clash","Iron Wave+1","Perfected Strike+1","Shrug It Off","Perfected Strike","Clothesline","Iron Wave+1"],"relics":["Burning Blood","Oddly Smooth Stone","Golden Idol","Smiling Mask","Matryoshka","Whetstone","Astrolabe","Letter Opener","War Paint","Darkstone Periapt","Bag of Marbles","Red Mask"],"potions_floor_usage":[16,16,23,23,23,33],"damage_taken":[{"damage":10,"enemies":"Small Slimes","floor":1,"turns":4},{"damage":36,"enemies":"Gremlin Nob","floor":7,"turns":5},{"damage":0,"enemies":"Cultist","floor":11,"turns":3},{"damage":20,"enemies":"3 Sentries","floor":12,"turns":6},{"damage":8,"enemies":"2 Louse","floor":13,"turns":2},{"damage":0,"enemies":"Large Slime","floor":14,"turns":4},{"damage":1,"enemies":"Slime Boss","floor":16,"turns":6},{"damage":34,"enemies":"2 Thieves","floor":18,"turns":4},{"damage":4,"enemies":"Spheric Guardian","floor":19,"turns":3},{"damage":35,"enemies":"Book of Stabbing","floor":23,"turns":5},{"damage":7,"enemies":"Snecko","floor":27,"turns":3},{"damage":20,"enemies":"Snake Plant","floor":28,"turns":4},{"damage":21,"floor":31,"turns":5},{"damage":26,"enemies":"Champ","floor":33,"turns":10}],"seed_played":"-8356253009621118178","potions_obtained":[{"floor":7,"key":"GamblersBrew"},{"floor":12,"key":"SteroidPotion"},{"floor":14,"key":"Explosive Potion"},{"floor":16,"key":"SteroidPotion"},{"floor":22,"key":"AttackPotion"},{"floor":27,"key":"GamblersBrew"},{"floor":31,"key":"Weak Potion"}],"is_trial":false,"path_per_floor":["M","?","?","?","$","R","E","R","T","$","M","E","M","M","R","B",null,"M","M","?","?","?","E","$","R","T","M","M","$","R","?","R"],"character_chosen":"IRONCLAD","items_purchased":["Flex","Twin Strike","Bag of Marbles","Clothesline"],"campfire_rested":4,"item_purchase_floors":[5,10,29,29],"current_hp_per_floor":[76,76,58,38,38,62,32,56,56,56,62,48,46,52,52,57,80,52,54,54,54,54,25,25,25,25,24,10,10,34,19,43,17],"gold":100,"neow_bonus":"","is_prod":false,"is_daily":false,"chose_seed":false,"campfire_upgraded":2,"win_rate":0,"timestamp":1532188302,"path_taken":["M","?","?","?","?","R","E","R","T","$","M","E","M","?","R","BOSS","M","?","?","?","?","E","?","R","T","?","M","$","R","?","R","BOSS"],"build_version":"2018-07-19v2","purchased_purges":1,"victory":false,"max_hp_per_floor":[80,80,80,80,80,80,80,80,80,80,80,80,80,80,80,80,80,80,80,80,80,80,80,80,80,80,80,80,80,80,80,80,80],"card_choices":[{"not_picked":["Twin Strike","Flex"],"picked":"Fire Breathing","floor":1},{"not_picked":["Flex","Second Wind"],"picked":"Clash","floor":7},{"not_picked":["Body Slam","Offering","Burning Pact"],"picked":"SKIP","floor":11},{"not_picked":["True Grit","Sword Boomerang"],"picked":"Searing Blow","floor":12},{"not_picked":["Burning Pact","Iron Wave"],"picked":"Cleave","floor":13},{"not_picked":["Anger","Headbutt"],"picked":"Iron Wave","floor":14},{"not_picked":["Reaper","Double Tap"],"picked":"Demon Form","floor":16},{"not_picked":["Body Slam+1","Warcry"],"picked":"Clash","floor":18},{"not_picked":["Spot Weakness+1","Headbutt"],"picked":"Iron Wave+1","floor":19},{"not_picked":["Clash","Uppercut"],"picked":"Perfected Strike+1","floor":23},{"not_picked":["Whirlwind","Battle Trance"],"picked":"Shrug It Off","floor":27},{"not_picked":["Thunderclap","Juggernaut"],"picked":"Perfected Strike","floor":28},{"not_picked":["Armaments","Twin Strike"],"picked":"Iron Wave+1","floor":31}],"player_experience":116920,"relics_obtained":[{"floor":7,"key":"Smiling Mask"},{"floor":9,"key":"Matryoshka"},{"floor":12,"key":"Whetstone"},{"floor":23,"key":"Letter Opener"},{"floor":26,"key":"War Paint"},{"floor":26,"key":"Darkstone Periapt"},{"floor":31,"key":"Red Mask"}],"event_choices":[{"event_name":"Match and Keep!","player_choice":"1 cards matched","floor":2,"damage_taken":0},{"event_name":"Scrap Ooze","player_choice":"success","floor":3,"damage_taken":18},{"event_name":"Golden Idol","player_choice":"Take Damage","floor":4,"damage_taken":0},{"event_name":"Back to Basics","player_choice":"Simplicity","floor":20,"damage_taken":0},{"event_name":"Beggar","player_choice":"Gave Gold","floor":21,"damage_taken":0},{"event_name":"The Lab","player_choice":"Got Potions","floor":22,"damage_taken":0},{"event_name":"Masked Bandits","player_choice":"Fought over 66 gold","floor":31,"damage_taken":0}],"is_beta":false,"boss_relics":[{"not_picked":["Sozu","Pandora\u0027s Box"],"picked":"Astrolabe"}],"items_purged_floors":[24],"is_endless":false,"potions_floor_spawned":[7,12,14,16,27,31],"killed_by":"Champ","ascension_level":0}