{"gold_per_floor":[114,114,114,39,56,83,102,102,157,174,174,205,225,242,242,344,344,356,356,281,65,97,97,128,142,142,176,176,193,211,240,240,341,341,360,360,375,391,74,108,108,120,143,243,269,269,289,619,619,619],"floor_reached":51,"playtime":3658,"items_purged":["Strike_G","Defend_G","Strike_G"],"score":1331,"play_id":"53cc0561-eb7d-41d5-8573-d97811dbd8bb","local_time":"20190529233637","is_ascension_mode":true,"campfire_choices":[{"data":"Noxious Fumes","floor":15,"key":"SMITH"},{"data":"Well Laid Plans","floor":23,"key":"SMITH"},{"floor":28,"key":"DIG"},{"floor":32,"key":"DIG"},{"floor":41,"key":"DIG"},{"floor":49,"key":"REST"}],"neow_cost":"NONE","seed_source_timestamp":3032612788277,"circlet_count":0,"master_deck":["Defend_G","Defend_G+1","Defend_G","Defend_G","Survivor","Neutralize","Dodge and Roll+1","Poisoned Stab","Noxious Fumes+1","Backflip+1","Bouncing Flask+1","Bouncing Flask+1","Cloak And Dagger+1","Corpse Explosion+1","Catalyst+1","Well Laid Plans+1","Cloak And Dagger+1","Adrenaline+1","Cloak And Dagger+1","Backflip+1","Backflip+1","Deflect+1","Concentrate+1","Bullet Time+1","Madness+1","Madness+1","Cloak And Dagger+1","Envenom","Deadly Poison+1","Backflip+1","Expertise+1","Acrobatics+1","Concentrate+1","Blur+1"],"relics":["Ring of the Snake","War Paint","Toxic Egg 2","Orichalcum","Ninja Scroll","Philosopher\u0027s Stone","Red Mask","Ancient Tea Set","Dream Catcher","Shovel","Oddly Smooth Stone","Ice Cream","Dead Branch","White Beast Statue","Juzu Bracelet","Bag of Marbles","Art of War","Ginger","Bottled Flame","Old Coin"],"potions_floor_usage":[6,6,6,16,22,33,40,48,50,50,50],"damage_taken":[{"damage":2,"enemies":"Jaw Worm","floor":1,"turns":8},{"damage":2,"enemies":"2 Louse","floor":5,"turns":4},{"damage":6,"enemies":"Lagavulin","floor":6,"turns":6},{"damage":1,"enemies":"Small Slimes","floor":7,"turns":4},{"damage":0,"enemies":"Red Slaver","floor":10,"turns":5},{"damage":6,"enemies":"3 Sentries","floor":12,"turns":9},{"damage":0,"enemies":"2 Fungi Beasts","floor":13,"turns":4},{"damage":0,"enemies":"3 Louse","floor":14,"turns":3},{"damage":3,"enemies":"The Guardian","floor":16,"turns":8},{"damage":0,"enemies":"Spheric Guardian","floor":18,"turns":2},{"damage":0,"enemies":"Masked Bandits","floor":22,"turns":2},{"damage":7,"enemies":"Book of Stabbing","floor":24,"turns":4},{"damage":0,"enemies":"3 Byrds","floor":25,"turns":1},{"damage":2,"enemies":"Slavers","floor":27,"turns":3},{"damage":4,"enemies":"Shelled Parasite and Fungi","floor":29,"turns":3},{"damage":0,"enemies":"Snecko","floor":30,"turns":2},{"damage":0,"enemies":"Book of Stabbing","floor":31,"turns":3},{"damage":0,"enemies":"Collector","floor":33,"turns":3},{"damage":0,"enemies":"3 Shapes","floor":35,"turns":2},{"damage":0,"enemies":"Orb Walker","floor":37,"turns":3},{"damage":0,"enemies":"Sphere and 2 Shapes","floor":38,"turns":1},{"damage":6,"enemies":"Giant Head","floor":40,"turns":5},{"damage":0,"enemies":"Spire Growth","floor":42,"turns":3},{"damage":0,"enemies":"Mind Bloom Boss Battle","floor":44,"turns":3},{"damage":0,"enemies":"Reptomancer","floor":45,"turns":2},{"damage":10,"enemies":"Jaw Worm Horde","floor":47,"turns":4},{"damage":0,"enemies":"Giant Head","floor":48,"turns":2},{"damage":35,"enemies":"Awakened One","floor":50,"turns":12}],"seed_played":"8430927717320675985","potions_obtained":[{"floor":5,"key":"EntropicBrew"},{"floor":7,"key":"Swift Potion"},{"floor":10,"key":"Dexterity Potion"},{"floor":13,"key":"PowerPotion"},{"floor":18,"key":"Strength Potion"},{"floor":25,"key":"Poison Potion"},{"floor":33,"key":"Fire Potion"},{"floor":35,"key":"Block Potion"},{"floor":37,"key":"Strength Potion"},{"floor":40,"key":"Ancient Potion"},{"floor":45,"key":"Poison Potion"},{"floor":48,"key":"Strength Potion"}],"is_trial":false,"path_per_floor":["M","?","?","$","M","E","M","?","T","M","?","E","M","M","R","B",null,"M","?","?","$","?","R","E","M","T","E","R","M","M","E","R","B",null,"M","?","M","M","$","E","R","M","T","?","E","?","M","E","R","B",null],"character_chosen":"THE_SILENT","items_purchased":["Catalyst+1","Well Laid Plans","Envenom","Deadly Poison+1"],"campfire_rested":1,"item_purchase_floors":[21,21,39,39],"current_hp_per_floor":[68,73,70,70,68,62,61,61,61,61,61,55,55,55,55,52,75,75,75,75,75,75,75,68,68,68,66,66,62,62,62,62,62,77,77,67,67,67,67,61,61,61,61,61,61,61,51,51,75,40],"gold":619,"neow_bonus":"TEN_PERCENT_HP_BONUS","is_prod":false,"is_daily":false,"chose_seed":false,"campfire_upgraded":2,"win_rate":0,"timestamp":1559198197,"path_taken":["M","?","?","?","M","E","M","?","T","M","?","E","M","?","R","BOSS","M","?","?","$","?","R","E","M","T","E","R","M","?","E","R","BOSS","M","?","M","M","$","E","R","M","T","?","E","?","M","E","R","BOSS"],"build_version":"2019-01-23","purchased_purges":3,"victory":true,"max_hp_per_floor":[77,82,82,82,82,82,82,82,82,82,82,82,82,82,82,82,82,82,82,82,82,82,82,82,82,82,82,82,82,82,82,82,82,82,82,82,82,82,82,82,82,82,82,82,82,82,82,82,82,82],"card_choices":[{"not_picked":["Prepared","Endless Agony"],"picked":"Dodge and Roll","floor":1},{"not_picked":["Flechettes","Slice"],"picked":"Poisoned Stab","floor":5},{"not_picked":["Infinite Blades","Riddle With Holes"],"picked":"Noxious Fumes","floor":6},{"not_picked":["Blade Dance+1","Slice"],"picked":"Backflip+1","floor":7},{"not_picked":["Calculated Gamble+1","Bane"],"picked":"Bouncing Flask+1","floor":10},{"not_picked":["Concentrate+1","Bane","After Image"],"picked":"SKIP","floor":12},{"not_picked":["Masterful Stab","Blur+1"],"picked":"Bouncing Flask+1","floor":13},{"not_picked":["Flying Knee","Slice"],"picked":"Cloak And Dagger+1","floor":14},{"not_picked":["After Image","Burst+1"],"picked":"Corpse Explosion+1","floor":16},{"not_picked":["Blade Dance+1","Underhanded Strike","Concentrate+1"],"picked":"SKIP","floor":18},{"not_picked":["Blade Dance+1","Calculated Gamble+1"],"picked":"Cloak And Dagger+1","floor":22},{"not_picked":["All Out Attack+1","Dash"],"picked":"Adrenaline+1","floor":24},{"not_picked":["Underhanded Strike","Prepared+1"],"picked":"Cloak And Dagger+1","floor":25},{"not_picked":["Riddle With Holes","Slice"],"picked":"Backflip+1","floor":27},{"not_picked":["Outmaneuver+1","Finisher"],"picked":"Backflip+1","floor":29},{"not_picked":["Underhanded Strike","Backstab"],"picked":"Deflect+1","floor":30},{"not_picked":["Poisoned Stab","Dash"],"picked":"Concentrate+1","floor":31},{"not_picked":["Phantasmal Killer+1","Burst+1"],"picked":"Bullet Time+1","floor":33},{"not_picked":["Sucker Punch+1","Outmaneuver+1","Flying Knee+1"],"picked":"SKIP","floor":35},{"not_picked":["Deadly Poison+1","Sucker Punch+1"],"picked":"Cloak And Dagger+1","floor":37},{"not_picked":["PiercingWail+1","Underhanded Strike","Tactician+1"],"picked":"SKIP","floor":38},{"not_picked":["Bouncing Flask+1","Outmaneuver+1"],"picked":"Backflip+1","floor":40},{"not_picked":["Noxious Fumes","Infinite Blades"],"picked":"Expertise+1","floor":42},{"not_picked":["Prepared+1","Setup+1"],"picked":"Acrobatics+1","floor":44},{"not_picked":["Flying Knee+1","Predator","Underhanded Strike"],"picked":"SKIP","floor":45},{"not_picked":["Setup+1","Flying Knee"],"picked":"Concentrate+1","floor":47},{"not_picked":["Tactician+1","Setup+1","Predator"],"picked":"SKIP","floor":48},{"not_picked":["Prepared+1","Flying Knee+1"],"picked":"Blur+1","floor":49}],"player_experience":319826,"relics_obtained":[{"floor":6,"key":"Toxic Egg 2"},{"floor":9,"key":"Orichalcum"},{"floor":12,"key":"Ninja Scroll"},{"floor":22,"key":"Red Mask"},{"floor":24,"key":"Ancient Tea Set"},{"floor":26,"key":"Dream Catcher"},{"floor":27,"key":"Shovel"},{"floor":28,"key":"Oddly Smooth Stone"},{"floor":31,"key":"Ice Cream"},{"floor":32,"key":"Dead Branch"},{"floor":40,"key":"Juzu Bracelet"},{"floor":41,"key":"Bag of Marbles"},{"floor":43,"key":"Art of War"},{"floor":44,"key":"Ginger"},{"floor":45,"key":"Bottled Flame"},{"floor":48,"key":"Old Coin"}],"event_choices":[{"damage_healed":0,"gold_gain":0,"player_choice":"Donut","damage_taken":0,"max_hp_gain":5,"max_hp_loss":0,"event_name":"Big Fish","floor":2,"gold_loss":0},{"damage_healed":0,"gold_gain":0,"player_choice":"Success","damage_taken":3,"relics_obtained":["War Paint"],"max_hp_gain":0,"max_hp_loss":0,"event_name":"Scrap Ooze","floor":3,"gold_loss":0},{"cards_removed":["Strike_G"],"damage_healed":0,"gold_gain":0,"player_choice":"Forget","damage_taken":0,"max_hp_gain":0,"max_hp_loss":0,"event_name":"Living Wall","floor":8,"gold_loss":0},{"damage_healed":0,"gold_gain":0,"player_choice":"Bought 0 Potions","damage_taken":0,"max_hp_gain":0,"max_hp_loss":0,"event_name":"The Woman in Blue","floor":11,"gold_loss":0},{"damage_healed":0,"gold_gain":0,"player_choice":"Ignored","damage_taken":0,"max_hp_gain":0,"max_hp_loss":0,"event_name":"Vampires","floor":19,"gold_loss":0},{"cards_removed":["Strike_G"],"damage_healed":0,"gold_gain":0,"player_choice":"Gave Gold","damage_taken":0,"max_hp_gain":0,"max_hp_loss":0,"event_name":"Beggar","floor":20,"gold_loss":75},{"damage_healed":0,"gold_gain":0,"player_choice":"Fought Bandits","damage_taken":0,"max_hp_gain":0,"max_hp_loss":0,"event_name":"Masked Bandits","floor":22,"gold_loss":0},{"damage_healed":0,"gold_gain":0,"player_choice":"Embrace Madness","damage_taken":10,"max_hp_gain":0,"max_hp_loss":0,"event_name":"Winding Halls","floor":36,"gold_loss":0,"cards_obtained":["Madness","Madness"]},{"damage_healed":0,"gold_gain":0,"player_choice":"Fight","damage_taken":0,"max_hp_gain":0,"max_hp_loss":0,"event_name":"MindBloom","floor":44,"gold_loss":0},{"cards_removed":["Strike_G"],"damage_healed":0,"gold_gain":0,"player_choice":"Offered Basic","damage_taken":0,"max_hp_gain":0,"max_hp_loss":0,"event_name":"Bonfire Elementals","floor":46,"gold_loss":0}],"is_beta":false,"boss_relics":[{"not_picked":["Cursed Key","Eternal Feather"],"picked":"Philosopher\u0027s Stone"},{"not_picked":["Orrery","Velvet Choker"],"picked":"White Beast Statue"}],"items_purged_floors":[4,21,39],"is_endless":false,"potions_floor_spawned":[5,7,10,13,18,25,30,33,35,37,38,40,42,44,45,47,48],"ascension_level":7}