{"gold_per_floor":[111,122,122,140,155,155,180,180,180,180,180,214,226,244,244,347,347,361,376,391,405,103,103,129,154,154,154,154,170,181,199,199,199],"floor_reached":33,"playtime":2747,"items_purged":[],"score":346,"play_id":"bc6f8238-3475-4dc2-93b0-be7ba9462519","local_time":"20180926085021","is_ascension_mode":true,"campfire_choices":[{"data":"Havoc","floor":6,"key":"SMITH"},{"floor":8,"key":"REST"},{"data":"Armaments","floor":11,"key":"SMITH"},{"floor":15,"key":"REST"},{"floor":23,"key":"REST"},{"floor":27,"key":"REST"},{"floor":32,"key":"REST"}],"neow_cost":"NONE","seed_source_timestamp":1536055680023921,"circlet_count":0,"master_deck":["Strike_R","Strike_R","Strike_R","Strike_R","Defend_R","Defend_R","Defend_R","Defend_R","Bash","Exhume","Havoc+1","Carnage","Sentinel","Armaments+1","Pommel Strike","Headbutt","Havoc","Clothesline","Demon Form","Twin Strike+1","Feel No Pain","Twin Strike","Infernal Blade","Fiend Fire","Searing Blow","Headbutt","Warcry+1"],"relics":["Burning Blood","Blue Candle","Darkstone Periapt","Meat on the Bone","Sundial","Velvet Choker","Dead Branch","WingedGreaves","Bottled Flame","The Courier"],"potions_floor_usage":[12,18,19,24,25,31,33,33],"damage_taken":[{"damage":4,"enemies":"Small Slimes","floor":1,"turns":4},{"damage":3,"enemies":"2 Louse","floor":2,"turns":3},{"damage":12,"enemies":"Jaw Worm","floor":4,"turns":3},{"damage":5,"enemies":"2 Fungi Beasts","floor":5,"turns":4},{"damage":40,"enemies":"3 Sentries","floor":7,"turns":11},{"damage":17,"enemies":"Lagavulin","floor":12,"turns":6},{"damage":21,"enemies":"3 Louse","floor":13,"turns":3},{"damage":21,"enemies":"Exordium Thugs","floor":14,"turns":4},{"damage":48,"enemies":"The Guardian","floor":16,"turns":9},{"damage":20,"enemies":"2 Thieves","floor":18,"turns":3},{"damage":29,"enemies":"3 Byrds","floor":19,"turns":9},{"damage":20,"enemies":"Snecko","floor":20,"turns":4},{"damage":30,"enemies":"Sentry and Sphere","floor":21,"turns":4},{"damage":42,"enemies":"Gremlin Leader","floor":24,"turns":6},{"damage":37,"enemies":"Slavers","floor":25,"turns":5},{"damage":24,"enemies":"Snake Plant","floor":29,"turns":2},{"damage":0,"enemies":"Centurion and Healer","floor":30,"turns":4},{"damage":42,"enemies":"Shelled Parasite and Fungi","floor":31,"turns":4},{"damage":69,"enemies":"Champ","floor":33,"turns":11}],"seed_played":"-4984752595295062110","potions_obtained":[{"floor":4,"key":"Regen Potion"},{"floor":13,"key":"AttackPotion"},{"floor":14,"key":"Weak Potion"},{"floor":16,"key":"Explosive Potion"},{"floor":18,"key":"Fruit Juice"},{"floor":21,"key":"SneckoOil"},{"floor":30,"key":"Regen Potion"},{"floor":31,"key":"AttackPotion"}],"is_trial":false,"path_per_floor":["M","M","?","M","M","R","E","R","T","?","R","E","M","M","R","B",null,"M","M","M","M","$","R","E","E","T","R","?","M","M","M","R"],"character_chosen":"IRONCLAD","items_purchased":["Dead Branch"],"campfire_rested":5,"item_purchase_floors":[22],"current_hp_per_floor":[80,80,80,74,75,75,41,65,65,58,58,61,58,55,79,49,80,66,60,58,46,46,71,47,28,28,53,53,47,56,41,67,0],"gold":199,"neow_bonus":"ONE_RANDOM_RARE_CARD","is_prod":false,"is_daily":false,"chose_seed":false,"campfire_upgraded":2,"win_rate":0,"timestamp":1537977021,"path_taken":["M","M","?","M","M","R","E","R","T","?","R","E","M","M","R","BOSS","M","M","M","M","$","R","E","E","T","R","?","M","?","M","R","BOSS"],"build_version":"2018-09-20","purchased_purges":0,"victory":false,"max_hp_per_floor":[80,80,80,80,80,80,80,80,80,80,80,80,80,80,80,80,80,80,85,85,85,85,85,85,85,85,85,85,85,88,88,88,88],"card_choices":[{"not_picked":["Anger","Perfected Strike"],"picked":"Havoc","floor":1},{"not_picked":["Pommel Strike","Dual Wield"],"picked":"Carnage","floor":2},{"not_picked":["Ghostly Armor","Headbutt"],"picked":"Sentinel","floor":4},{"not_picked":["Metallicize","Shrug It Off"],"picked":"Armaments","floor":5},{"not_picked":["Searing Blow","Ghostly Armor"],"picked":"Pommel Strike","floor":7},{"not_picked":["Body Slam","Whirlwind"],"picked":"Headbutt","floor":12},{"not_picked":["Body Slam","Entrench"],"picked":"Havoc","floor":13},{"not_picked":["Disarm","Body Slam"],"picked":"Clothesline","floor":14},{"not_picked":["Impervious","Juggernaut"],"picked":"Demon Form","floor":16},{"not_picked":["Armaments","Bloodletting"],"picked":"Twin Strike+1","floor":18},{"not_picked":["Clash","Corruption"],"picked":"Feel No Pain","floor":19},{"not_picked":["Thunderclap","Combust"],"picked":"Twin Strike","floor":20},{"not_picked":["Havoc","Power Through"],"picked":"Infernal Blade","floor":21},{"not_picked":["Fire Breathing","Juggernaut"],"picked":"Fiend Fire","floor":24},{"not_picked":["Heavy Blade","Body Slam","Thunderclap"],"picked":"SKIP","floor":25},{"not_picked":["Clash","Rage"],"picked":"Searing Blow","floor":29},{"not_picked":["Wild Strike","Iron Wave"],"picked":"Headbutt","floor":30},{"not_picked":["Burning Pact","Headbutt"],"picked":"Warcry+1","floor":31}],"player_experience":269184,"relics_obtained":[{"floor":7,"key":"Blue Candle"},{"floor":9,"key":"Darkstone Periapt"},{"floor":12,"key":"Sundial"},{"floor":24,"key":"WingedGreaves"},{"floor":25,"key":"Bottled Flame"},{"floor":26,"key":"The Courier"}],"event_choices":[{"event_name":"The Cleric","player_choice":"Leave","floor":3,"damage_taken":0},{"event_name":"Scrap Ooze","player_choice":"success","floor":10,"damage_taken":7},{"event_name":"Bonfire Elementals","player_choice":"BASIC","floor":28,"damage_taken":0}],"is_beta":false,"boss_relics":[{"not_picked":["Ectoplasm","Runic Pyramid"],"picked":"Velvet Choker"}],"items_purged_floors":[],"is_endless":false,"potions_floor_spawned":[4,13,14,16,18,21,30,31],"killed_by":"Champ","ascension_level":3}