{"gold_per_floor":[119,119,132,142,192,192,208,208,208,220,232,263,275,261,273,382,394,423,204,204,204,114,114,131,150,175,175,195,53,33,50,50,50],"floor_reached":33,"playtime":873,"items_purged":["Strike_B"],"score":385,"play_id":"cb7de75c-4c69-4f0c-ad96-6d92d9721bfe","local_time":"20190506153044","is_ascension_mode":true,"campfire_choices":[{"data":"Zap","floor":6,"key":"SMITH"},{"data":"Go for the Eyes","floor":8,"key":"SMITH"},{"data":"Dualcast","floor":10,"key":"SMITH"},{"data":"Beam Cell","floor":15,"key":"SMITH"},{"data":"Stack","floor":23,"key":"SMITH"},{"floor":27,"key":"REST"},{"floor":32,"key":"REST"}],"neow_cost":"NONE","seed_source_timestamp":834703837229545,"circlet_count":0,"master_deck":["Strike_B","Strike_B","Defend_B","Defend_B","Defend_B","Defend_B","Zap+1","Dualcast+1","Sweeping Beam","Melter","Ball Lightning","Go for the Eyes+1","Beam Cell+1","Electrodynamics+1","Barrage+1","Self Repair","Stack+1","Glacier","Static Discharge","Fission","Chill"],"relics":["Cracked Core","MawBank","Mercury Hourglass","Inserter","Vajra"],"potions_floor_usage":[25,28],"damage_taken":[{"damage":4,"enemies":"Jaw Worm","floor":1,"turns":4},{"damage":0,"enemies":"2 Louse","floor":3,"turns":2},{"damage":10,"enemies":"Small Slimes","floor":4,"turns":3},{"damage":7,"enemies":"Looter","floor":7,"turns":3},{"damage":9,"enemies":"3 Louse","floor":12,"turns":3},{"damage":0,"enemies":"Slime Boss","floor":16,"turns":6},{"damage":6,"enemies":"Spheric Guardian","floor":18,"turns":3},{"damage":6,"enemies":"3 Byrds","floor":24,"turns":2},{"damage":20,"enemies":"Centurion and Healer","floor":25,"turns":8},{"damage":18,"enemies":"Snake Plant","floor":28,"turns":4},{"damage":20,"enemies":"Shelled Parasite and Fungi","floor":31,"turns":5},{"damage":69,"enemies":"Champ","floor":33,"turns":9}],"seed_played":"-5873808812354544441","potions_obtained":[{"floor":3,"key":"FearPotion"},{"floor":12,"key":"Swift Potion"},{"floor":16,"key":"Weak Potion"},{"floor":25,"key":"SteroidPotion"},{"floor":30,"key":"FearPotion"}],"is_trial":false,"path_per_floor":["M","?","M","M","?","R","M","R","T","R","?","M","T","?","R","B",null,"M","$","?","?","?","R","M","M","T","R","M","$","?","M","R","B"],"character_chosen":"DEFECT","items_purchased":["Self Repair","Recycle","Fission","Chill"],"campfire_rested":2,"item_purchase_floors":[19,19,29,29],"current_hp_per_floor":[64,64,64,54,54,54,47,47,47,47,72,63,63,63,63,63,72,66,66,66,66,66,66,60,47,47,69,58,58,58,45,67,0],"gold":50,"neow_bonus":"REMOVE_CARD","is_prod":false,"is_daily":false,"chose_seed":false,"campfire_upgraded":5,"win_rate":0,"timestamp":1557127844,"path_taken":["M","?","M","M","?","R","M","R","T","R","?","M","?","?","R","BOSS","M","$","?","?","?","R","M","M","T","R","?","$","?","M","R","BOSS"],"build_version":"2019-01-23","purchased_purges":1,"victory":false,"max_hp_per_floor":[75,75,75,75,75,75,75,75,75,75,75,75,75,75,75,75,75,75,75,75,75,75,75,75,75,75,75,75,75,75,75,75,75],"card_choices":[{"not_picked":["Steam","Recycle"],"picked":"Sweeping Beam","floor":1},{"not_picked":["Compile Driver","Chaos"],"picked":"Melter","floor":3},{"not_picked":["Reboot","Redo"],"picked":"Ball Lightning","floor":4},{"not_picked":["FTL","Sweeping Beam"],"picked":"Go for the Eyes","floor":7},{"not_picked":["Aggregate","Go for the Eyes"],"picked":"Beam Cell","floor":12},{"not_picked":["Multi-Cast","Reboot"],"picked":"Electrodynamics","floor":16},{"not_picked":["Cold Snap","Beam Cell"],"picked":"Barrage+1","floor":18},{"not_picked":["Steam Power+1","Redo"],"picked":"Glacier","floor":24},{"not_picked":["Go for the Eyes","Stack","Rebound"],"picked":"SKIP","floor":25},{"not_picked":["Ball Lightning","Go for the Eyes+1"],"picked":"Static Discharge","floor":28},{"not_picked":["Doom and Gloom","Gash+1","Sweeping Beam"],"picked":"SKIP","floor":31}],"player_experience":855657,"relics_obtained":[{"floor":9,"key":"MawBank"},{"floor":13,"key":"Mercury Hourglass"},{"floor":26,"key":"Vajra"}],"event_choices":[{"damage_healed":0,"gold_gain":0,"player_choice":"Fled","damage_taken":0,"max_hp_gain":0,"max_hp_loss":0,"event_name":"Scrap Ooze","floor":2,"gold_loss":0},{"damage_healed":0,"gold_gain":50,"player_choice":"Gained Gold","damage_taken":0,"max_hp_gain":0,"max_hp_loss":0,"event_name":"Golden Wing","floor":5,"gold_loss":0},{"damage_healed":25,"gold_gain":0,"player_choice":"Banana","damage_taken":0,"max_hp_gain":0,"max_hp_loss":0,"event_name":"Big Fish","floor":11,"gold_loss":0},{"damage_healed":0,"gold_gain":0,"player_choice":"Left Gold","damage_taken":0,"max_hp_gain":0,"max_hp_loss":0,"event_name":"World of Goop","floor":14,"gold_loss":26},{"damage_healed":0,"gold_gain":0,"player_choice":"Read","damage_taken":0,"max_hp_gain":0,"max_hp_loss":0,"event_name":"The Library","floor":20,"gold_loss":0,"cards_obtained":["Stack"]},{"damage_healed":0,"gold_gain":0,"player_choice":"Ignored","damage_taken":0,"max_hp_gain":0,"max_hp_loss":0,"event_name":"The Mausoleum","floor":21,"gold_loss":0},{"cards_removed":["Recycle"],"damage_healed":0,"gold_gain":0,"player_choice":"Upgrade and Remove","damage_taken":0,"max_hp_gain":0,"max_hp_loss":0,"event_name":"Designer","floor":22,"gold_loss":90,"cards_upgraded":["Electrodynamics"]},{"damage_healed":0,"gold_gain":0,"player_choice":"Bought 1 Potion","damage_taken":0,"max_hp_gain":0,"max_hp_loss":0,"event_name":"The Woman in Blue","floor":30,"gold_loss":0}],"is_beta":false,"boss_relics":[{"not_picked":["Calling Bell","Fusion Hammer"],"picked":"Inserter"}],"items_purged_floors":[19],"is_endless":false,"potions_floor_spawned":[3,12,16,18,25],"killed_by":"Champ","ascension_level":7}