{"gold_per_floor":[110,110,128,148,167,197,197,231,255,272,304,304,319,346,346,449,449,467,467,21,40,54,54,89,89,89,20,20,36,67,67,67,165,165,178,190,190,203,203,237,237],"floor_reached":41,"playtime":2292,"items_purged":[],"score":618,"play_id":"2062af4c-9aa9-4d30-a226-87426a7b9014","local_time":"20180803064204","is_ascension_mode":true,"campfire_choices":[{"data":"Bouncing Flask","floor":7,"key":"SMITH"},{"floor":15,"key":"REST"},{"floor":23,"key":"REST"},{"floor":25,"key":"REST"},{"floor":28,"key":"REST"},{"data":"Catalyst","floor":32,"key":"SMITH"}],"neow_cost":"","seed_source_timestamp":300292245752929,"circlet_count":0,"master_deck":["Defend_G","Defend_G","Defend_G","Defend_G","Defend_G","Strike_G","Strike_G","Strike_G","Strike_G","Strike_G","Survivor+1","Neutralize","All Out Attack","Bouncing Flask+1","Backflip","Catalyst+1","Unload","Blade Dance+1","Bane","Dagger Spray","Backflip","Adrenaline","Doubt","Injury","Necronomicurse","Deflect","Dagger Spray+1","Backstab+1","Footwork","Deadly Poison","Footwork","Dagger Spray","Poisoned Stab","Neutralize","Unload","After Image","Well Laid Plans","Parasite","Catalyst"],"relics":["Ring of the Snake","Snake Skull","Oddly Smooth Stone","Bag of Marbles","Art of War","Bottled Flame","The Specimen","Calling Bell","Dream Catcher","Shuriken","Unceasing Top","Necronomicon","ClockworkSouvenir","Gremlin Horn","Mummified Hand","Mercury Hourglass","War Paint","Busted Crown","Pantograph"],"potions_floor_usage":[4,8,11,24,24,30,41],"damage_taken":[{"damage":5,"enemies":"Cultist","floor":1,"turns":5},{"damage":2,"enemies":"Small Slimes","floor":3,"turns":3},{"damage":3,"enemies":"2 Louse","floor":4,"turns":2},{"damage":5,"enemies":"Blue Slaver","floor":5,"turns":3},{"damage":7,"enemies":"Lagavulin","floor":6,"turns":6},{"damage":3,"enemies":"3 Sentries","floor":8,"turns":10},{"damage":1,"enemies":"Exordium Thugs","floor":10,"turns":4},{"damage":0,"enemies":"Gremlin Nob","floor":11,"turns":2},{"damage":0,"enemies":"2 Fungi Beasts","floor":13,"turns":2},{"damage":9,"enemies":"3 Sentries","floor":14,"turns":4},{"damage":36,"enemies":"Hexaghost","floor":16,"turns":6},{"damage":0,"enemies":"3 Byrds","floor":18,"turns":3},{"damage":21,"enemies":"2 Thieves","floor":21,"turns":4},{"damage":14,"enemies":"Snake Plant","floor":22,"turns":3},{"damage":23,"enemies":"Book of Stabbing","floor":24,"turns":4},{"damage":2,"enemies":"Cultist and Chosen","floor":29,"turns":5},{"damage":2,"enemies":"Gremlin Leader","floor":30,"turns":4},{"damage":32,"enemies":"Champ","floor":33,"turns":10},{"damage":0,"enemies":"3 Darklings","floor":35,"turns":1},{"damage":8,"enemies":"Flame Bruiser 1 Orb","floor":36,"turns":4},{"damage":7,"enemies":"4 Shapes","floor":38,"turns":3},{"damage":37,"enemies":"Nemesis","floor":40,"turns":5},{"damage":20,"enemies":"Transient","floor":41,"turns":2}],"seed_played":"1101634508417886857","potions_obtained":[{"floor":3,"key":"AttackPotion"},{"floor":6,"key":"Dexterity Potion"},{"floor":8,"key":"PowerPotion"},{"floor":13,"key":"Strength Potion"},{"floor":22,"key":"Fire Potion"},{"floor":24,"key":"FearPotion"},{"floor":36,"key":"SpeedPotion"},{"floor":40,"key":"Poison Potion"}],"is_trial":false,"path_per_floor":["M","?","M","M","M","E","R","E","T","M","E","$","M","E","R","B",null,"M","?","$","M","M","R","E","R","T","$","R","M","E","?","R","B",null,"M","M","?","M","?","E"],"character_chosen":"THE_SILENT","items_purchased":["ClockworkSouvenir","Gremlin Horn","Footwork"],"campfire_rested":4,"item_purchase_floors":[20,20,27],"current_hp_per_floor":[65,65,63,60,55,48,48,45,45,44,44,44,44,35,56,20,70,70,54,54,33,19,40,17,38,38,38,59,57,55,55,55,23,70,70,62,62,55,55,18,0],"gold":237,"neow_bonus":"","is_prod":false,"is_daily":false,"chose_seed":false,"campfire_upgraded":2,"win_rate":0,"timestamp":1533303724,"path_taken":["M","?","M","?","M","E","R","E","T","M","E","?","M","E","R","BOSS","M","?","$","M","M","R","E","R","T","?","R","M","E","?","R","BOSS","M","?","?","M","?","E","M"],"build_version":"2018-08-02","purchased_purges":0,"victory":false,"max_hp_per_floor":[70,70,70,70,70,70,70,70,70,70,70,70,70,70,70,70,70,70,70,70,70,70,70,70,70,70,70,70,70,70,70,70,70,70,70,70,70,70,70,70,70],"card_choices":[{"not_picked":["Deadly Poison","Slice"],"picked":"All Out Attack","floor":1},{"not_picked":["Deadly Poison","Sucker Punch"],"picked":"Bouncing Flask","floor":3},{"not_picked":["Acrobatics","Deflect"],"picked":"Backflip","floor":4},{"not_picked":["Sucker Punch","Prepared"],"picked":"Catalyst","floor":5},{"not_picked":["Skewer","Endless Agony"],"picked":"Unload","floor":6},{"not_picked":["Outmaneuver","Calculated Gamble"],"picked":"Blade Dance","floor":8},{"not_picked":["Deadly Poison","Blade Dance"],"picked":"Bane","floor":10},{"not_picked":["Underhanded Strike","Accuracy","Endless Agony"],"picked":"SKIP","floor":11},{"not_picked":["Deflect","Predator"],"picked":"Dagger Spray","floor":13},{"not_picked":["Bane","Dodge and Roll"],"picked":"Backflip","floor":14},{"not_picked":["Unload","Wraith Form v2"],"picked":"Adrenaline","floor":16},{"not_picked":["Concentrate","Setup","Outmaneuver"],"picked":"SKIP","floor":18},{"not_picked":["Endless Agony","Cloak And Dagger"],"picked":"Deflect","floor":21},{"not_picked":["Flying Knee","All Out Attack"],"picked":"Dagger Spray+1","floor":22},{"not_picked":["Tools of the Trade","Distraction"],"picked":"Backstab+1","floor":23},{"not_picked":["Caltrops","PiercingWail"],"picked":"Footwork","floor":24},{"not_picked":["Poisoned Stab","Expertise"],"picked":"Deadly Poison","floor":25},{"not_picked":["Dagger Throw","Blade Dance"],"picked":"Dagger Spray","floor":28},{"not_picked":["Dodge and Roll","Outmaneuver","Finisher"],"picked":"SKIP","floor":29},{"not_picked":["Sucker Punch+1","Outmaneuver"],"picked":"Poisoned Stab","floor":30},{"not_picked":["Bullet Time","Night Terror"],"picked":"After Image","floor":33},{"not_picked":["Underhanded Strike"],"picked":"SKIP","floor":35},{"not_picked":[],"picked":"Well Laid Plans","floor":36},{"not_picked":["Skewer"],"picked":"SKIP","floor":38},{"not_picked":[],"picked":"Catalyst","floor":40}],"player_experience":237119,"relics_obtained":[{"floor":6,"key":"Oddly Smooth Stone"},{"floor":8,"key":"Bag of Marbles"},{"floor":9,"key":"Art of War"},{"floor":11,"key":"Bottled Flame"},{"floor":14,"key":"The Specimen"},{"floor":17,"key":"Dream Catcher"},{"floor":17,"key":"Shuriken"},{"floor":17,"key":"Unceasing Top"},{"floor":19,"key":"Necronomicon"},{"floor":24,"key":"Mummified Hand"},{"floor":26,"key":"Mercury Hourglass"},{"floor":30,"key":"War Paint"},{"floor":40,"key":"Pantograph"}],"event_choices":[{"event_name":"Wheel of Change","player_choice":"Relic","floor":2,"damage_taken":0},{"event_name":"Cursed Tome","player_choice":"Obtained Book","floor":19,"damage_taken":0},{"event_name":"Match and Keep!","player_choice":"2 cards matched","floor":31,"damage_taken":0},{"event_name":"Transmorgrifier","player_choice":"Transform","floor":37,"damage_taken":0},{"event_name":"Tomb of Lord Red Mask","player_choice":"Ignored","floor":39,"damage_taken":0}],"is_beta":false,"boss_relics":[{"not_picked":["Orrery","Cursed Key"],"picked":"Calling Bell"},{"not_picked":["HoveringKite","Runic Dome"],"picked":"Busted Crown"}],"items_purged_floors":[],"is_endless":false,"potions_floor_spawned":[3,6,8,13,22,24,36,40],"killed_by":"Transient","ascension_level":3}