{"gold_per_floor":[116,116,9,25,25,59,69,81,81,113,113,188,32,61,61,162,162,173,173,173,21,21,47,47,58,81,106,118,145,157,192,204,319,331,356,385,409,26,43,43],"floor_reached":40,"playtime":3001,"items_purged":["Writhe","Strike_G"],"score":619,"play_id":"3d5e678d-ae84-45cd-975e-85e6c17ae159","local_time":"20190602141251","is_ascension_mode":true,"campfire_choices":[{"floor":15,"key":"REST"},{"data":"Crippling Poison","floor":24,"key":"SMITH"},{"floor":28,"key":"RECALL"},{"data":"Leg Sweep","floor":30,"key":"SMITH"},{"floor":32,"key":"REST"}],"neow_cost":"NONE","seed_source_timestamp":906311339814186,"circlet_count":0,"master_deck":["Defend_G","Defend_G","Defend_G","Defend_G","Defend_G","Strike_G","Strike_G","Strike_G","Survivor","Neutralize","Outmaneuver","Bouncing Flask","Well Laid Plans","Leg Sweep+1","Accuracy+1","Cloak And Dagger","After Image+1","Noxious Fumes+1","Flechettes","Venomology","Glass Knife","Bouncing Flask","Crippling Poison+1","Infinite Blades+1","Well Laid Plans+1","Dodge and Roll","Predator+1","Backflip+1","Dash","Dodge and Roll+1","A Thousand Cuts+1","Predator+1","Cloak And Dagger+1"],"relics":["Ring of the Snake","Prayer Wheel","Frozen Egg 2","Bag of Preparation","Regal Pillow","Meat on the Bone","Busted Crown","Vajra","Strawberry","Pen Nib","MawBank","Orichalcum","HoveringKite","Blood Vial"],"potions_floor_usage":[8,8,16,18,23,25,27,27,33,33,33,39,40],"damage_taken":[{"damage":0,"enemies":"Jaw Worm","floor":1,"turns":5},{"damage":1,"enemies":"Cultist","floor":4,"turns":3},{"damage":32,"enemies":"3 Sentries","floor":6,"turns":13},{"damage":1,"enemies":"Small Slimes","floor":7,"turns":4},{"damage":1,"enemies":"Exordium Thugs","floor":8,"turns":6},{"damage":31,"enemies":"Gremlin Nob","floor":10,"turns":6},{"damage":16,"enemies":"Lagavulin","floor":14,"turns":7},{"damage":33,"enemies":"Slime Boss","floor":16,"turns":14},{"damage":7,"enemies":"3 Byrds","floor":18,"turns":5},{"damage":32,"enemies":"Book of Stabbing","floor":23,"turns":6},{"damage":4,"enemies":"Spheric Guardian","floor":25,"turns":3},{"damage":3,"enemies":"Gremlin Leader","floor":27,"turns":6},{"damage":18,"enemies":"Shelled Parasite and Fungi","floor":29,"turns":4},{"damage":74,"enemies":"Collector","floor":33,"turns":10},{"damage":18,"enemies":"3 Darklings","floor":35,"turns":5},{"damage":4,"enemies":"Orb Walker","floor":36,"turns":3},{"damage":3,"enemies":"4 Shapes","floor":37,"turns":6},{"damage":32,"enemies":"Spire Growth","floor":39,"turns":6},{"damage":75,"enemies":"Giant Head","floor":40,"turns":7}],"seed_played":"2394488580989585529","potions_obtained":[{"floor":6,"key":"FearPotion"},{"floor":7,"key":"Energy Potion"},{"floor":16,"key":"PowerPotion"},{"floor":22,"key":"Strength Potion"},{"floor":22,"key":"FairyPotion"},{"floor":23,"key":"LiquidBronze"},{"floor":27,"key":"SkillPotion"},{"floor":35,"key":"SteroidPotion"}],"is_trial":false,"path_per_floor":["M","?","$","M","?","E","M","M","T","E","?","?","$","E","R","B",null,"M","?","?","$","?","E","R","M","T","E","R","M","R","T","R","B",null,"M","M","M","$","M","E"],"character_chosen":"THE_SILENT","items_purchased":["Bouncing Flask","Well Laid Plans","Regal Pillow","Infinite Blades+1","A Thousand Cuts+1","Blood Vial"],"campfire_rested":2,"item_purchase_floors":[3,3,13,21,38,38],"current_hp_per_floor":[70,70,70,69,69,37,36,35,35,4,29,18,18,2,40,19,63,56,56,56,56,56,43,43,51,51,48,48,42,42,42,82,35,72,54,50,47,47,29,0],"gold":43,"neow_bonus":"TEN_PERCENT_HP_BONUS","is_prod":false,"is_daily":false,"chose_seed":false,"campfire_upgraded":2,"win_rate":0,"timestamp":1559499171,"path_taken":["M","?","?","M","?","E","?","M","T","E","?","?","$","E","R","BOSS","M","?","?","$","?","E","R","?","T","E","R","M","R","?","R","BOSS","M","M","M","?","M","E"],"build_version":"2019-01-23","purchased_purges":2,"victory":false,"max_hp_per_floor":[77,77,77,77,77,77,77,77,77,77,77,77,77,77,77,77,77,77,77,77,77,77,84,84,84,84,84,84,84,84,84,84,84,84,84,84,84,84,84,84],"card_choices":[{"not_picked":["Sucker Punch","Concentrate"],"picked":"Outmaneuver","floor":1},{"not_picked":["Outmaneuver","Dagger Throw","Endless Agony"],"picked":"SKIP","floor":4},{"not_picked":["All Out Attack","Well Laid Plans"],"picked":"Leg Sweep","floor":6},{"not_picked":["Deadly Poison","Flying Knee"],"picked":"Accuracy+1","floor":7},{"not_picked":["Flying Knee","Choke"],"picked":"Cloak And Dagger","floor":7},{"not_picked":["Bouncing Flask","Deflect"],"picked":"After Image+1","floor":8},{"not_picked":["Accuracy+1","Outmaneuver"],"picked":"Noxious Fumes+1","floor":8},{"not_picked":["Deflect","Grand Finale"],"picked":"Flechettes","floor":10},{"not_picked":["Underhanded Strike","Dodge and Roll"],"picked":"Venomology","floor":14},{"not_picked":["Bullet Time","Venomology"],"picked":"Glass Knife","floor":16},{"not_picked":[],"picked":"Bouncing Flask","floor":18},{"not_picked":["Dagger Spray"],"picked":"SKIP","floor":18},{"not_picked":["Deflect"],"picked":"SKIP","floor":23},{"not_picked":[],"picked":"Well Laid Plans+1","floor":25},{"not_picked":["Skewer+1"],"picked":"SKIP","floor":25},{"not_picked":["Dagger Throw"],"picked":"SKIP","floor":27},{"not_picked":[],"picked":"Dodge and Roll","floor":29},{"not_picked":["Slice"],"picked":"SKIP","floor":29},{"not_picked":[],"picked":"Predator+1","floor":35},{"not_picked":[],"picked":"Backflip+1","floor":35},{"not_picked":[],"picked":"Dash","floor":36},{"not_picked":[],"picked":"Dodge and Roll+1","floor":36},{"not_picked":["Slice"],"picked":"SKIP","floor":37},{"not_picked":["Flying Knee+1"],"picked":"SKIP","floor":37},{"not_picked":[],"picked":"Predator+1","floor":39},{"not_picked":[],"picked":"Cloak And Dagger+1","floor":39}],"player_experience":1448776,"relics_obtained":[{"floor":5,"key":"Prayer Wheel"},{"floor":6,"key":"Frozen Egg 2"},{"floor":10,"key":"Bag of Preparation"},{"floor":14,"key":"Meat on the Bone"},{"floor":23,"key":"Strawberry"},{"floor":26,"key":"Pen Nib"},{"floor":27,"key":"MawBank"},{"floor":31,"key":"Orichalcum"}],"event_choices":[{"cards_removed":["Strike_G"],"damage_healed":0,"gold_gain":0,"player_choice":"Offered Basic","damage_taken":0,"max_hp_gain":0,"max_hp_loss":0,"event_name":"Bonfire Elementals","floor":2,"gold_loss":0},{"damage_healed":0,"gold_gain":0,"player_choice":"Relic","damage_taken":0,"max_hp_gain":0,"max_hp_loss":0,"event_name":"Wheel of Change","floor":5,"gold_loss":0},{"damage_healed":25,"gold_gain":0,"player_choice":"Banana","damage_taken":0,"max_hp_gain":0,"max_hp_loss":0,"event_name":"Big Fish","floor":11,"gold_loss":0},{"damage_healed":0,"gold_gain":75,"player_choice":"Gather Gold","damage_taken":11,"max_hp_gain":0,"max_hp_loss":0,"event_name":"World of Goop","floor":12,"gold_loss":0},{"damage_healed":0,"gold_gain":0,"player_choice":"Opened","damage_taken":0,"relics_obtained":["Vajra"],"max_hp_gain":0,"max_hp_loss":0,"event_name":"The Mausoleum","floor":19,"gold_loss":0,"cards_obtained":["Writhe"]},{"damage_healed":0,"gold_gain":0,"player_choice":"Read","damage_taken":0,"max_hp_gain":0,"max_hp_loss":0,"event_name":"The Library","floor":20,"gold_loss":0,"cards_obtained":["Crippling Poison"]},{"damage_healed":0,"gold_gain":0,"player_choice":"Got Potions","damage_taken":0,"max_hp_gain":0,"max_hp_loss":0,"event_name":"Lab","floor":22,"gold_loss":0}],"is_beta":false,"boss_relics":[{"not_picked":["White Beast Statue","Runic Dome"],"picked":"Busted Crown"},{"not_picked":["Tiny House","Lizard Tail"],"picked":"HoveringKite"}],"items_purged_floors":[21,38],"is_endless":false,"potions_floor_spawned":[6,7,16,23,27,35],"killed_by":"Giant Head","ascension_level":8}