{"gold_per_floor":[118,132,132,150,169,198,198,214,214,179,199,214,226,244,244,348,348,359,60,73,83,83,83,103,103,103,62,74,89,103,103],"floor_reached":31,"playtime":1992,"items_purged":[],"score":272,"play_id":"b9b23f49-d845-4af8-ab81-3bd8b699f8e7","local_time":"20180718042643","is_ascension_mode":false,"campfire_choices":[{"floor":7,"key":"REST"},{"data":"Static Discharge","floor":15,"key":"SMITH"},{"data":"Creative AI","floor":23,"key":"SMITH"}],"neow_cost":"NONE","seed_source_timestamp":31472918863449,"circlet_count":0,"master_deck":["Strike_B+1","Strike_B+1","Strike_B+1","Strike_B+1","Defend_B+1","Defend_B+1","Defend_B+1","Defend_B+1","Zap+1","Dualcast","Stack","Redo","Ball Lightning","Self Repair","Static Discharge+1","White Noise","Hologram","Heatsinks","Tempest","Self Repair","Electrodynamics","Cold Snap","Gash","Defragment","Rebound","Sweeping Beam","Creative AI+1","Storm","Sunder","FTL","Auto Shields","Rebound+1","Leap","Amplify","Hologram+1"],"relics":["Cracked Core","War Paint","Darkstone Periapt","Sundial","Bird Faced Urn","Orrery","Membership Card","Nilry\u0027s Codex","Dodecahedron"],"potions_floor_usage":[6,18,28,29,29,30,31],"damage_taken":[{"damage":0,"enemies":"2 Louse","floor":1,"turns":3},{"damage":0,"enemies":"Small Slimes","floor":2,"turns":4},{"damage":4,"enemies":"Jaw Worm","floor":4,"turns":3},{"damage":13,"enemies":"2 Fungi Beasts","floor":5,"turns":3},{"damage":33,"enemies":"Gremlin Nob","floor":6,"turns":4},{"damage":17,"enemies":"Blue Slaver","floor":8,"turns":3},{"damage":10,"enemies":"Exordium Wildlife","floor":11,"turns":4},{"damage":13,"enemies":"2 Fungi Beasts","floor":12,"turns":3},{"damage":7,"enemies":"3 Louse","floor":13,"turns":3},{"damage":7,"enemies":"Looter","floor":14,"turns":3},{"damage":68,"enemies":"Hexaghost","floor":16,"turns":9},{"damage":20,"enemies":"3 Byrds","floor":18,"turns":3},{"damage":18,"enemies":"Chosen","floor":20,"turns":4},{"damage":21,"enemies":"Snake Plant","floor":21,"turns":4},{"damage":30,"enemies":"Snecko","floor":24,"turns":4},{"damage":13,"enemies":"3 Cultists","floor":28,"turns":4},{"damage":32,"enemies":"Cultist and Chosen","floor":29,"turns":4},{"damage":21,"enemies":"Snake Plant","floor":30,"turns":2},{"damage":37,"enemies":"Snecko","floor":31,"turns":6}],"seed_played":"9075514506790733205","potions_obtained":[{"floor":5,"key":"Ancient Potion"},{"floor":11,"key":"SpeedPotion"},{"floor":12,"key":"Strength Potion"},{"floor":16,"key":"LiquidBronze"},{"floor":28,"key":"SteroidPotion"},{"floor":29,"key":"Ancient Potion"},{"floor":30,"key":"SkillPotion"}],"is_trial":false,"path_per_floor":["M","M","?","M","M","E","R","M","T","?","M","M","M","M","R","B",null,"M","$","M","M","?","R","M","?","T","$","M","M","M"],"character_chosen":"DEFECT","items_purchased":["Membership Card","Storm","Sunder","Dexterity Potion"],"campfire_rested":1,"item_purchase_floors":[19,19,19,27],"current_hp_per_floor":[75,75,68,64,51,25,47,37,37,55,56,56,60,68,68,31,75,66,66,67,70,54,54,30,30,30,30,34,30,15,0],"gold":103,"neow_bonus":"RANDOM_COMMON_RELIC","is_prod":false,"is_daily":false,"chose_seed":false,"campfire_upgraded":2,"win_rate":0.0,"timestamp":1531859203,"path_taken":["M","M","?","M","M","E","R","M","T","?","M","M","M","?","R","BOSS","M","$","M","M","?","R","M","?","T","?","M","M","M","M"],"build_version":"2018-07-12","purchased_purges":0,"victory":false,"max_hp_per_floor":[75,75,75,75,75,75,75,75,75,75,75,75,75,75,75,75,75,75,75,75,75,75,75,75,75,75,75,75,75,75,75],"card_choices":[{"not_picked":["Rebound","Sweeping Beam"],"picked":"Stack","floor":1},{"not_picked":["Streamline","Barrage"],"picked":"Redo","floor":2},{"not_picked":["Gash","Rip and Tear"],"picked":"Ball Lightning","floor":4},{"not_picked":["Cold Snap","Barrage"],"picked":"Self Repair","floor":5},{"not_picked":["Undo","Self Repair"],"picked":"Static Discharge","floor":6},{"not_picked":["FTL","Defragment"],"picked":"White Noise","floor":8},{"not_picked":["Streamline","Rip and Tear"],"picked":"Hologram","floor":11},{"not_picked":["Sunder","Conserve Battery"],"picked":"Heatsinks","floor":12},{"not_picked":["Cold Snap","Coolheaded"],"picked":"Tempest","floor":13},{"not_picked":["Multi-Cast","FTL"],"picked":"Self Repair","floor":14},{"not_picked":["Rainbow","Meteor Strike"],"picked":"Electrodynamics","floor":16},{"not_picked":["Streamline","Hello World"],"picked":"Cold Snap","floor":17},{"not_picked":["Heatsinks","Leap"],"picked":"Gash","floor":17},{"not_picked":["Ball Lightning","Compile Driver"],"picked":"Defragment","floor":17},{"not_picked":["Scrape","Hologram"],"picked":"Rebound","floor":17},{"not_picked":["Conserve Battery","Self Repair"],"picked":"Sweeping Beam","floor":17},{"not_picked":["Sweeping Beam","Go for the Eyes"],"picked":"Creative AI","floor":18},{"not_picked":["Compile Driver+1","Hologram"],"picked":"FTL","floor":20},{"not_picked":["Turbo+1","Gash+1"],"picked":"Auto Shields","floor":21},{"not_picked":["Leap","Glacier"],"picked":"Rebound+1","floor":24},{"not_picked":["Redo","Compile Driver"],"picked":"Leap","floor":28},{"not_picked":["Static Discharge","Compile Driver"],"picked":"Amplify","floor":29},{"not_picked":["Fusion","Sunder+1"],"picked":"Hologram+1","floor":30}],"player_experience":86393,"relics_obtained":[{"floor":6,"key":"Sundial"},{"floor":9,"key":"Bird Faced Urn"},{"floor":22,"key":"Nilry\u0027s Codex"},{"floor":26,"key":"Dodecahedron"}],"event_choices":[{"event_name":"Scrap Ooze","player_choice":"success","floor":3,"damage_taken":7},{"event_name":"The Cleric","player_choice":"Healed","floor":10,"damage_taken":0},{"event_name":"Cursed Tome","player_choice":"Obtained Book","floor":22,"damage_taken":0},{"event_name":"Back to Basics","player_choice":"Simplicity","floor":25,"damage_taken":0}],"boss_relics":[{"not_picked":["Snecko Eye","Runic Pyramid"],"picked":"Orrery"}],"items_purged_floors":[],"is_endless":false,"potions_floor_spawned":[5,11,12,16,28,29,30],"killed_by":"Snecko","ascension_level":0}