{"gold_per_floor":[116,116,34,46,46,89,89,107,107,123,48,91,266,302,302,302],"floor_reached":16,"playtime":965,"items_purged":["Strike_B"],"score":286,"play_id":"cc63484b-8f98-49b7-b89a-49e315314764","local_time":"20190413011636","is_ascension_mode":true,"campfire_choices":[{"data":"Zap","floor":7,"key":"SMITH"},{"floor":15,"key":"REST"}],"neow_cost":"NONE","seed_source_timestamp":258570938926270,"circlet_count":0,"master_deck":["AscendersBane","Strike_B","Strike_B+1","Strike_B","Defend_B","Defend_B+1","Defend_B","Defend_B","Zap+1","Dualcast","Glacier","Chill","Genetic Algorithm","Coolheaded","Ball Lightning","Glacier","Doubt"],"relics":["Cracked Core","NeowsBlessing","Golden Idol","FossilizedHelix","Symbiotic Virus","Ornamental Fan","Blue Candle"],"potions_floor_usage":[12,12],"damage_taken":[{"damage":0,"enemies":"2 Louse","floor":1,"turns":1},{"damage":0,"enemies":"Small Slimes","floor":4,"turns":1},{"damage":0,"enemies":"3 Sentries","floor":6,"turns":1},{"damage":0,"enemies":"Jaw Worm","floor":8,"turns":3},{"damage":0,"enemies":"2 Fungi Beasts","floor":10,"turns":4},{"damage":0,"enemies":"Lagavulin","floor":12,"turns":7},{"damage":12,"enemies":"3 Sentries","floor":14,"turns":11},{"damage":72,"enemies":"Slime Boss","floor":16,"turns":15}],"seed_played":"7923350905128672601","potions_obtained":[{"floor":1,"key":"LiquidBronze"},{"floor":6,"key":"FearPotion"},{"floor":10,"key":"PowerPotion"}],"is_trial":false,"path_per_floor":["M","?","$","M","?","E","R","M","T","M","$","E","?","E","R","B"],"character_chosen":"DEFECT","items_purchased":["Chill"],"campfire_rested":1,"item_purchase_floors":[3],"current_hp_per_floor":[64,50,50,50,50,50,50,50,50,50,50,50,50,38,57,0],"gold":302,"neow_bonus":"THREE_ENEMY_KILL","is_prod":false,"is_daily":false,"chose_seed":false,"campfire_upgraded":1,"win_rate":0,"timestamp":1555132596,"path_taken":["M","?","$","M","?","E","R","M","T","M","?","E","?","E","R","BOSS"],"build_version":"2019-01-23","purchased_purges":1,"victory":false,"max_hp_per_floor":[71,71,71,71,66,66,66,66,66,66,66,66,66,66,66,66],"card_choices":[{"not_picked":["Blizzard","Consume"],"picked":"Glacier","floor":1},{"not_picked":["Conserve Battery","Redo","Cold Snap"],"picked":"SKIP","floor":4},{"not_picked":["Stack","Recycle"],"picked":"Genetic Algorithm","floor":6},{"not_picked":["Double Energy","Rebound"],"picked":"Coolheaded","floor":8},{"not_picked":["Barrage","Redo"],"picked":"Ball Lightning","floor":10},{"not_picked":["Amplify","Go for the Eyes"],"picked":"Glacier","floor":12},{"not_picked":["Barrage","Go for the Eyes","Hologram"],"picked":"SKIP","floor":14}],"player_experience":1337763,"relics_obtained":[{"floor":6,"key":"FossilizedHelix"},{"floor":9,"key":"Symbiotic Virus"},{"floor":12,"key":"Ornamental Fan"},{"floor":14,"key":"Blue Candle"}],"event_choices":[{"damage_healed":0,"gold_gain":0,"player_choice":"Entered Light","damage_taken":14,"max_hp_gain":0,"max_hp_loss":0,"event_name":"Shining Light","floor":2,"gold_loss":0,"cards_upgraded":["Defend_B","Strike_B"]},{"damage_healed":0,"gold_gain":0,"player_choice":"Lose Max HP","damage_taken":0,"relics_obtained":["Golden Idol"],"max_hp_gain":0,"max_hp_loss":5,"event_name":"Golden Idol","floor":5,"gold_loss":0},{"damage_healed":0,"gold_gain":175,"player_choice":"AGREE","damage_taken":0,"max_hp_gain":0,"max_hp_loss":0,"event_name":"Liars Game","floor":13,"gold_loss":0,"cards_obtained":["Doubt"]}],"is_beta":false,"boss_relics":[],"items_purged_floors":[11],"is_endless":false,"potions_floor_spawned":[1,6,10],"killed_by":"Slime Boss","ascension_level":14}