{"gold_per_floor":[111,127,77,77,90,116,116,142,192,117,134,51,71,85,85,182,182,201,217,117,128,128,158,158,184,184,184],"floor_reached":27,"playtime":1077,"items_purged":["Strike_B","Strike_B"],"score":289,"play_id":"98bf1881-5bd7-471b-a426-63298b918762","local_time":"20181224231543","is_ascension_mode":true,"campfire_choices":[{"data":"Scrape","floor":7,"key":"SMITH"},{"floor":15,"key":"REST"},{"floor":24,"key":"REST"}],"neow_cost":"NONE","seed_source_timestamp":381256683820979,"circlet_count":0,"master_deck":["Strike_B","Strike_B","Defend_B","Defend_B","Defend_B","Defend_B","Zap","Dualcast","Gash","Rip and Tear","Scrape+1","Cold Snap","Gash","Chaos","Self Repair","Trip","Reboot","Go for the Eyes","Machine Learning","Rebound","Go for the Eyes+1","Scrape+1","Reprogram","Hologram"],"relics":["Cracked Core","Mercury Hourglass","Happy Flower","Art of War","Sozu","Bronze Scales","Frozen Egg 2","Ancient Tea Set"],"potions_floor_usage":[8,11,14,16,16],"damage_taken":[{"damage":2,"enemies":"2 Louse","floor":1,"turns":2},{"damage":0,"enemies":"Cultist","floor":2,"turns":3},{"damage":0,"enemies":"Small Slimes","floor":5,"turns":2},{"damage":26,"enemies":"Gremlin Nob","floor":6,"turns":4},{"damage":27,"enemies":"Lagavulin","floor":8,"turns":5},{"damage":0,"enemies":"Red Slaver","floor":11,"turns":1},{"damage":6,"enemies":"Exordium Wildlife","floor":13,"turns":2},{"damage":1,"enemies":"Looter","floor":14,"turns":2},{"damage":10,"enemies":"The Guardian","floor":16,"turns":9},{"damage":7,"enemies":"Chosen","floor":18,"turns":3},{"damage":11,"enemies":"Spheric Guardian","floor":19,"turns":3},{"damage":42,"enemies":"Snecko","floor":21,"turns":6},{"damage":30,"enemies":"Book of Stabbing","floor":23,"turns":5},{"damage":31,"enemies":"Gremlin Leader","floor":25,"turns":6},{"damage":21,"enemies":"Book of Stabbing","floor":27,"turns":1}],"seed_played":"-1404540388763828182","potions_obtained":[{"floor":4,"key":"Dexterity Potion"},{"floor":4,"key":"Fruit Juice"},{"floor":4,"key":"FocusPotion"},{"floor":8,"key":"Poison Potion"},{"floor":13,"key":"Poison Potion"}],"is_trial":false,"path_per_floor":["M","M","$","?","M","E","R","E","T","$","M","$","M","M","R","B",null,"M","M","$","M","?","E","R","E","T","E"],"character_chosen":"DEFECT","items_purchased":["Cold Snap","Trip"],"campfire_rested":2,"item_purchase_floors":[3,12],"current_hp_per_floor":[73,73,73,73,73,47,47,25,25,25,25,25,19,18,42,39,80,80,76,76,41,41,18,42,18,18,0],"gold":184,"neow_bonus":"THREE_CARDS","is_prod":false,"is_daily":false,"chose_seed":false,"campfire_upgraded":1,"win_rate":0,"timestamp":1545722143,"path_taken":["M","M","$","?","M","E","R","E","T","$","M","$","M","?","R","BOSS","M","M","$","M","?","E","R","E","T","E"],"build_version":"2018-12-20","purchased_purges":2,"victory":false,"max_hp_per_floor":[75,75,75,75,75,75,75,80,80,80,80,80,80,80,80,80,80,80,80,80,80,80,80,80,80,80,80],"card_choices":[{"not_picked":["Cold Snap","Coolheaded"],"picked":"Gash","floor":0},{"not_picked":["Barrage","Streamline"],"picked":"Rip and Tear","floor":1},{"not_picked":["Coolheaded","Redo"],"picked":"Scrape","floor":2},{"not_picked":["Undo","Rip and Tear","Streamline"],"picked":"SKIP","floor":5},{"not_picked":["Reprogram","Cold Snap"],"picked":"Gash","floor":6},{"not_picked":["Barrage","Recycle"],"picked":"Chaos","floor":8},{"not_picked":["Sunder","Ball Lightning"],"picked":"Self Repair","floor":11},{"not_picked":["Darkness","Hologram"],"picked":"Reboot","floor":13},{"not_picked":["Cold Snap","Undo"],"picked":"Go for the Eyes","floor":14},{"not_picked":["Electrodynamics","Hyperbeam"],"picked":"Machine Learning","floor":16},{"not_picked":["Conserve Battery+1","Loop"],"picked":"Rebound","floor":18},{"not_picked":["Stack","Tempest","Hello World"],"picked":"SKIP","floor":19},{"not_picked":["Sweeping Beam","Fusion"],"picked":"Go for the Eyes+1","floor":21},{"not_picked":["Reboot","Coolheaded"],"picked":"Reprogram","floor":23},{"not_picked":["Redo","Chaos"],"picked":"Hologram","floor":25}],"player_experience":567308,"relics_obtained":[{"floor":6,"key":"Mercury Hourglass"},{"floor":8,"key":"Happy Flower"},{"floor":9,"key":"Art of War"},{"floor":23,"key":"Bronze Scales"},{"floor":25,"key":"Frozen Egg 2"},{"floor":26,"key":"Ancient Tea Set"}],"event_choices":[{"damage_healed":0,"gold_gain":0,"player_choice":"Got Potions","damage_taken":0,"max_hp_gain":0,"max_hp_loss":0,"event_name":"Lab","floor":4,"gold_loss":0},{"damage_healed":0,"gold_gain":0,"player_choice":"Copied","damage_taken":0,"max_hp_gain":0,"max_hp_loss":0,"event_name":"Duplicator","floor":22,"gold_loss":0,"cards_obtained":["Scrape"]}],"is_beta":false,"boss_relics":[{"not_picked":["Runic Dome","Inserter"],"picked":"Sozu"}],"items_purged_floors":[10,20],"is_endless":false,"potions_floor_spawned":[6,8,13,18],"killed_by":"Book of Stabbing","ascension_level":2}