{"gold_per_floor":[113,129,129,140,140,140,173,184,184,203,110,140,151,168,168,168],"floor_reached":16,"playtime":676,"items_purged":[],"score":131,"play_id":"78e009c8-4813-4616-968b-ec07298c066a","local_time":"20180927024250","is_ascension_mode":true,"campfire_choices":[{"floor":6,"key":"REST"},{"floor":15,"key":"REST"}],"neow_cost":"","seed_source_timestamp":9551944074030,"circlet_count":0,"master_deck":["Strike_R","Strike_R","Strike_R","Strike_R","Strike_R","Defend_R","Defend_R","Defend_R","Defend_R","Bash","Pommel Strike","Clash","Headbutt","True Grit","Headbutt","True Grit","True Grit"],"relics":["Burning Blood","Singing Bowl","Regal Pillow","Mummified Hand","Oddly Smooth Stone"],"potions_floor_usage":[16,16,16],"damage_taken":[{"damage":6,"enemies":"Cultist","floor":1,"turns":3},{"damage":7,"enemies":"Jaw Worm","floor":2,"turns":3},{"damage":0,"enemies":"Small Slimes","floor":4,"turns":3},{"damage":30,"enemies":"Gremlin Nob","floor":7,"turns":4},{"damage":0,"enemies":"Gremlin Gang","floor":8,"turns":4},{"damage":4,"enemies":"2 Fungi Beasts","floor":10,"turns":3},{"damage":33,"enemies":"3 Sentries","floor":12,"turns":10},{"damage":18,"enemies":"Exordium Wildlife","floor":13,"turns":4},{"damage":13,"enemies":"3 Louse","floor":14,"turns":3},{"damage":68,"enemies":"The Guardian","floor":16,"turns":15}],"seed_played":"77435392710380498","potions_obtained":[{"floor":2,"key":"Weak Potion"},{"floor":8,"key":"Energy Potion"},{"floor":12,"key":"SpeedPotion"},{"floor":14,"key":"LiquidBronze"}],"is_trial":false,"path_per_floor":["M","M","?","M","?","R","E","M","T","M","$","E","M","M","R"],"character_chosen":"IRONCLAD","items_purchased":["Headbutt","True Grit"],"campfire_rested":2,"item_purchase_floors":[11,11],"current_hp_per_floor":[80,79,61,67,59,80,58,64,64,66,66,41,29,24,64,0],"gold":168,"neow_bonus":"","is_prod":false,"is_daily":false,"chose_seed":false,"campfire_upgraded":0,"win_rate":0,"timestamp":1538041370,"path_taken":["M","?","?","M","?","R","E","M","T","M","$","E","M","M","R","BOSS"],"build_version":"2018-09-20","purchased_purges":0,"victory":false,"max_hp_per_floor":[80,80,80,80,80,80,82,82,82,82,82,84,84,86,86,86],"card_choices":[{"not_picked":["Intimidate","Wild Strike"],"picked":"Pommel Strike","floor":1},{"not_picked":["Iron Wave","Flex","Anger"],"picked":"SKIP","floor":2},{"not_picked":["Fire Breathing","Searing Blow"],"picked":"Clash","floor":4},{"not_picked":["Burning Pact","Uppercut","Sword Boomerang"],"picked":"Singing Bowl","floor":7},{"not_picked":["Seeing Red","Armaments"],"picked":"Headbutt","floor":8},{"not_picked":["Pommel Strike","Sword Boomerang"],"picked":"True Grit","floor":10},{"not_picked":["Clothesline","Havoc","Wild Strike"],"picked":"Singing Bowl","floor":12},{"not_picked":["Sword Boomerang","Heavy Blade"],"picked":"True Grit","floor":13},{"not_picked":["Reckless Charge","Clothesline","Pommel Strike"],"picked":"Singing Bowl","floor":14}],"player_experience":280609,"relics_obtained":[{"floor":7,"key":"Regal Pillow"},{"floor":9,"key":"Mummified Hand"},{"floor":12,"key":"Oddly Smooth Stone"}],"event_choices":[{"event_name":"Scrap Ooze","player_choice":"success","floor":3,"damage_taken":18},{"event_name":"Wheel of Change","player_choice":"Damage","floor":5,"damage_taken":0}],"is_beta":false,"boss_relics":[],"items_purged_floors":[],"is_endless":false,"potions_floor_spawned":[2,8,12,13,14],"killed_by":"The Guardian","ascension_level":3}