{"gold_per_floor":[109,109,109,123,143,177,193,193,193,209,209,236,255,255,255,360,360,373,373,373,390,144,144,179,179,179,204,216,216,226,257,257,257],"floor_reached":33,"playtime":1666,"items_purged":[],"score":325,"play_id":"7f365831-55b3-4d36-8fff-c618a386d697","local_time":"20180723051542","is_ascension_mode":true,"campfire_choices":[{"data":"Cleave","floor":8,"key":"SMITH"},{"data":"Wild Strike","floor":11,"key":"SMITH"},{"floor":15,"key":"REST"},{"data":"Bash","floor":23,"key":"SMITH"},{"data":"Perfected Strike","floor":25,"key":"SMITH"},{"floor":32,"key":"REST"}],"neow_cost":"","seed_source_timestamp":41967625462559,"circlet_count":0,"master_deck":["Strike_R","Strike_R+1","Strike_R","Strike_R","Strike_R","Defend_R","Defend_R","Defend_R","Defend_R+1","Bash+1","Flex","Wild Strike+1","Rampage+1","Clash","Cleave+1","Perfected Strike+1","Headbutt","Rampage","Reaper","Clash","Pommel Strike","Wild Strike+1","Thunderclap","Heavy Blade+1","Flex"],"relics":["Burning Blood","Champion Belt","Shuriken","Matryoshka","Pear","White Beast Statue","Gremlin Horn","Happy Flower","Art of War","Blood Vial","Red Mask","Dodecahedron"],"potions_floor_usage":[6,18,21,24,24,31,33,33,33],"damage_taken":[{"damage":9,"enemies":"2 Louse","floor":1,"turns":2},{"damage":18,"enemies":"Jaw Worm","floor":4,"turns":5},{"damage":0,"enemies":"Small Slimes","floor":5,"turns":2},{"damage":16,"enemies":"Gremlin Nob","floor":6,"turns":4},{"damage":6,"enemies":"Exordium Wildlife","floor":7,"turns":4},{"damage":4,"enemies":"2 Fungi Beasts","floor":10,"turns":2},{"damage":3,"enemies":"3 Sentries","floor":12,"turns":4},{"damage":9,"enemies":"Looter","floor":13,"turns":3},{"damage":63,"enemies":"The Guardian","floor":16,"turns":8},{"damage":44,"enemies":"Shell Parasite","floor":18,"turns":5},{"damage":18,"enemies":"3 Byrds","floor":21,"turns":5},{"damage":14,"enemies":"Gremlin Leader","floor":24,"turns":5},{"damage":0,"floor":27,"turns":2},{"damage":15,"enemies":"Centurion and Healer","floor":28,"turns":4},{"damage":18,"enemies":"Snake Plant","floor":30,"turns":3},{"damage":36,"enemies":"Book of Stabbing","floor":31,"turns":5},{"damage":75,"enemies":"Champ","floor":33,"turns":7}],"seed_played":"4690330364959116592","potions_obtained":[{"floor":4,"key":"PowerPotion"},{"floor":5,"key":"LiquidBronze"},{"floor":12,"key":"SteroidPotion"},{"floor":13,"key":"Regen Potion"},{"floor":16,"key":"Regen Potion"},{"floor":18,"key":"GamblersBrew"},{"floor":21,"key":"Explosive Potion"},{"floor":24,"key":"Weak Potion"},{"floor":27,"key":"LiquidBronze"},{"floor":31,"key":"BloodPotion"}],"is_trial":false,"path_per_floor":["M","?","?","M","M","E","M","R","T","M","R","E","M","?","R","B",null,"M","?","?","M","$","R","E","R","T","?","M","?","M","E","R"],"character_chosen":"IRONCLAD","items_purchased":["Gremlin Horn"],"campfire_rested":2,"item_purchase_floors":[22],"current_hp_per_floor":[77,65,65,53,59,49,49,49,49,51,51,64,61,43,70,13,90,70,70,70,77,77,77,82,82,82,90,81,81,71,43,70,6],"gold":257,"neow_bonus":"","is_prod":false,"is_daily":false,"chose_seed":false,"campfire_upgraded":4,"win_rate":0,"timestamp":1532348142,"path_taken":["M","?","?","M","M","E","M","R","T","M","R","E","?","?","R","BOSS","M","?","?","?","$","R","E","R","T","?","?","?","M","E","R","BOSS"],"build_version":"2018-07-19v2","purchased_purges":0,"victory":false,"max_hp_per_floor":[80,80,80,80,80,80,80,80,80,80,80,90,90,90,90,90,90,90,90,90,90,90,90,90,90,90,90,90,90,90,90,90,90],"card_choices":[{"not_picked":["Shrug It Off","Uppercut"],"picked":"Flex","floor":1},{"not_picked":["Heavy Blade","Battle Trance"],"picked":"Wild Strike","floor":4},{"not_picked":["Seeing Red","Shockwave"],"picked":"Rampage","floor":5},{"not_picked":["Flex","Reckless Charge"],"picked":"Clash","floor":6},{"not_picked":["Sword Boomerang","Heavy Blade"],"picked":"Cleave","floor":7},{"not_picked":["Sword Boomerang","Juggernaut"],"picked":"Perfected Strike","floor":10},{"not_picked":["Battle Trance","Armaments"],"picked":"Headbutt","floor":12},{"not_picked":["Havoc","Thunderclap"],"picked":"Rampage","floor":13},{"not_picked":["Fiend Fire","Impervious"],"picked":"Reaper","floor":16},{"not_picked":["Disarm","Blood for Blood+1"],"picked":"Clash","floor":18},{"not_picked":["Shockwave","True Grit"],"picked":"Wild Strike+1","floor":21},{"not_picked":["Feel No Pain","Barricade"],"picked":"Thunderclap","floor":24},{"not_picked":["Armaments","Wild Strike"],"picked":"Heavy Blade+1","floor":28},{"not_picked":["Heavy Blade","Havoc"],"picked":"Flex","floor":30},{"not_picked":["Armaments","True Grit","Havoc"],"picked":"SKIP","floor":31}],"player_experience":137628,"relics_obtained":[{"floor":6,"key":"Shuriken"},{"floor":9,"key":"Matryoshka"},{"floor":12,"key":"Pear"},{"floor":24,"key":"Happy Flower"},{"floor":26,"key":"Art of War"},{"floor":26,"key":"Blood Vial"},{"floor":27,"key":"Red Mask"},{"floor":31,"key":"Dodecahedron"}],"event_choices":[{"event_name":"Scrap Ooze","player_choice":"success","floor":2,"damage_taken":12},{"event_name":"Living Wall","player_choice":"Grow","floor":3,"damage_taken":0},{"event_name":"Shining Light","player_choice":"Entered Light","floor":14,"damage_taken":0},{"event_name":"The Library","player_choice":"Read","floor":19,"damage_taken":0},{"event_name":"Beggar","player_choice":"Ignored","floor":20,"damage_taken":0},{"event_name":"Masked Bandits","player_choice":"Fought over 179 gold","floor":27,"damage_taken":0},{"event_name":"Ghosts","player_choice":"Ignored","floor":29,"damage_taken":0}],"is_beta":false,"boss_relics":[{"not_picked":["Runic Dome","Eternal Feather"],"picked":"White Beast Statue"}],"items_purged_floors":[],"is_endless":false,"potions_floor_spawned":[4,5,12,13,16,18,21,24,27,28,30,31],"killed_by":"Champ","ascension_level":2}