{"gold_per_floor":[109,129,304,324,339,339,370,370,370,3,21,21,21,41,41,136,136,156,75,91,102,102,102,132,146,172,172],"floor_reached":27,"playtime":1497,"items_purged":["Doubt"],"score":247,"play_id":"0fb4b236-bf4b-4cde-98c1-552f7d365dde","local_time":"20181026201726","is_ascension_mode":true,"campfire_choices":[{"floor":6,"key":"REST"},{"floor":15,"key":"REST"},{"floor":23,"key":"REST"}],"neow_cost":"NONE","seed_source_timestamp":295229592610785,"circlet_count":0,"master_deck":["Strike_B","Strike_B","Strike_B","Strike_B","Defend_B+1","Defend_B","Defend_B","Defend_B","Zap","Dualcast+1","Blind","Stack","Skim","Tempest","Electrodynamics","Auto Shields","Parasite","Reprogram","Panache","Hologram","Defragment","Gash","Creative AI","Go for the Eyes","Heatsinks","Conserve Battery","Loop","Heatsinks+1","Beam Cell"],"relics":["FrozenCore","Boot","War Paint","Sundial","Dream Catcher","Omamori"],"potions_floor_usage":[5,20,24],"damage_taken":[{"damage":0,"enemies":"Cultist","floor":1,"turns":4},{"damage":5,"enemies":"Small Slimes","floor":2,"turns":3},{"damage":2,"enemies":"2 Louse","floor":4,"turns":4},{"damage":33,"enemies":"Gremlin Gang","floor":5,"turns":4},{"damage":34,"enemies":"Lagavulin","floor":7,"turns":7},{"damage":16,"enemies":"Large Slime","floor":11,"turns":4},{"damage":0,"enemies":"3 Louse","floor":14,"turns":2},{"damage":28,"enemies":"The Guardian","floor":16,"turns":15},{"damage":7,"enemies":"3 Byrds","floor":18,"turns":2},{"damage":24,"enemies":"Spheric Guardian","floor":20,"turns":8},{"damage":29,"enemies":"Shelled Parasite and Fungi","floor":21,"turns":11},{"damage":17,"enemies":"Book of Stabbing","floor":24,"turns":9},{"damage":5,"enemies":"Snecko","floor":25,"turns":8},{"damage":39,"enemies":"Cultist and Chosen","floor":27,"turns":6}],"seed_played":"-3165682747435095165","potions_obtained":[{"floor":4,"key":"LiquidBronze"},{"floor":7,"key":"Poison Potion"},{"floor":16,"key":"GamblersBrew"},{"floor":21,"key":"Regen Potion"},{"floor":24,"key":"Dexterity Potion"}],"is_trial":false,"path_per_floor":["M","M","?","M","M","R","E","?","T","$","M","?","?","M","R","B",null,"M","$","M","M","?","R","E","M","T"],"character_chosen":"DEFECT","items_purchased":["Reprogram","Panache","Hologram","Heatsinks"],"campfire_rested":3,"item_purchase_floors":[10,10,10,19],"current_hp_per_floor":[75,70,70,68,35,57,23,41,41,41,25,25,25,25,47,19,75,68,68,44,15,15,37,35,30,30,0],"gold":172,"neow_bonus":"RANDOM_COLORLESS","is_prod":false,"is_daily":false,"chose_seed":false,"campfire_upgraded":0,"win_rate":0,"timestamp":1540556246,"path_taken":["M","?","?","?","M","R","E","?","T","?","M","?","?","M","R","BOSS","M","$","M","M","?","R","E","M","T","M"],"build_version":"2018-10-25v2","purchased_purges":1,"victory":false,"max_hp_per_floor":[75,75,75,75,75,75,75,75,75,75,75,75,75,75,75,75,75,75,75,75,75,75,75,75,75,75,75],"card_choices":[{"not_picked":["Compile Driver","Ball Lightning"],"picked":"Stack","floor":1},{"not_picked":["Melter","Consume"],"picked":"Skim","floor":2},{"not_picked":["Leap","Barrage"],"picked":"Tempest","floor":4},{"not_picked":["Sweeping Beam","Leap"],"picked":"Electrodynamics","floor":5},{"not_picked":["Sweeping Beam","Cold Snap"],"picked":"Auto Shields","floor":7},{"not_picked":["Rebound","Barrage"],"picked":"Defragment","floor":11},{"not_picked":["Fusion","Darkness"],"picked":"Gash","floor":14},{"not_picked":["Thunder Strike","Meteor Strike"],"picked":"Creative AI","floor":16},{"not_picked":["Melter","Redo"],"picked":"Go for the Eyes","floor":18},{"not_picked":["Melter","Consume"],"picked":"Conserve Battery","floor":20},{"not_picked":["Go for the Eyes","Barrage"],"picked":"Loop","floor":21},{"not_picked":["Ball Lightning","Chill"],"picked":"Heatsinks+1","floor":24},{"not_picked":["Ball Lightning+1","Melter"],"picked":"Beam Cell","floor":25}],"player_experience":399280,"relics_obtained":[{"floor":7,"key":"Boot"},{"floor":9,"key":"War Paint"},{"floor":24,"key":"Dream Catcher"},{"floor":26,"key":"Omamori"}],"event_choices":[{"damage_healed":0,"gold_gain":175,"player_choice":"AGREE","damage_taken":0,"max_hp_gain":0,"max_hp_loss":0,"event_name":"Liars Game","floor":3,"gold_loss":0,"cards_obtained":["Doubt"]},{"damage_healed":18,"gold_gain":0,"player_choice":"Healed and dodged fight","damage_taken":0,"max_hp_gain":0,"max_hp_loss":0,"event_name":"Mushrooms","floor":8,"gold_loss":0,"cards_obtained":["Parasite"]},{"damage_healed":0,"gold_gain":0,"player_choice":"Searched \u00270\u0027 times","damage_taken":0,"max_hp_gain":0,"max_hp_loss":0,"event_name":"Dead Adventurer","floor":12,"gold_loss":0},{"damage_healed":0,"gold_gain":0,"player_choice":"Gave Potion","damage_taken":0,"relics_obtained":["Sundial"],"max_hp_gain":0,"max_hp_loss":0,"event_name":"WeMeetAgain","floor":13,"gold_loss":0},{"damage_healed":0,"gold_gain":0,"player_choice":"Ignored","damage_taken":0,"max_hp_gain":0,"max_hp_loss":0,"event_name":"Ghosts","floor":22,"gold_loss":0}],"is_beta":false,"boss_relics":[{"not_picked":["Astrolabe","Philosopher\u0027s Stone"],"picked":"FrozenCore"}],"items_purged_floors":[10],"is_endless":false,"potions_floor_spawned":[4,7,16,21,24],"killed_by":"Cultist and Chosen","ascension_level":1}