{"gold_per_floor":[110,128,128,143,143,170,187,219,246,258,331,344,344,359,359,464,464,481,481,391,408,25,25],"floor_reached":23,"playtime":1148,"items_purged":["Strike_R"],"score":284,"play_id":"62365dac-4d78-4c28-ab35-40d299bfbc3a","local_time":"20190407175514","is_ascension_mode":true,"campfire_choices":[{"floor":13.0,"key":"REST"},{"floor":15.0,"key":"REST"}],"neow_cost":"PERCENT_DAMAGE","seed_source_timestamp":0,"circlet_count":0,"master_deck":["Strike_R+1","Strike_R","Strike_R","Defend_R","Defend_R","Defend_R","Defend_R","Bash+1","Double Tap","Iron Wave+1","Flame Barrier","Bludgeon","Pommel Strike","Good Instincts","Body Slam","Shrug It Off","Whirlwind","Iron Wave","Pummel","Barricade","Seeing Red+1","RitualDagger","Armaments","Feed","Secret Weapon"],"special_seed":0,"relics":["Burning Blood","Omamori","Boot","Philosopher\u0027s Stone"],"potions_floor_usage":[],"damage_taken":[{"damage":2.0,"enemies":"Jaw Worm","floor":1.0,"turns":3.0},{"damage":1.0,"enemies":"Cultist","floor":2.0,"turns":3.0},{"damage":3.0,"enemies":"2 Louse","floor":4.0,"turns":3.0},{"damage":14.0,"enemies":"Lagavulin","floor":6.0,"turns":8.0},{"damage":21.0,"enemies":"Gremlin Gang","floor":7.0,"turns":6.0},{"damage":15.0,"enemies":"Gremlin Nob","floor":8.0,"turns":4.0},{"damage":3.0,"enemies":"Looter","floor":10.0,"turns":3.0},{"damage":14.0,"enemies":"3 Louse","floor":12.0,"turns":4.0},{"damage":1.0,"enemies":"Blue Slaver","floor":14.0,"turns":3.0},{"damage":40.0,"enemies":"Slime Boss","floor":16.0,"turns":11.0},{"damage":23,"enemies":"2 Thieves","floor":18,"turns":3},{"damage":32,"enemies":"Chosen","floor":21,"turns":6},{"damage":18,"enemies":"Book of Stabbing","floor":23,"turns":3}],"seed_played":"3279776780483870411","potions_obtained":[{"floor":1.0,"key":"Block Potion"},{"floor":2.0,"key":"Weak Potion"},{"floor":4.0,"key":"Dexterity Potion"},{"floor":10.0,"key":"FearPotion"},{"floor":18,"key":"FearPotion"}],"is_trial":false,"path_per_floor":["M","M","?","M","?","E","M","E","T","M","?","M","R","M","R","B",null,"M","?","?","M","$","E"],"character_chosen":"IRONCLAD","items_purchased":["Feed","Secret Weapon"],"campfire_rested":2,"item_purchase_floors":[22,22],"current_hp_per_floor":[55,60,44,47,47,39,24,15,15,18,18,10,34,39,63,29,67,50,44,44,18,18,0],"gold":25,"neow_bonus":"THREE_RARE_CARDS","is_prod":false,"is_daily":false,"chose_seed":false,"campfire_upgraded":0,"win_rate":0,"timestamp":1554674114,"path_taken":["M","M","?","M","?","E","M","E","T","?","?","M","R","M","R","BOSS","M","?","?","M","$","E"],"build_version":"2019-01-23","purchased_purges":1,"victory":false,"max_hp_per_floor":[80,80,80,80,80,80,80,80,80,80,80,80,80,80,80,80,80,80,80,80,80,80,80],"card_choices":[{"not_picked":["Bludgeon","Fiend Fire"],"picked":"Double Tap","floor":0.0},{"not_picked":["Sever Soul","Thunderclap"],"picked":"Iron Wave","floor":1.0},{"not_picked":["Rampage","Wild Strike","Rage"],"picked":"SKIP","floor":2.0},{"not_picked":["Inflame","Clash"],"picked":"Flame Barrier","floor":4.0},{"not_picked":["Evolve","Berserk"],"picked":"Body Slam","floor":6.0},{"not_picked":["Iron Wave","Twin Strike"],"picked":"Shrug It Off","floor":7.0},{"not_picked":["Infernal Blade","Warcry"],"picked":"Whirlwind","floor":8.0},{"not_picked":["Anger","Clash"],"picked":"Iron Wave","floor":10.0},{"not_picked":["Cleave","Headbutt","Sword Boomerang"],"picked":"SKIP","floor":12.0},{"not_picked":["Thunderclap","Clash"],"picked":"Pummel","floor":14.0},{"not_picked":["Reaper","Limit Break"],"picked":"Barricade","floor":16.0},{"not_picked":["Iron Wave","Hemokinesis+1"],"picked":"Seeing Red+1","floor":18},{"not_picked":["Pommel Strike","Clothesline"],"picked":"Armaments","floor":21}],"player_experience":1295816,"relics_obtained":[{"floor":6.0,"key":"Omamori"},{"floor":8.0,"key":"Boot"}],"event_choices":[{"damage_healed":0.0,"max_hp_gain":0.0,"max_hp_loss":0.0,"gold_gain":0.0,"event_name":"Shining Light","player_choice":"Entered Light","floor":3.0,"gold_loss":0.0,"damage_taken":16.0,"cards_upgraded":["Bash","Strike_R"]},{"damage_healed":0.0,"max_hp_gain":0.0,"max_hp_loss":0.0,"gold_gain":0.0,"event_name":"Match and Keep!","player_choice":"3 cards matched","floor":5.0,"gold_loss":0.0,"damage_taken":0.0,"cards_obtained":["Bludgeon","Pommel Strike","Good Instincts"]},{"damage_healed":0.0,"max_hp_gain":0.0,"max_hp_loss":0.0,"gold_gain":73.0,"event_name":"Golden Wing","player_choice":"Gained Gold","floor":11.0,"gold_loss":0.0,"damage_taken":0.0},{"damage_healed":0,"gold_gain":0,"player_choice":"Joined the Cult","damage_taken":6,"max_hp_gain":0,"max_hp_loss":0,"event_name":"Nest","floor":19,"gold_loss":0,"cards_obtained":["RitualDagger"]},{"cards_removed":["Strike_R"],"damage_healed":0,"gold_gain":0,"player_choice":"Upgrade and Remove","damage_taken":0,"max_hp_gain":0,"max_hp_loss":0,"event_name":"Designer","floor":20,"gold_loss":90,"cards_upgraded":["Iron Wave"]}],"is_beta":false,"boss_relics":[{"not_picked":["Orrery","Busted Crown"],"picked":"Philosopher\u0027s Stone"}],"items_purged_floors":[22],"is_endless":false,"potions_floor_spawned":[1,2,4,10,18],"killed_by":"Book of Stabbing","ascension_level":8}