{"gold_per_floor":[113,113,124,139,156,156,185,202,227,227],"floor_reached":10,"playtime":380,"items_purged":[],"score":77,"play_id":"b11ae8da-ac1e-453c-af1c-9e4e46a6b83a","local_time":"20181224232214","is_ascension_mode":true,"campfire_choices":[{"data":"Creative AI","floor":6,"key":"SMITH"}],"neow_cost":"NONE","seed_source_timestamp":382346627071385,"circlet_count":0,"master_deck":["Strike_B","Strike_B","Strike_B","Strike_B","Defend_B","Defend_B","Defend_B","Defend_B","Zap+1","Dualcast","Chaos","Beam Cell","Go for the Eyes","Creative AI+1","Reinforced Body"],"relics":["Cracked Core","Kunai","Regal Pillow"],"potions_floor_usage":[7,7,8],"damage_taken":[{"damage":9,"enemies":"Jaw Worm","floor":1,"turns":3},{"damage":0,"enemies":"Cultist","floor":3,"turns":4},{"damage":2,"enemies":"Small Slimes","floor":4,"turns":3},{"damage":15,"enemies":"Exordium Thugs","floor":5,"turns":5},{"damage":34,"enemies":"3 Sentries","floor":7,"turns":8},{"damage":7,"enemies":"Lots of Slimes","floor":8,"turns":4},{"damage":12,"enemies":"3 Louse","floor":10,"turns":1}],"seed_played":"-8287677123618957150","potions_obtained":[{"floor":1,"key":"FearPotion"},{"floor":2,"key":"Weak Potion"},{"floor":2,"key":"GamblersBrew"},{"floor":3,"key":"FocusPotion"},{"floor":7,"key":"Fire Potion"}],"is_trial":false,"path_per_floor":["M","?","M","M","M","R","E","M","T","M"],"character_chosen":"DEFECT","items_purchased":[],"campfire_rested":0,"item_purchase_floors":[],"current_hp_per_floor":[66,66,66,64,49,49,15,8,8,0],"gold":227,"neow_bonus":"UPGRADE_CARD","is_prod":false,"is_daily":false,"chose_seed":false,"campfire_upgraded":1,"win_rate":0,"timestamp":1545722534,"path_taken":["M","?","?","M","M","R","E","M","T","?"],"build_version":"2018-12-20","purchased_purges":0,"victory":false,"max_hp_per_floor":[75,75,75,75,75,75,75,75,75,75],"card_choices":[{"not_picked":["Heatsinks","Turbo"],"picked":"Chaos","floor":1},{"not_picked":["Turbo","Melter"],"picked":"Beam Cell","floor":3},{"not_picked":["Leap","Stack"],"picked":"Go for the Eyes","floor":4},{"not_picked":["Double Energy","Cold Snap"],"picked":"Creative AI","floor":5},{"not_picked":["Compile Driver","Darkness"],"picked":"Reinforced Body","floor":7},{"not_picked":["Rip and Tear","Streamline","Hello World"],"picked":"SKIP","floor":8}],"player_experience":568385,"relics_obtained":[{"floor":7,"key":"Kunai"},{"floor":9,"key":"Regal Pillow"}],"event_choices":[{"damage_healed":0,"gold_gain":0,"player_choice":"Got Potions","damage_taken":0,"max_hp_gain":0,"max_hp_loss":0,"event_name":"Lab","floor":2,"gold_loss":0}],"is_beta":false,"boss_relics":[],"items_purged_floors":[],"is_endless":false,"potions_floor_spawned":[1,3,7],"killed_by":"3 Louse","ascension_level":2}