{"gold_per_floor":[116,14,14,25,25,57,57,85,85,85,100,120,120,137,137,239,239,254,254,269,269,269,269,32,50,98,116,116,116,116,126,126,126],"floor_reached":33,"playtime":1806,"items_purged":[],"score":255,"play_id":"7fb2a539-0ef2-45ba-a671-a2c73c70c6c7","local_time":"20180719152647","is_ascension_mode":false,"campfire_choices":[{"floor":7,"key":"REST"},{"floor":10,"key":"REST"},{"floor":15,"key":"REST"},{"floor":23,"key":"REST"},{"floor":28,"key":"REST"},{"floor":30,"key":"REST"},{"floor":32,"key":"REST"}],"neow_cost":"NONE","seed_source_timestamp":157675756253391,"circlet_count":0,"master_deck":["Strike_B+1","Strike_B+1","Strike_B+1","Strike_B+1","Defend_B+1","Defend_B+1","Defend_B+1","Defend_B+1","Zap","Dualcast","All For One","Chill+1","Deep Breath","Rebound","Redo","Sweeping Beam","Steam Power","Static Discharge","Decay","Hologram","Seek","Hologram+1","Mind Blast","Dark Shackles","Double Energy+1","Finesse","Redo","Storm","Hologram","Go for the Eyes","Go for the Eyes","Steam"],"relics":["Cracked Core","Shuriken","Boot","Ancient Tea Set","Lizard Tail","Nloth\u0027s Gift"],"potions_floor_usage":[8,16,25,33],"damage_taken":[{"damage":0,"enemies":"Small Slimes","floor":1,"turns":3},{"damage":4,"enemies":"Jaw Worm","floor":4,"turns":4},{"damage":12,"enemies":"3 Sentries","floor":6,"turns":10},{"damage":50,"enemies":"Gremlin Nob","floor":8,"turns":5},{"damage":1,"enemies":"2 Louse","floor":11,"turns":2},{"damage":3,"enemies":"Large Slime","floor":12,"turns":5},{"damage":9,"enemies":"Blue Slaver","floor":14,"turns":4},{"damage":57,"enemies":"The Guardian","floor":16,"turns":11},{"damage":7,"enemies":"Chosen","floor":18,"turns":6},{"damage":20,"enemies":"Spheric Guardian","floor":20,"turns":4},{"damage":13,"enemies":"Snake Plant","floor":25,"turns":4},{"damage":11,"enemies":"Snecko","floor":27,"turns":4},{"damage":26,"enemies":"3 Cultists","floor":31,"turns":6},{"damage":128,"enemies":"Collector","floor":33,"turns":12}],"seed_played":"4555920695795754272","potions_obtained":[{"floor":6,"key":"Block Potion"},{"floor":12,"key":"Block Potion"},{"floor":16,"key":"LiquidBronze"},{"floor":20,"key":"GamblersBrew"},{"floor":31,"key":"FearPotion"}],"is_trial":false,"path_per_floor":["M","$","?","M","?","E","R","E","T","R","M","M","?","M","R","B",null,"M","?","M","?","?","R","$","M","T","M","R","?","R","M","R"],"character_chosen":"DEFECT","items_purchased":["Deep Breath","Finesse","Redo","Storm","Hologram"],"campfire_rested":7,"item_purchase_floors":[2,24,24,24,24],"current_hp_per_floor":[75,75,75,71,76,64,80,30,30,54,53,50,50,41,65,8,80,73,49,29,29,29,53,53,40,40,29,53,53,77,51,75,0],"gold":126,"neow_bonus":"ONE_RANDOM_RARE_CARD","is_prod":false,"is_daily":false,"chose_seed":false,"campfire_upgraded":0,"win_rate":0.0,"timestamp":1531985207,"path_taken":["M","$","?","M","?","E","R","E","T","R","M","?","?","M","R","BOSS","M","?","M","?","?","R","$","M","T","M","R","?","R","M","R","BOSS"],"build_version":"2018-07-12","purchased_purges":0,"victory":false,"max_hp_per_floor":[75,75,75,75,80,80,80,80,80,80,80,80,80,80,80,80,80,80,80,80,80,80,80,80,80,80,80,80,80,80,80,80,80],"card_choices":[{"not_picked":["Leap","White Noise"],"picked":"Chill","floor":1},{"not_picked":["Streamline","Compile Driver"],"picked":"Rebound","floor":4},{"not_picked":["Ball Lightning","FTL"],"picked":"Redo","floor":6},{"not_picked":["Cold Snap","Barrage"],"picked":"Sweeping Beam","floor":8},{"not_picked":["Steam","Storm"],"picked":"Steam Power","floor":11},{"not_picked":["Turbo","Go for the Eyes"],"picked":"Static Discharge","floor":12},{"not_picked":["Redo","Turbo"],"picked":"Hologram","floor":14},{"not_picked":["Biased Cognition","Electrodynamics"],"picked":"Seek","floor":16},{"not_picked":["Barrage","Recycle"],"picked":"Hologram+1","floor":18},{"not_picked":["Cold Snap+1","Steam+1"],"picked":"Double Energy+1","floor":20},{"not_picked":["Redo","Scrape+1"],"picked":"Go for the Eyes","floor":25},{"not_picked":["Chill","Skim"],"picked":"Go for the Eyes","floor":27},{"not_picked":["Double Energy","Sweeping Beam"],"picked":"Steam","floor":31}],"player_experience":97955,"relics_obtained":[{"floor":6,"key":"Shuriken"},{"floor":8,"key":"Boot"},{"floor":9,"key":"Ancient Tea Set"},{"floor":26,"key":"Happy Flower"}],"event_choices":[{"event_name":"Living Wall","player_choice":"Grow","floor":3,"damage_taken":0},{"event_name":"Big Fish","player_choice":"Donut","floor":5,"damage_taken":0},{"event_name":"Wheel of Change","player_choice":"Curse","floor":13,"damage_taken":0},{"event_name":"Knowing Skull","player_choice":"CARD CARD ","floor":19,"damage_taken":0},{"event_name":"Vampires","player_choice":"Ignored","floor":21,"damage_taken":0},{"event_name":"Back to Basics","player_choice":"Simplicity","floor":22,"damage_taken":0},{"event_name":"N\u0027loth","player_choice":"Traded a Happy Flower","floor":29,"damage_taken":0}],"boss_relics":[{"not_picked":["Sozu","Cursed Key"],"picked":"Lizard Tail"}],"items_purged_floors":[],"is_endless":false,"potions_floor_spawned":[6,12,16,20,31],"killed_by":"Collector","ascension_level":0}