{"gold_per_floor":[118,132,148,165,178,211,386,341],"floor_reached":8,"playtime":654,"items_purged":[],"score":84,"play_id":"4d6ad48a-9f1a-4ec1-a64d-eb138aac951e","local_time":"20190309230320","is_ascension_mode":true,"campfire_choices":[],"neow_cost":"NONE","seed_source_timestamp":683392965744538,"circlet_count":0,"master_deck":["Defend_G","Defend_G","Defend_G","Defend_G","Defend_G","Strike_G","Strike_G","Strike_G","Strike_G","Strike_G","Survivor","Neutralize","Footwork","Blade Dance","Heel Hook","Flechettes","Deflect","Distraction","Doubt"],"relics":["Ring of the Snake","Pantograph"],"potions_floor_usage":[2,2,2,3,4,5,5,6],"damage_taken":[{"damage":0,"enemies":"Small Slimes","floor":1,"turns":3},{"damage":5,"enemies":"Jaw Worm","floor":2,"turns":5},{"damage":0,"enemies":"Cultist","floor":3,"turns":4},{"damage":2,"enemies":"2 Fungi Beasts","floor":4,"turns":5},{"damage":14,"enemies":"Exordium Thugs","floor":5,"turns":5},{"damage":45,"enemies":"3 Sentries","floor":6,"turns":14},{"damage":12,"enemies":"Looter","floor":8,"turns":3}],"seed_played":"-1547862819262955644","potions_obtained":[{"floor":1,"key":"EntropicBrew"},{"floor":5,"key":"LiquidBronze"}],"is_trial":false,"path_per_floor":["M","M","M","M","M","E","?","M"],"character_chosen":"THE_SILENT","items_purchased":[],"campfire_rested":0,"item_purchase_floors":[],"current_hp_per_floor":[70,65,65,63,49,4,4,0],"gold":341,"neow_bonus":"TEN_PERCENT_HP_BONUS","is_prod":false,"is_daily":false,"chose_seed":false,"campfire_upgraded":0,"win_rate":0,"timestamp":1552190600,"path_taken":["M","M","M","M","M","E","?","M"],"build_version":"2019-01-23","purchased_purges":0,"victory":false,"max_hp_per_floor":[77,77,77,77,77,77,77,77],"card_choices":[{"not_picked":["Expertise","Dodge and Roll"],"picked":"Footwork","floor":1},{"not_picked":["Deflect","Flying Knee"],"picked":"Blade Dance","floor":2},{"not_picked":["Underhanded Strike","Setup"],"picked":"Heel Hook","floor":3},{"not_picked":["Deadly Poison","Dodge and Roll"],"picked":"Flechettes","floor":4},{"not_picked":["Poisoned Stab","Unload"],"picked":"Deflect","floor":5},{"not_picked":["Heel Hook","Poisoned Stab"],"picked":"Distraction","floor":6}],"player_experience":1068866,"relics_obtained":[{"floor":6,"key":"Pantograph"}],"event_choices":[{"damage_healed":0,"gold_gain":175,"player_choice":"AGREE","damage_taken":0,"max_hp_gain":0,"max_hp_loss":0,"event_name":"Liars Game","floor":7,"gold_loss":0,"cards_obtained":["Doubt"]}],"is_beta":false,"boss_relics":[],"items_purged_floors":[],"is_endless":false,"potions_floor_spawned":[1,5],"killed_by":"Looter","ascension_level":8}