{"gold_per_floor":[99,99,99,99,99,99,99,99,99,99,99,69,69,69,69,69,69,69,69,69,69,69,69,69,69,69,69,69,69,69,69,69,69,69,69,0,0,0,0,0,0,0,0,0,0,0,0,0,0,0],"floor_reached":50,"playtime":2138,"items_purged":[],"score":685,"play_id":"e8dac09f-bb0f-44f4-b37a-9895b02cc6a5","local_time":"20180927032750","is_ascension_mode":true,"campfire_choices":[{"floor":7,"key":"REST"},{"data":"True Grit","floor":10,"key":"SMITH"},{"floor":15,"key":"REST"},{"data":"Rampage","floor":23,"key":"SMITH"},{"floor":28,"key":"REST"},{"floor":30,"key":"REST"},{"floor":32,"key":"REST"},{"floor":44,"key":"REST"},{"floor":49,"key":"REST"}],"neow_cost":"NONE","seed_source_timestamp":10239084299670,"circlet_count":0,"master_deck":["Strike_R","Strike_R","Strike_R","Strike_R","Strike_R","Defend_R","Defend_R","Defend_R","Defend_R","Bash","Flex","True Grit+1","Pommel Strike","Pommel Strike","Rampage+1","Headbutt","Feed","Pummel","Shame","Headbutt","Fire Breathing+1","Spot Weakness+1","True Grit","Battle Trance","Demon Form","Rage+1","Reaper","Twin Strike+1","Burning Pact+1","Sword Boomerang+1","Warcry+1","Shrug It Off+1","Intimidate+1","Pummel","Flex+1","Headbutt+1","Armaments+1","Madness+1","Madness+1","Clash","Infernal Blade+1"],"relics":["Ectoplasm","Question Card","PreservedInsect","Sundial","Lantern","Bronze Scales","Black Star","Letter Opener","Red Skull","Charon\u0027s Ashes","Prayer Wheel","Fusion Hammer","Darkstone Periapt","Dodecahedron","Toxic Egg 2","Pen Nib","Omamori","Singing Bowl","Frozen Egg 2"],"potions_floor_usage":[6,8,24,29,33,42,43,47,50,50],"damage_taken":[{"damage":1,"enemies":"Cultist","floor":1,"turns":3},{"damage":5,"enemies":"Small Slimes","floor":3,"turns":2},{"damage":2,"enemies":"Jaw Worm","floor":5,"turns":4},{"damage":35,"enemies":"3 Sentries","floor":6,"turns":10},{"damage":16,"enemies":"Gremlin Nob","floor":8,"turns":3},{"damage":16,"enemies":"Lagavulin","floor":11,"turns":4},{"damage":1,"enemies":"Looter","floor":12,"turns":3},{"damage":0,"enemies":"Blue Slaver","floor":14,"turns":2},{"damage":24,"enemies":"Hexaghost","floor":16,"turns":7},{"damage":27,"enemies":"Shell Parasite","floor":18,"turns":5},{"damage":2,"enemies":"Chosen","floor":22,"turns":4},{"damage":19,"enemies":"Snake Plant","floor":24,"turns":2},{"damage":26,"enemies":"Shelled Parasite and Fungi","floor":25,"turns":4},{"damage":5,"enemies":"3 Cultists","floor":27,"turns":4},{"damage":7,"enemies":"Snake Plant","floor":29,"turns":2},{"damage":1,"enemies":"Gremlin Leader","floor":31,"turns":4},{"damage":53,"enemies":"Automaton","floor":33,"turns":8},{"damage":45,"enemies":"3 Darklings","floor":35,"turns":6},{"damage":4,"enemies":"Orb Walker","floor":37,"turns":3},{"damage":6,"enemies":"Spire Growth","floor":38,"turns":4},{"damage":41,"enemies":"Reptomancer","floor":39,"turns":4},{"damage":13,"enemies":"2 Orb Walkers","floor":40,"turns":3},{"damage":24,"enemies":"Maw","floor":42,"turns":6},{"damage":14,"enemies":"Giant Head","floor":45,"turns":5},{"damage":28,"enemies":"Nemesis","floor":47,"turns":5},{"damage":23,"enemies":"4 Shapes","floor":48,"turns":3},{"damage":34,"enemies":"Time Eater","floor":50,"turns":4}],"seed_played":"8221922392614290444","potions_obtained":[{"floor":3,"key":"Regen Potion"},{"floor":5,"key":"Explosive Potion"},{"floor":14,"key":"SpeedPotion"},{"floor":18,"key":"FearPotion"},{"floor":27,"key":"SkillPotion"},{"floor":33,"key":"Dexterity Potion"},{"floor":35,"key":"SteroidPotion"},{"floor":37,"key":"LiquidBronze"},{"floor":40,"key":"Block Potion"},{"floor":42,"key":"Fruit Juice"},{"floor":48,"key":"Poison Potion"}],"is_trial":false,"path_per_floor":["M","T","M","?","M","E","R","E","T","R","E","M","?","M","R","B",null,"M","$","?","?","M","R","M","M","T","M","R","M","R","E","R","B",null,"M","$","M","M","M","E","?","M","T","R","E","?","E","M","R"],"character_chosen":"IRONCLAD","items_purchased":["Reaper"],"campfire_rested":7,"item_purchase_floors":[36],"current_hp_per_floor":[79,79,74,74,72,37,61,54,54,54,38,37,30,30,54,30,80,53,53,53,53,51,51,32,6,6,4,28,21,45,44,68,15,83,38,38,41,44,15,16,73,49,54,77,63,53,28,7,31,0],"gold":0,"neow_bonus":"BOSS_RELIC","is_prod":false,"is_daily":false,"chose_seed":false,"campfire_upgraded":2,"win_rate":0,"timestamp":1538044070,"path_taken":["M","?","M","?","M","E","R","E","T","R","E","M","?","M","R","BOSS","M","$","?","?","?","R","M","M","T","M","R","M","R","E","R","BOSS","M","?","?","M","M","E","?","M","T","R","E","?","E","M","R","BOSS"],"build_version":"2018-09-20","purchased_purges":0,"victory":false,"max_hp_per_floor":[80,80,80,80,80,80,80,80,80,80,80,80,80,80,80,80,80,80,80,80,80,80,80,80,80,80,83,83,83,83,83,83,83,83,83,83,83,83,83,83,73,73,78,78,78,78,81,83,83,83],"card_choices":[{"not_picked":["Anger","Rage"],"picked":"Flex","floor":1},{"not_picked":["Twin Strike","Entrench","Burning Pact"],"picked":"True Grit","floor":3},{"not_picked":["Sword Boomerang","Wild Strike","Burning Pact"],"picked":"Pommel Strike","floor":5},{"not_picked":["Heavy Blade","Metallicize","Warcry","Bludgeon"],"picked":"SKIP","floor":6},{"not_picked":["Clothesline","Feel No Pain","Inflame"],"picked":"Pommel Strike","floor":8},{"not_picked":["Iron Wave","Flex","Cleave"],"picked":"Rampage","floor":11},{"not_picked":["Whirlwind","Heavy Blade","Pommel Strike","Fire Breathing"],"picked":"SKIP","floor":12},{"not_picked":["Thunderclap","Corruption","Armaments"],"picked":"Headbutt","floor":14},{"not_picked":["Impervious","Bludgeon","Juggernaut"],"picked":"Feed","floor":16},{"not_picked":["Heavy Blade","Body Slam+1","Thunderclap"],"picked":"Pummel","floor":18},{"not_picked":["Body Slam","Havoc","Anger","Pummel"],"picked":"SKIP","floor":22},{"not_picked":["Sentinel","Shrug It Off","Perfected Strike"],"picked":"Headbutt","floor":24},{"not_picked":["Dropkick","Armaments","Flex+1"],"picked":"Fire Breathing+1","floor":25},{"not_picked":["Carnage","Brutality","Warcry"],"picked":"Spot Weakness+1","floor":27},{"not_picked":["Flex","Thunderclap","Iron Wave"],"picked":"True Grit","floor":29},{"not_picked":["Warcry+1","Clash","Wild Strike"],"picked":"Battle Trance","floor":31},{"not_picked":["Immolate","Brutality","Bludgeon"],"picked":"Demon Form","floor":33},{"not_picked":["Reckless Charge","Power Through","True Grit"],"picked":"Rage+1","floor":35},{"not_picked":["Body Slam+1","Thunderclap+1","Anger+1","Bloodletting"],"picked":"SKIP","floor":35},{"not_picked":["Sword Boomerang","Flex","Shockwave"],"picked":"Twin Strike+1","floor":37},{"not_picked":["Whirlwind","Wild Strike+1","Evolve"],"picked":"Burning Pact+1","floor":37},{"not_picked":["Sever Soul","Juggernaut","Shrug It Off+1"],"picked":"Sword Boomerang+1","floor":38},{"not_picked":["Flex+1","Thunderclap","Hemokinesis+1"],"picked":"Warcry+1","floor":38},{"not_picked":["Inflame","Rupture+1","Twin Strike"],"picked":"Shrug It Off+1","floor":39},{"not_picked":["Dual Wield+1","Burning Pact","Wild Strike+1"],"picked":"Intimidate+1","floor":39},{"not_picked":["Entrench+1","Ghostly Armor+1","Intimidate"],"picked":"Pummel","floor":40},{"not_picked":["Immolate","Clothesline+1","Warcry"],"picked":"Flex+1","floor":42},{"not_picked":["Twin Strike","Wild Strike","Inflame+1"],"picked":"Headbutt+1","floor":42},{"not_picked":["Blood for Blood+1","Twin Strike+1","Sever Soul+1"],"picked":"Armaments+1","floor":45},{"not_picked":["Immolate","Reckless Charge+1","Entrench+1"],"picked":"Clash","floor":47},{"not_picked":["Spot Weakness+1","Wild Strike","Entrench+1","Heavy Blade+1"],"picked":"Singing Bowl","floor":48},{"not_picked":["Dual Wield+1","Thunderclap","Iron Wave+1"],"picked":"Infernal Blade+1","floor":48}],"player_experience":281285,"relics_obtained":[{"floor":2,"key":"Question Card"},{"floor":6,"key":"PreservedInsect"},{"floor":8,"key":"Sundial"},{"floor":9,"key":"Lantern"},{"floor":11,"key":"Bronze Scales"},{"floor":26,"key":"Red Skull"},{"floor":31,"key":"Charon\u0027s Ashes"},{"floor":31,"key":"Prayer Wheel"},{"floor":40,"key":"Darkstone Periapt"},{"floor":40,"key":"Dodecahedron"},{"floor":43,"key":"Toxic Egg 2"},{"floor":45,"key":"Pen Nib"},{"floor":45,"key":"Omamori"},{"floor":47,"key":"Singing Bowl"},{"floor":47,"key":"Frozen Egg 2"}],"event_choices":[{"event_name":"Liars Game","player_choice":"agreed","floor":4,"damage_taken":0},{"event_name":"Golden Wing","player_choice":"Card Removal","floor":13,"damage_taken":0},{"event_name":"Addict","player_choice":"Stole Relic","floor":20,"damage_taken":0},{"event_name":"Beggar","player_choice":"Ignored","floor":21,"damage_taken":0},{"event_name":"The Moai Head","player_choice":"Heal","floor":41,"damage_taken":0},{"event_name":"Winding Halls","player_choice":"Embrace Madness","floor":46,"damage_taken":0}],"is_beta":false,"boss_relics":[{"not_picked":["Empty Cage","Cursed Key"],"picked":"Black Star"},{"not_picked":["Sozu","Astrolabe"],"picked":"Fusion Hammer"}],"items_purged_floors":[],"is_endless":false,"potions_floor_spawned":[3,5,14,18,27,33,35,37,40,42,48],"killed_by":"Time Eater","ascension_level":3}