{"gold_per_floor":[111,121,296,296,316,350,350,365,365,396,416,416,429,95,95,200,200,215,215,230,243,253,279,29,29,29,75,0,0,10,36,36,138,138,153,153,170,170,170,199,199,210,235,3,29,40,40],"floor_reached":47,"playtime":15857,"items_purged":["Strike_G","Strike_G","Regret"],"score":928,"play_id":"a6720dc9-4a83-4f5a-b2d1-b75c6d790fbe","local_time":"20190603120251","is_ascension_mode":true,"campfire_choices":[{"floor":15.0,"key":"REST"},{"floor":25.0,"key":"REST"},{"floor":32.0,"key":"REST"},{"floor":41,"key":"REST"}],"neow_cost":"NONE","seed_source_timestamp":0,"circlet_count":0,"master_deck":["Survivor","Neutralize+1","Cloak And Dagger","Footwork+1","Tools of the Trade","Backflip","Dash","Cloak And Dagger+1","Bullet Time","Footwork","Corpse Explosion+1","Predator","Burst","Dodge and Roll","Dash","Noxious Fumes+1","Dash","Setup","Writhe","PiercingWail+1","Catalyst+1","After Image","Deflect","Caltrops","Corpse Explosion","Expertise","Expertise","Burst","Dash","Footwork","Madness","Madness","Caltrops","Thinking Ahead","Backflip","Deadly Poison","Caltrops","Well Laid Plans","Flechettes"],"special_seed":0,"relics":["Fusion Hammer","Spirit Poop","Anchor","Matryoshka","Cursed Key","Blood Vial","Whetstone","Pen Nib","Bottled Flame","Vajra","War Paint","Bag of Preparation","Pandora\u0027s Box","Orichalcum","MawBank","The Specimen"],"potions_floor_usage":[45,47],"damage_taken":[{"damage":1.0,"enemies":"Jaw Worm","floor":1.0,"turns":5.0},{"damage":0.0,"enemies":"Small Slimes","floor":2.0,"turns":4.0},{"damage":0.0,"enemies":"Cultist","floor":5.0,"turns":4.0},{"damage":31.0,"enemies":"3 Sentries","floor":6.0,"turns":15.0},{"damage":0.0,"enemies":"Blue Slaver","floor":8.0,"turns":5.0},{"damage":29.0,"enemies":"Gremlin Nob","floor":10.0,"turns":7.0},{"damage":0.0,"enemies":"2 Fungi Beasts","floor":11.0,"turns":4.0},{"damage":0.0,"enemies":"3 Louse","floor":13.0,"turns":4.0},{"damage":0.0,"enemies":"Hexaghost","floor":16.0,"turns":8.0},{"damage":0.0,"enemies":"Chosen","floor":18.0,"turns":6.0},{"damage":0.0,"enemies":"3 Byrds","floor":20.0,"turns":3.0},{"damage":8.0,"enemies":"Snecko","floor":21.0,"turns":8.0},{"damage":1.0,"enemies":"Centurion and Healer","floor":22.0,"turns":5.0},{"damage":20.0,"enemies":"Slavers","floor":23.0,"turns":3.0},{"damage":10.0,"enemies":"Chosen and Byrds","floor":30.0,"turns":8.0},{"damage":19.0,"enemies":"Gremlin Leader","floor":31.0,"turns":7.0},{"damage":25.0,"enemies":"Collector","floor":33.0,"turns":9.0},{"damage":10.0,"enemies":"3 Darklings","floor":35.0,"turns":3.0},{"damage":0.0,"enemies":"Orb Walker","floor":37.0,"turns":4.0},{"damage":22.0,"enemies":"Nemesis","floor":40.0,"turns":6.0},{"damage":0,"enemies":"Maw","floor":42,"turns":8},{"damage":39,"enemies":"Reptomancer","floor":45,"turns":7},{"damage":22,"enemies":"Spire Growth","floor":46,"turns":5},{"damage":19,"enemies":"3 Darklings","floor":47,"turns":1}],"seed_played":"-4318975274332103173","potions_obtained":[{"floor":6.0,"key":"GhostInAJar"},{"floor":10.0,"key":"PowerPotion"},{"floor":11.0,"key":"Poison Potion"},{"floor":13.0,"key":"Poison Potion"},{"floor":19.0,"key":"SkillPotion"},{"floor":19.0,"key":"Explosive Potion"},{"floor":19.0,"key":"Swift Potion"},{"floor":30.0,"key":"FairyPotion"},{"floor":31.0,"key":"SpeedPotion"},{"floor":37.0,"key":"AttackPotion"},{"floor":46,"key":"Dexterity Potion"}],"is_trial":false,"path_per_floor":["M","M","?","?","M","E","?","M","T","E","M","?","M","$","R","B",null,"M","?","M","M","M","E","$","R","T","T","?","$","M","E","R","B",null,"M","?","M","?","?","E","R","M","T","$","E","M","M"],"character_chosen":"THE_SILENT","items_purchased":["Footwork","Corpse Explosion","Predator","Whetstone","Deadly Poison","Caltrops"],"campfire_rested":4,"item_purchase_floors":[14,14,14,24,44,44],"current_hp_per_floor":[62,62,62,62,62,31,36,36,36,7,7,7,7,7,29,29,64,64,64,64,56,55,35,35,57,57,57,57,57,49,32,54,31,64,56,47,49,49,49,29,51,53,53,53,16,7,0],"gold":40,"neow_bonus":"BOSS_RELIC","is_prod":false,"is_daily":false,"chose_seed":false,"campfire_upgraded":0,"win_rate":0,"timestamp":1559577771,"path_taken":["M","M","?","?","?","E","?","M","T","E","M","?","M","$","R","BOSS","M","?","?","M","?","E","?","R","T","?","?","?","?","E","R","BOSS","M","?","M","?","?","E","R","M","T","?","E","M","M"],"build_version":"2019-01-23","purchased_purges":3,"victory":false,"max_hp_per_floor":[70,70,70,70,70,70,75,75,75,75,75,75,75,75,75,75,75,75,75,75,75,75,75,75,75,75,75,75,75,75,75,75,75,75,75,75,75,75,75,75,75,75,75,75,75,75,75],"card_choices":[{"not_picked":["Slice","Flying Knee"],"picked":"Cloak And Dagger","floor":1.0},{"not_picked":["Prepared","Finisher","Bane"],"picked":"SKIP","floor":2.0},{"not_picked":["Endless Agony","Dodge and Roll"],"picked":"Footwork","floor":5.0},{"not_picked":["Calculated Gamble","Bane"],"picked":"Tools of the Trade","floor":6.0},{"not_picked":["PiercingWail","Poisoned Stab"],"picked":"Backflip","floor":8.0},{"not_picked":["Dagger Spray","Unload"],"picked":"Dash","floor":10.0},{"not_picked":["Deflect","Blade Dance"],"picked":"Cloak And Dagger","floor":11.0},{"not_picked":["Poisoned Stab","Deflect"],"picked":"Bullet Time","floor":13.0},{"not_picked":["Envenom","Die Die Die"],"picked":"Burst","floor":16.0},{"not_picked":["Deadly Poison","Dagger Throw+1"],"picked":"Dodge and Roll","floor":18.0},{"not_picked":["Glass Knife","Masterful Stab+1"],"picked":"Dash","floor":20.0},{"not_picked":["Deflect","Prepared"],"picked":"Noxious Fumes+1","floor":21.0},{"not_picked":["Skewer","Slice"],"picked":"Dash","floor":22.0},{"not_picked":["Dagger Throw","Accuracy+1"],"picked":"Setup","floor":23.0},{"not_picked":["Blade Dance","Unload"],"picked":"PiercingWail+1","floor":30.0},{"not_picked":["Deflect","Die Die Die"],"picked":"Catalyst+1","floor":31.0},{"not_picked":["Venomology","Die Die Die"],"picked":"After Image","floor":33.0},{"not_picked":["Deadly Poison+1","Deflect+1"],"picked":"Footwork","floor":35.0},{"not_picked":["Flying Knee+1","Deadly Poison+1"],"picked":"Caltrops","floor":37.0},{"not_picked":["Forethought","Deep Breath"],"picked":"Thinking Ahead","floor":39.0},{"not_picked":["Blade Dance+1","Bane","Bullet Time"],"picked":"SKIP","floor":40.0},{"not_picked":["Dagger Spray","Deflect"],"picked":"Backflip","floor":42},{"not_picked":["Choke+1","Setup+1"],"picked":"Well Laid Plans","floor":45},{"not_picked":["Poisoned Stab","Backflip"],"picked":"Flechettes","floor":46}],"player_experience":1454867,"relics_obtained":[{"floor":6.0,"key":"Anchor"},{"floor":10.0,"key":"Matryoshka"},{"floor":23.0,"key":"Blood Vial"},{"floor":26.0,"key":"Pen Nib"},{"floor":26.0,"key":"Bottled Flame"},{"floor":27.0,"key":"Vajra"},{"floor":27.0,"key":"War Paint"},{"floor":31.0,"key":"Bag of Preparation"},{"floor":40.0,"key":"Orichalcum"},{"floor":43,"key":"MawBank"},{"floor":45,"key":"The Specimen"}],"event_choices":[{"damage_healed":0.0,"max_hp_gain":0.0,"max_hp_loss":0.0,"gold_gain":175.0,"event_name":"Liars Game","player_choice":"AGREE","floor":3.0,"gold_loss":0.0,"damage_taken":0.0,"cards_obtained":["Doubt"]},{"cards_removed":["Doubt"],"damage_healed":0.0,"max_hp_gain":0.0,"max_hp_loss":0.0,"gold_gain":0.0,"event_name":"Bonfire Elementals","player_choice":"Offered Curse","floor":4.0,"gold_loss":0.0,"damage_taken":0.0,"relics_obtained":["Spirit Poop"]},{"damage_healed":0.0,"max_hp_gain":5.0,"max_hp_loss":0.0,"gold_gain":0.0,"event_name":"Big Fish","player_choice":"Donut","floor":7.0,"gold_loss":0.0,"damage_taken":0.0},{"damage_healed":0.0,"max_hp_gain":0.0,"max_hp_loss":0.0,"gold_gain":0.0,"event_name":"Living Wall","player_choice":"Grow","floor":12.0,"gold_loss":0.0,"damage_taken":0.0,"cards_upgraded":["Footwork"]},{"damage_healed":0.0,"max_hp_gain":0.0,"max_hp_loss":0.0,"gold_gain":0.0,"event_name":"Lab","player_choice":"Got Potions","floor":19.0,"gold_loss":0.0,"damage_taken":0.0},{"cards_removed":["Decay"],"damage_healed":0.0,"max_hp_gain":0.0,"max_hp_loss":0.0,"gold_gain":0.0,"event_name":"Beggar","player_choice":"Gave Gold","floor":28.0,"gold_loss":75.0,"damage_taken":0.0},{"damage_healed":0.0,"max_hp_gain":0.0,"max_hp_loss":0.0,"gold_gain":0.0,"event_name":"Winding Halls","player_choice":"Embrace Madness","floor":36.0,"gold_loss":0.0,"damage_taken":9.0,"cards_obtained":["Madness","Madness"]},{"cards_removed":["Riddle With Holes"],"damage_healed":0.0,"max_hp_gain":0.0,"max_hp_loss":0.0,"gold_gain":0.0,"event_name":"Falling","player_choice":"Removed Attack","floor":38.0,"gold_loss":0.0,"damage_taken":0.0},{"damage_healed":0.0,"max_hp_gain":0.0,"max_hp_loss":0.0,"gold_gain":0.0,"event_name":"SensoryStone","player_choice":"Memory 1","floor":39.0,"gold_loss":0.0,"damage_taken":0.0}],"is_beta":false,"boss_relics":[{"not_picked":["Orrery","Runic Dome"],"picked":"Cursed Key"},{"not_picked":["Sozu","Runic Pyramid"],"picked":"Pandora\u0027s Box"}],"items_purged_floors":[14,24,44],"is_endless":false,"potions_floor_spawned":[6,10,11,13,30,31,37,46],"killed_by":"3 Darklings","ascension_level":8}