{"gold_per_floor":[114,114,114,114,131,160,10,10,63,63,76,91,91,91,91,188,188,199,51,62,62,80,80,92,92,92,92,104,104,104],"floor_reached":30,"playtime":855,"items_purged":[],"score":308,"play_id":"26ac40bc-a067-4847-a75c-ee4f6b4f0351","local_time":"20190502151705","is_ascension_mode":true,"campfire_choices":[{"floor":10,"key":"REST"},{"data":"Darkness","floor":13,"key":"SMITH"},{"floor":15,"key":"REST"},{"data":"Double Energy","floor":23,"key":"SMITH"},{"floor":25,"key":"REST"}],"neow_cost":"NONE","seed_source_timestamp":488295112017644,"circlet_count":0,"master_deck":["Strike_B+1","Strike_B","Strike_B","Defend_B","Defend_B","Defend_B+1","Defend_B","Zap+1","Dualcast","Sweeping Beam","Ball Lightning","Stack","Darkness+1","Chill","Double Energy+1","Lockon","Coolheaded"],"relics":["Cracked Core","Omamori","Regal Pillow","Lantern","Velvet Choker","Bronze Scales","Boot"],"potions_floor_usage":[18,20,20,24,28,30,30],"damage_taken":[{"damage":1,"enemies":"Cultist","floor":1,"turns":4},{"damage":4,"enemies":"2 Louse","floor":5,"turns":3},{"damage":22,"enemies":"Lagavulin","floor":6,"turns":5},{"damage":0,"enemies":"Small Slimes","floor":11,"turns":2},{"damage":21,"enemies":"Exordium Thugs","floor":12,"turns":5},{"damage":38,"enemies":"Slime Boss","floor":16,"turns":7},{"damage":0,"enemies":"Chosen","floor":18,"turns":4},{"damage":0,"enemies":"3 Byrds","floor":20,"turns":5},{"damage":13,"enemies":"3 Cultists","floor":22,"turns":5},{"damage":39,"enemies":"Centurion and Healer","floor":24,"turns":10},{"damage":35,"enemies":"Snecko","floor":28,"turns":5},{"damage":21,"enemies":"Chosen and Byrds","floor":30,"turns":4}],"seed_played":"7822261200114943778","potions_obtained":[{"floor":1,"key":"Regen Potion"},{"floor":16,"key":"Fire Potion"},{"floor":18,"key":"EntropicBrew"},{"floor":24,"key":"SteroidPotion"}],"is_trial":false,"path_per_floor":["M","?","?","?","M","E","$","?","T","R","M","M","R","?","R","B",null,"M","$","M","?","M","R","M","R","T","?","M","?","M"],"character_chosen":"DEFECT","items_purchased":["Regal Pillow","Bronze Scales"],"campfire_rested":3,"item_purchase_floors":[7,19],"current_hp_per_floor":[67,52,52,52,48,26,26,31,31,70,70,49,49,49,80,42,71,71,71,80,80,67,67,28,67,67,52,17,17,0],"gold":104,"neow_bonus":"UPGRADE_CARD","is_prod":false,"is_daily":false,"chose_seed":false,"campfire_upgraded":2,"win_rate":0,"timestamp":1556781425,"path_taken":["M","?","?","?","?","E","$","?","T","R","M","M","R","?","R","BOSS","M","$","M","?","?","R","M","R","T","?","M","?","M"],"build_version":"2019-01-23","purchased_purges":0,"victory":false,"max_hp_per_floor":[75,75,75,75,75,75,75,80,80,80,80,80,80,80,80,80,80,80,80,80,80,80,80,80,80,80,85,85,85,85],"card_choices":[{"not_picked":["Consume","Chill"],"picked":"Sweeping Beam","floor":1},{"not_picked":["Redo","Heatsinks"],"picked":"Ball Lightning","floor":5},{"not_picked":["Cold Snap","Sweeping Beam"],"picked":"Stack","floor":6},{"not_picked":["Ball Lightning","Beam Cell"],"picked":"Darkness","floor":11},{"not_picked":["Conserve Battery","Beam Cell"],"picked":"Chill","floor":12},{"not_picked":["Chaos","Darkness","Cold Snap+1"],"picked":"SKIP","floor":18},{"not_picked":["Barrage","Double Energy","Streamline"],"picked":"SKIP","floor":20},{"not_picked":["Barrage","Streamline"],"picked":"Double Energy","floor":20},{"not_picked":["Beam Cell+1","Force Field","Stack"],"picked":"SKIP","floor":22},{"not_picked":["Gash","Go for the Eyes"],"picked":"Lockon","floor":24},{"not_picked":["Heatsinks","Barrage"],"picked":"Coolheaded","floor":28}],"player_experience":846121,"relics_obtained":[{"floor":6,"key":"Omamori"},{"floor":9,"key":"Lantern"},{"floor":26,"key":"Boot"}],"event_choices":[{"damage_healed":0,"gold_gain":0,"player_choice":"Entered Light","damage_taken":15,"max_hp_gain":0,"max_hp_loss":0,"event_name":"Shining Light","floor":2,"gold_loss":0,"cards_upgraded":["Defend_B","Strike_B"]},{"damage_healed":0,"gold_gain":0,"player_choice":"Ignored","damage_taken":0,"max_hp_gain":0,"max_hp_loss":0,"event_name":"Golden Wing","floor":3,"gold_loss":0},{"damage_healed":0,"gold_gain":0,"player_choice":"Ignored","damage_taken":0,"max_hp_gain":0,"max_hp_loss":0,"event_name":"Liars Game","floor":4,"gold_loss":0},{"damage_healed":0,"gold_gain":0,"player_choice":"Donut","damage_taken":0,"max_hp_gain":5,"max_hp_loss":0,"event_name":"Big Fish","floor":8,"gold_loss":0},{"damage_healed":0,"gold_gain":0,"player_choice":"Searched \u00270\u0027 times","damage_taken":0,"max_hp_gain":0,"max_hp_loss":0,"event_name":"Dead Adventurer","floor":14,"gold_loss":0},{"cards_removed":["Strike_B"],"damage_healed":0,"gold_gain":0,"player_choice":"Purged","damage_taken":0,"max_hp_gain":0,"max_hp_loss":0,"event_name":"Purifier","floor":21,"gold_loss":0},{"damage_healed":0,"gold_gain":0,"player_choice":"Shed Blood","damage_taken":20,"max_hp_gain":5,"max_hp_loss":0,"event_name":"Forgotten Altar","floor":27,"gold_loss":0},{"damage_healed":0,"gold_gain":0,"player_choice":"Ignored","damage_taken":0,"max_hp_gain":0,"max_hp_loss":0,"event_name":"Cursed Tome","floor":29,"gold_loss":0}],"is_beta":false,"boss_relics":[{"not_picked":["Black Star","Ectoplasm"],"picked":"Velvet Choker"}],"items_purged_floors":[],"is_endless":false,"potions_floor_spawned":[1,16,18,24],"killed_by":"Chosen and Byrds","ascension_level":7}