{"gold_per_floor":[112,112,187,199,218,218,97,97,123,123,140,155,3,18,18,121,121,135,60,76,94,94,94,104,118,118,131,131,143,143,143,143,245,245,264,282,329,349,349,359,373,373,398,398,40,60,60,70,70,70],"floor_reached":51,"playtime":2880,"items_purged":[],"score":645,"play_id":"2aa6c6df-c36d-4527-a88f-147bba8a1ac5","local_time":"20180728012243","is_ascension_mode":false,"campfire_choices":[{"floor":6,"key":"REST"},{"data":"Redo","floor":8,"key":"SMITH"},{"data":"Defragment","floor":15,"key":"SMITH"},{"data":"Self Repair","floor":23,"key":"SMITH"},{"data":"Storm","floor":28,"key":"SMITH"},{"floor":30,"key":"REST"},{"data":"Machine Learning","floor":32,"key":"SMITH"},{"floor":42,"key":"REST"},{"data":"White Noise","floor":44,"key":"SMITH"},{"data":"Amplify","floor":47,"key":"SMITH"},{"floor":49,"key":"REST"}],"neow_cost":"NONE","seed_source_timestamp":302791579847245,"circlet_count":0,"master_deck":["Strike_B","Strike_B","Strike_B","Strike_B","Defend_B","Defend_B","Defend_B","Zap","Dualcast","Amplify+1","Static Discharge","Glacier","Coolheaded","Storm+1","Redo+1","Genetic Algorithm","Genetic Algorithm","Defragment+1","Chill","Sweeping Beam","Electrodynamics","Gash+1","Leap","Self Repair+1","Chill","Machine Learning+1","Barrage","Go for the Eyes","Biased Cognition","Aggregate","White Noise+1","Darkness+1","Chaos+1","BootSequence+1","Ball Lightning","Beam Cell","Barrage+1","Beam Cell+1","Hello World+1","Barrage","Bandage Up","Auto Shields+1","Capacitor"],"relics":["Cracked Core","Pen Nib","Ancient Tea Set","Inserter","Regal Pillow","Orrery","Torii","Orichalcum","Bottled Lightning"],"potions_floor_usage":[11,12,16,16,25,29,37,37,41],"damage_taken":[{"damage":3,"enemies":"Jaw Worm","floor":1,"turns":3},{"damage":10,"enemies":"2 Louse","floor":4,"turns":3},{"damage":10,"enemies":"Small Slimes","floor":5,"turns":4},{"damage":9,"enemies":"Gremlin Gang","floor":11,"turns":4},{"damage":4,"enemies":"Exordium Wildlife","floor":12,"turns":3},{"damage":4,"enemies":"Blue Slaver","floor":14,"turns":4},{"damage":20,"enemies":"Slime Boss","floor":16,"turns":14},{"damage":1,"enemies":"2 Thieves","floor":18,"turns":4},{"damage":14,"enemies":"Spheric Guardian","floor":20,"turns":3},{"damage":4,"enemies":"Snake Plant","floor":21,"turns":7},{"damage":5,"enemies":"Chosen and Byrds","floor":24,"turns":6},{"damage":5,"enemies":"Centurion and Healer","floor":25,"turns":7},{"damage":36,"enemies":"Snake Plant","floor":27,"turns":5},{"damage":15,"enemies":"Snecko","floor":29,"turns":4},{"damage":35,"enemies":"Automaton","floor":33,"turns":10},{"damage":6,"enemies":"3 Shapes","floor":35,"turns":3},{"damage":6,"enemies":"Flame Bruiser 1 Orb","floor":36,"turns":6},{"damage":42,"floor":37,"turns":5},{"damage":2,"enemies":"Sphere and 2 Shapes","floor":38,"turns":5},{"damage":18,"enemies":"3 Darklings","floor":40,"turns":6},{"damage":9,"enemies":"Transient","floor":41,"turns":5},{"damage":12,"enemies":"Flame Bruiser 2 Orb","floor":46,"turns":4},{"damage":0,"enemies":"3 Darklings","floor":48,"turns":3},{"damage":49,"enemies":"Time Eater","floor":50,"turns":7}],"seed_played":"385893891974354438","potions_obtained":[{"floor":1,"key":"Fire Potion"},{"floor":4,"key":"FearPotion"},{"floor":5,"key":"Weak Potion"},{"floor":11,"key":"SkillPotion"},{"floor":18,"key":"SteroidPotion"},{"floor":21,"key":"SpeedPotion"},{"floor":24,"key":"Swift Potion"},{"floor":27,"key":"AttackPotion"},{"floor":33,"key":"GamblersBrew"},{"floor":35,"key":"FearPotion"},{"floor":37,"key":"Block Potion"},{"floor":40,"key":"Ancient Potion"}],"is_trial":false,"path_per_floor":["M","?","?","M","M","R","$","R","T","?","M","M","$","M","R","B",null,"M","?","M","M","?","R","M","M","T","M","R","M","R","?","R","B",null,"M","M","?","M","?","M","M","R","T","R","$","M","R","M","R","B"],"character_chosen":"DEFECT","items_purchased":["Storm","Redo","Defragment","Chill","Bottled Lightning","Bandage Up"],"campfire_rested":4,"item_purchase_floors":[7,7,13,13,45,45],"current_hp_per_floor":[72,77,66,56,46,70,70,70,70,58,49,45,45,41,41,21,80,79,79,65,61,61,61,66,80,80,64,64,59,80,80,80,55,80,80,80,38,46,46,38,39,78,78,78,78,66,66,66,80,52],"gold":70,"neow_bonus":"ONE_RANDOM_RARE_CARD","is_prod":false,"is_daily":false,"chose_seed":false,"campfire_upgraded":7,"win_rate":0,"timestamp":1532712163,"path_taken":["M","?","?","M","?","R","$","R","T","?","M","M","?","M","R","BOSS","M","?","M","M","?","R","M","M","T","M","R","M","R","?","R","BOSS","M","M","?","?","?","M","M","R","T","R","$","M","R","M","R","BOSS"],"build_version":"2018-07-26","purchased_purges":0,"victory":true,"max_hp_per_floor":[75,80,80,80,80,80,80,80,80,80,80,80,80,80,80,80,80,80,80,80,80,80,80,80,80,80,80,80,80,80,80,80,80,80,80,80,80,80,80,80,80,80,80,80,80,80,80,80,80,80],"card_choices":[{"not_picked":["Doom and Gloom","Fusion"],"picked":"Static Discharge","floor":1},{"not_picked":["Compile Driver","Go for the Eyes"],"picked":"Glacier","floor":4},{"not_picked":["Rip and Tear","Reboot"],"picked":"Coolheaded","floor":5},{"not_picked":["Double Energy","Consume"],"picked":"Genetic Algorithm","floor":11},{"not_picked":["Steam Power","Go for the Eyes"],"picked":"Genetic Algorithm","floor":12},{"not_picked":["Go for the Eyes","Barrage"],"picked":"Sweeping Beam","floor":14},{"not_picked":["Thunder Strike","Seek"],"picked":"Electrodynamics","floor":16},{"not_picked":["Streamline","Barrage"],"picked":"Gash+1","floor":18},{"not_picked":["Stack","Lockon"],"picked":"Leap","floor":20},{"not_picked":["Tempest","Ball Lightning"],"picked":"Self Repair","floor":21},{"not_picked":["Compile Driver","Capacitor"],"picked":"Chill","floor":24},{"not_picked":["Reprogram","Hologram"],"picked":"Machine Learning","floor":25},{"not_picked":["Streamline","Conserve Battery"],"picked":"Barrage","floor":27},{"not_picked":["Compile Driver","Gash"],"picked":"Go for the Eyes","floor":29},{"not_picked":["Machine Learning","All For One"],"picked":"Biased Cognition","floor":33},{"not_picked":["Streamline","Turbo"],"picked":"Aggregate","floor":34},{"not_picked":["Coolheaded+1","Steam"],"picked":"White Noise","floor":34},{"not_picked":["Double Energy","Redo"],"picked":"Darkness+1","floor":34},{"not_picked":["Steam","Streamline"],"picked":"Chaos+1","floor":34},{"not_picked":["Barrage","Thunder Strike"],"picked":"BootSequence+1","floor":34},{"not_picked":["Gash","Hologram"],"picked":"Ball Lightning","floor":35},{"not_picked":["Stack","Rebound+1"],"picked":"Beam Cell","floor":36},{"not_picked":["Hologram+1","Reboot"],"picked":"Barrage+1","floor":37},{"not_picked":["Recycle+1","Coolheaded+1"],"picked":"Beam Cell+1","floor":38},{"not_picked":["Streamline+1","Chill"],"picked":"Hello World+1","floor":40},{"not_picked":["Steam","Conserve Battery+1"],"picked":"Barrage","floor":41},{"not_picked":["Streamline","Sweeping Beam"],"picked":"Auto Shields+1","floor":46},{"not_picked":["Recycle","FTL"],"picked":"Capacitor","floor":48}],"player_experience":176747,"relics_obtained":[{"floor":9,"key":"Pen Nib"},{"floor":26,"key":"Regal Pillow"},{"floor":37,"key":"Torii"},{"floor":43,"key":"Orichalcum"}],"event_choices":[{"event_name":"Big Fish","player_choice":"Donut","floor":2,"damage_taken":0},{"event_name":"World of Goop","player_choice":"Gather Gold","floor":3,"damage_taken":0},{"event_name":"Scrap Ooze","player_choice":"success","floor":10,"damage_taken":12},{"event_name":"Beggar","player_choice":"Gave Gold","floor":19,"damage_taken":0},{"event_name":"Drug Dealer","player_choice":"Ignored","floor":22,"damage_taken":0},{"event_name":"Ghosts","player_choice":"Ignored","floor":31,"damage_taken":0},{"event_name":"Mysterious Sphere","player_choice":"Fight","floor":37,"damage_taken":0},{"event_name":"Tomb of Lord Red Mask","player_choice":"Ignored","floor":39,"damage_taken":0}],"is_beta":false,"boss_relics":[{"not_picked":["Busted Crown","Astrolabe"],"picked":"Inserter"},{"not_picked":["Philosopher\u0027s Stone","Snecko Eye"],"picked":"Orrery"}],"items_purged_floors":[],"is_endless":false,"potions_floor_spawned":[1,4,5,11,18,21,24,27,33,35,37,40],"ascension_level":0}