{"gold_per_floor":[115,130,130,143,161,188,200,212,250,286,317,329,341,353,365,500,512,513,548,560],"floor_reached":20,"playtime":1122,"items_purged":[],"score":176,"play_id":"6873a981-fba0-41c8-ad90-952344996673","local_time":"20181025195334","is_ascension_mode":false,"campfire_choices":[{"floor":8,"key":"REST"},{"floor":12,"key":"REST"},{"floor":15,"key":"REST"}],"neow_cost":"NONE","seed_source_timestamp":207768517352214,"circlet_count":0,"master_deck":["Strike_B","Strike_B","Strike_B","Strike_B","Defend_B","Defend_B","Defend_B","Defend_B","Zap","Dualcast","Madness","Genetic Algorithm","Conserve Battery","Conserve Battery","Redo","Darkness","Double Energy","Redo","Fission","White Noise","White Noise+1"],"relics":["FrozenCore","MawBank","Golden Idol","Bag of Marbles","Art of War"],"potions_floor_usage":[16],"damage_taken":[{"damage":3,"enemies":"Jaw Worm","floor":1,"turns":3},{"damage":5,"enemies":"Small Slimes","floor":2,"turns":4},{"damage":0,"enemies":"Cultist","floor":4,"turns":4},{"damage":7,"enemies":"Blue Slaver","floor":5,"turns":5},{"damage":19,"enemies":"3 Sentries","floor":6,"turns":7},{"damage":9,"enemies":"Large Slime","floor":10,"turns":6},{"damage":7,"enemies":"Lots of Slimes","floor":11,"turns":5},{"damage":21,"enemies":"The Guardian","floor":16,"turns":9},{"damage":11,"enemies":"2 Thieves","floor":18,"turns":5},{"damage":41,"enemies":"Spheric Guardian","floor":19,"turns":8},{"damage":35,"enemies":"3 Cultists","floor":20,"turns":4}],"seed_played":"-4187897490790611604","potions_obtained":[{"floor":11,"key":"AttackPotion"},{"floor":16,"key":"FairyPotion"},{"floor":18,"key":"EssenceOfSteel"}],"is_trial":false,"path_per_floor":["M","M","$","M","M","E","?","R","T","M","M","R","?","?","R","B",null,"M","M"],"character_chosen":"DEFECT","items_purchased":[],"campfire_rested":3,"item_purchase_floors":[],"current_hp_per_floor":[72,67,67,67,60,41,41,63,63,54,47,69,69,62,75,54,75,64,23,0],"gold":560,"neow_bonus":"RANDOM_COLORLESS","is_prod":false,"is_daily":false,"chose_seed":false,"campfire_upgraded":0,"win_rate":0,"timestamp":1540468414,"path_taken":["M","M","$","M","M","E","?","R","T","M","M","R","?","?","R","BOSS","M","M","?"],"build_version":"2018-10-18","purchased_purges":0,"victory":false,"max_hp_per_floor":[75,75,75,75,75,75,75,75,75,75,75,75,75,75,75,75,75,75,75,75],"card_choices":[{"not_picked":["Rebound","Undo"],"picked":"Genetic Algorithm","floor":1},{"not_picked":["Streamline","Go for the Eyes"],"picked":"Conserve Battery","floor":2},{"not_picked":["Skim","Recycle"],"picked":"Conserve Battery","floor":4},{"not_picked":["Sweeping Beam","Leap"],"picked":"Redo","floor":5},{"not_picked":["Aggregate","Biased Cognition"],"picked":"Darkness","floor":6},{"not_picked":["Blizzard","Hologram"],"picked":"Double Energy","floor":10},{"not_picked":["Coolheaded","Aggregate"],"picked":"Redo","floor":11},{"not_picked":["All For One","Hyperbeam"],"picked":"Fission","floor":16},{"not_picked":["Hologram","Auto Shields+1"],"picked":"White Noise","floor":18},{"not_picked":["Stack","Fusion"],"picked":"White Noise+1","floor":19}],"player_experience":394335,"relics_obtained":[{"floor":6,"key":"MawBank"},{"floor":9,"key":"Bag of Marbles"}],"event_choices":[{"damage_healed":0,"gold_gain":0,"player_choice":"Take Wound","damage_taken":0,"relics_obtained":["Golden Idol"],"max_hp_gain":0,"max_hp_loss":0,"event_name":"Golden Idol","floor":7,"gold_loss":0,"cards_obtained":["Injury"]},{"cards_removed":["Injury"],"damage_healed":0,"gold_gain":0,"player_choice":"Purged","damage_taken":0,"max_hp_gain":0,"max_hp_loss":0,"event_name":"Purifier","floor":13,"gold_loss":0},{"damage_healed":0,"gold_gain":0,"player_choice":"Success","damage_taken":7,"relics_obtained":["Art of War"],"max_hp_gain":0,"max_hp_loss":0,"event_name":"Scrap Ooze","floor":14,"gold_loss":0}],"is_beta":false,"boss_relics":[{"not_picked":["Tiny House","Eternal Feather"],"picked":"FrozenCore"}],"items_purged_floors":[],"is_endless":false,"potions_floor_spawned":[11,16,18],"killed_by":"3 Cultists","ascension_level":0}