{"gold_per_floor":[119,130,51,51,65,65,65,81,81,8,28,39,39,59,59,156,156,173,190,0,14,14],"floor_reached":22,"playtime":828,"items_purged":[],"score":180,"play_id":"cb87f054-442c-4952-9732-c62119ba2ab1","local_time":"20180727002644","is_ascension_mode":false,"campfire_choices":[{"floor":6,"key":"REST"},{"floor":13,"key":"REST"},{"data":"Electrodynamics","floor":15,"key":"SMITH"}],"neow_cost":"NONE","seed_source_timestamp":215092464805086,"circlet_count":0,"master_deck":["Strike_B","Strike_B","Strike_B","Strike_B","Defend_B","Defend_B","Defend_B","Defend_B","Zap","Dualcast+1","Chaos+1","Turbo","White Noise","Auto Shields","BootSequence","Hologram","Melter","FTL","Electrodynamics+1","Turbo","Multi-Cast","Sweeping Beam","Redo","Go for the Eyes"],"relics":["Cracked Core","Matryoshka","Inserter"],"potions_floor_usage":[16,18],"damage_taken":[{"damage":0,"enemies":"Cultist","floor":1,"turns":4},{"damage":0,"enemies":"Small Slimes","floor":2,"turns":4},{"damage":8,"enemies":"2 Louse","floor":5,"turns":3},{"damage":0,"enemies":"2 Fungi Beasts","floor":8,"turns":3},{"damage":3,"enemies":"Gremlin Gang","floor":11,"turns":5},{"damage":18,"enemies":"Exordium Thugs","floor":12,"turns":4},{"damage":0,"enemies":"Looter","floor":14,"turns":3},{"damage":73,"enemies":"Hexaghost","floor":16,"turns":12},{"damage":17,"enemies":"3 Byrds","floor":18,"turns":4},{"damage":10,"enemies":"Spheric Guardian","floor":19,"turns":3},{"damage":43,"enemies":"Snake Plant","floor":21,"turns":6},{"damage":17,"enemies":"Cultist and Chosen","floor":22,"turns":4}],"seed_played":"-3600644835524309544","potions_obtained":[{"floor":8,"key":"Energy Potion"},{"floor":11,"key":"Swift Potion"},{"floor":16,"key":"AttackPotion"}],"is_trial":false,"path_per_floor":["M","M","$","?","M","R","?","M","T","$","M","M","R","M","R","B",null,"M","M","?","M"],"character_chosen":"DEFECT","items_purchased":["Auto Shields","Melter"],"campfire_rested":2,"item_purchase_floors":[3,10],"current_hp_per_floor":[75,75,75,60,52,74,74,74,74,74,71,53,75,75,75,2,75,65,55,55,12,0],"gold":14,"neow_bonus":"THREE_CARDS","is_prod":false,"is_daily":false,"chose_seed":false,"campfire_upgraded":1,"win_rate":0,"timestamp":1532622404,"path_taken":["M","M","$","?","M","R","?","M","T","$","M","M","R","M","R","BOSS","M","M","?","M","M"],"build_version":"2018-07-19v2","purchased_purges":0,"victory":false,"max_hp_per_floor":[75,75,75,75,75,75,75,75,75,75,75,75,75,75,75,75,75,75,75,75,75,75],"card_choices":[{"not_picked":["Ball Lightning","Turbo"],"picked":"Chaos","floor":0},{"not_picked":["Steam","Leap"],"picked":"Turbo","floor":1},{"not_picked":["Sweeping Beam","Steam"],"picked":"White Noise","floor":2},{"not_picked":["Hologram","Rebound"],"picked":"BootSequence","floor":5},{"not_picked":["Auto Shields","Fusion"],"picked":"Hologram","floor":8},{"not_picked":["Rip and Tear","Aggregate"],"picked":"FTL","floor":11},{"not_picked":["Gash","Steam Power"],"picked":"Electrodynamics","floor":12},{"not_picked":["Hologram","Sweeping Beam"],"picked":"Turbo","floor":14},{"not_picked":["Seek","Core Surge"],"picked":"Multi-Cast","floor":16},{"not_picked":["Turbo","Rebound"],"picked":"Sweeping Beam","floor":18},{"not_picked":["Darkness","Hologram"],"picked":"Redo","floor":19},{"not_picked":["Redo","Streamline"],"picked":"Go for the Eyes","floor":21}],"player_experience":175919,"relics_obtained":[{"floor":9,"key":"Matryoshka"}],"event_choices":[{"event_name":"Shining Light","player_choice":"Entered Light","floor":4,"damage_taken":0},{"event_name":"Liars Game","player_choice":"disagreed","floor":7,"damage_taken":0},{"event_name":"Masked Bandits","player_choice":"Paid Bandits 190 gold","floor":20,"damage_taken":0}],"is_beta":false,"boss_relics":[{"not_picked":["Sozu","Ectoplasm"],"picked":"Inserter"}],"items_purged_floors":[],"is_endless":false,"potions_floor_spawned":[8,11,16],"killed_by":"Cultist and Chosen","ascension_level":0}