{"gold_per_floor":[113,133,133,133,145,170,170,195,265,265,265,265],"floor_reached":12,"playtime":513,"items_purged":[],"score":119,"play_id":"661ac6c6-28b6-495e-ad33-020930e81e6b","local_time":"20190529223055","is_ascension_mode":true,"campfire_choices":[{"data":"Neutralize","floor":7,"key":"SMITH"}],"neow_cost":"NONE","seed_source_timestamp":2246606518880,"circlet_count":0,"master_deck":["Defend_G","Defend_G","Defend_G","Defend_G","Defend_G","Strike_G","Strike_G","Strike_G","Strike_G","Strike_G","Survivor","Neutralize+1","Sucker Punch","PiercingWail","Accuracy","Well Laid Plans","Flechettes"],"relics":["Ring of the Snake","Lantern","Pantograph","Juzu Bracelet","Ornamental Fan"],"potions_floor_usage":[6,10],"damage_taken":[{"damage":1,"enemies":"Small Slimes","floor":1,"turns":4},{"damage":3,"enemies":"Jaw Worm","floor":2,"turns":5},{"damage":0,"enemies":"Cultist","floor":5,"turns":5},{"damage":14,"enemies":"3 Sentries","floor":6,"turns":13},{"damage":49,"enemies":"Lagavulin","floor":8,"turns":10},{"damage":0,"enemies":"Blue Slaver","floor":10,"turns":1},{"damage":6,"enemies":"Exordium Thugs","floor":12,"turns":3}],"seed_played":"5161757140573274090","potions_obtained":[{"floor":5,"key":"Fire Potion"},{"floor":6,"key":"SmokeBomb"}],"is_trial":false,"path_per_floor":["M","M","?","T","M","E","R","E","T","M","?","M"],"character_chosen":"THE_SILENT","items_purchased":[],"campfire_rested":0,"item_purchase_floors":[],"current_hp_per_floor":[69,66,71,71,71,57,57,8,8,8,8,2],"gold":265,"neow_bonus":"TEN_PERCENT_HP_BONUS","is_prod":false,"is_daily":false,"chose_seed":false,"campfire_upgraded":1,"win_rate":0,"timestamp":1559194255,"path_taken":["M","M","?","?","M","E","R","E","T","M","?","M"],"build_version":"2019-01-23","purchased_purges":0,"victory":false,"max_hp_per_floor":[77,77,82,82,82,82,82,82,82,82,82,82],"card_choices":[{"not_picked":["Dodge and Roll","Underhanded Strike"],"picked":"Sucker Punch","floor":1},{"not_picked":["Underhanded Strike","Dagger Throw"],"picked":"PiercingWail","floor":2},{"not_picked":["Backstab","Outmaneuver"],"picked":"Accuracy","floor":5},{"not_picked":["Setup","Dodge and Roll"],"picked":"Well Laid Plans","floor":6},{"not_picked":["Bane","Outmaneuver"],"picked":"Flechettes","floor":8}],"player_experience":319061,"relics_obtained":[{"floor":4,"key":"Lantern"},{"floor":6,"key":"Pantograph"},{"floor":8,"key":"Juzu Bracelet"},{"floor":9,"key":"Ornamental Fan"}],"event_choices":[{"damage_healed":0,"gold_gain":0,"player_choice":"Donut","damage_taken":0,"max_hp_gain":5,"max_hp_loss":0,"event_name":"Big Fish","floor":3,"gold_loss":0},{"damage_healed":0,"gold_gain":0,"player_choice":"Ignored","damage_taken":0,"max_hp_gain":0,"max_hp_loss":0,"event_name":"Golden Idol","floor":11,"gold_loss":0}],"is_beta":false,"boss_relics":[],"items_purged_floors":[],"is_endless":false,"potions_floor_spawned":[5,6],"killed_by":"Exordium Thugs","ascension_level":7}