{"gold_per_floor":[114,39,54,54,69,69,84,99,149,179,179,194,209,224,224,324,324,339,350,365,380,395,410,425,425,450,450,465,465,495,163,163,263,263,263,278,278,28,43,43,58,73,73,73,73],"floor_reached":45,"playtime":2862,"items_purged":[],"score":545,"play_id":"2fee386b-5515-4a37-b00e-f221e6a54200","local_time":"20180705101246","daily_mods":["Specialized","Uncertain Future","Terminal"],"is_ascension_mode":false,"campfire_choices":[{"data":"Storm","floor":6,"key":"SMITH"},{"floor":15,"key":"REST"},{"floor":27,"key":"REST"},{"floor":29,"key":"REST"},{"floor":32,"key":"REST"},{"data":"White Noise","floor":40,"key":"SMITH"}],"neow_cost":"","seed_source_timestamp":0,"circlet_count":0,"master_deck":["Strike_B","Strike_B","Strike_B","Strike_B","Defend_B","Defend_B","Defend_B","Defend_B","Zap","Dualcast","Rainbow","Rainbow","Rainbow","Rainbow+1","Rainbow","Storm+1","Tempest","Heatsinks+1","Sweeping Beam","Rebound","Thunder Strike+1","FTL","Sweeping Beam","Ball Lightning","Ball Lightning","Biased Cognition","Gash","White Noise+1","Doom and Gloom+1","Auto Shields+1","Heatsinks","FTL","Conserve Battery+1","Echo Form","Turbo","Defragment","Seek","Consume+1","Conserve Battery"],"special_seed":17717,"relics":["Cracked Core","Mango","Lizard Tail","Red Mask","Nloth\u0027s Gift","Anchor","Lantern","Vajra","Busted Crown","Meat on the Bone","Ice Cream"],"potions_floor_usage":[14,16,16,19,19,19,19,21,23,33,35,45,45,45],"damage_taken":[{"damage":0,"enemies":"Cultist","floor":1,"turns":3},{"damage":6,"enemies":"2 Louse","floor":3,"turns":2},{"damage":0,"enemies":"Jaw Worm","floor":5,"turns":3},{"damage":9,"enemies":"Exordium Thugs","floor":7,"turns":5},{"damage":0,"enemies":"Large Slime","floor":8,"turns":4},{"damage":6,"enemies":"3 Sentries","floor":10,"turns":5},{"damage":2,"enemies":"Gremlin Gang","floor":12,"turns":3},{"damage":3,"enemies":"3 Louse","floor":13,"turns":2},{"damage":6,"enemies":"Lots of Slimes","floor":14,"turns":3},{"damage":0,"enemies":"Hexaghost","floor":16,"turns":7},{"damage":6,"enemies":"Spheric Guardian","floor":18,"turns":4},{"damage":15,"floor":19,"turns":4},{"damage":0,"enemies":"Chosen","floor":20,"turns":3},{"damage":20,"enemies":"Slaver and Parasite","floor":21,"turns":6},{"damage":3,"enemies":"Centurion and Healer","floor":22,"turns":5},{"damage":4,"enemies":"Snecko","floor":23,"turns":4},{"damage":10,"enemies":"Sentry and Sphere","floor":24,"turns":4},{"damage":6,"enemies":"3 Cultists","floor":28,"turns":5},{"damage":29,"enemies":"Gremlin Leader","floor":30,"turns":5},{"damage":91,"enemies":"Automaton","floor":33,"turns":9},{"damage":0,"enemies":"3 Darklings","floor":35,"turns":1},{"damage":0,"enemies":"Orb Walker","floor":36,"turns":3},{"damage":17,"enemies":"3 Darklings","floor":39,"turns":4},{"damage":6,"enemies":"Sphere and 2 Shapes","floor":41,"turns":3},{"damage":23,"enemies":"4 Shapes","floor":42,"turns":4},{"damage":33,"enemies":"Giant Head","floor":45,"turns":7}],"seed_played":"-5958423263724567793","potions_obtained":[{"floor":3,"key":"Block Potion"},{"floor":10,"key":"Ancient Potion"},{"floor":12,"key":"Fire Potion"},{"floor":13,"key":"Weak Potion"},{"floor":14,"key":"Swift Potion"},{"floor":16,"key":"EntropicBrew"},{"floor":19,"key":"EssenceOfSteel"},{"floor":20,"key":"Swift Potion"},{"floor":22,"key":"EssenceOfSteel"},{"floor":30,"key":"FearPotion"},{"floor":33,"key":"Swift Potion"},{"floor":39,"key":"SteroidPotion"}],"is_trial":false,"path_per_floor":["M","$","M","$","M","R","M","M","T","E","?","M","M","M","R","B",null,"M","?","M","M","M","M","M","?","T","R","M","R","E","$","R","B",null,"M","M","?","$","M","R","M","M","T","?"],"character_chosen":"DEFECT","items_purchased":["Tempest","Defragment","Vajra","SmokeBomb","Meat on the Bone"],"campfire_rested":4,"item_purchase_floors":[2,31,31,31,38],"current_hp_per_floor":[73,72,66,66,66,66,57,57,57,65,49,47,44,38,60,60,71,65,50,50,30,27,23,13,13,13,31,25,43,14,14,31,2,54,53,52,51,50,33,33,27,16,16,16,0],"gold":73,"neow_bonus":"","is_prod":false,"is_daily":true,"chose_seed":false,"campfire_upgraded":2,"win_rate":0,"timestamp":1530810766,"path_taken":["M","$","M","?","M","R","M","M","T","E","?","?","M","M","R","BOSS","M","?","M","M","?","M","M","?","T","R","M","R","E","$","R","BOSS","M","M","?","$","M","R","M","?","T","?","E"],"build_version":"2018-06-28","purchased_purges":0,"victory":false,"max_hp_per_floor":[73,72,71,70,69,68,67,66,65,78,77,76,75,74,73,72,71,70,69,68,67,66,65,64,63,62,61,60,59,58,57,56,55,54,53,52,51,50,49,48,47,46,45,44,44],"card_choices":[{"not_picked":["Reinforced Body","Go for the Eyes"],"picked":"Storm","floor":1},{"not_picked":["Streamline","Coolheaded"],"picked":"Heatsinks","floor":3},{"not_picked":["Compile Driver","Rip and Tear"],"picked":"Sweeping Beam","floor":5},{"not_picked":["Hologram","Beam Cell"],"picked":"Rebound","floor":7},{"not_picked":["Hologram","Tempest"],"picked":"Thunder Strike","floor":8},{"not_picked":["Recycle","Multi-Cast"],"picked":"FTL","floor":10},{"not_picked":["Streamline","Barrage"],"picked":"Sweeping Beam","floor":12},{"not_picked":["Rebound","Gash"],"picked":"Ball Lightning","floor":13},{"not_picked":["Sweeping Beam","Streamline"],"picked":"Ball Lightning","floor":14},{"not_picked":["Fission","Buffer"],"picked":"Biased Cognition","floor":16},{"not_picked":["Stack","Blizzard+1"],"picked":"Gash","floor":18},{"not_picked":["Gash+1","Genetic Algorithm"],"picked":"White Noise","floor":19},{"not_picked":["Leap","Aggregate+1"],"picked":"Doom and Gloom+1","floor":20},{"not_picked":["Reprogram","Steam"],"picked":"Auto Shields+1","floor":21},{"not_picked":["Barrage","Beam Cell"],"picked":"Heatsinks","floor":22},{"not_picked":["Leap","Reinforced Body"],"picked":"FTL","floor":23},{"not_picked":["Beam Cell","Gash"],"picked":"Conserve Battery+1","floor":24},{"not_picked":["Cold Snap+1","Hologram"],"picked":"Echo Form","floor":28},{"not_picked":["Static Discharge","BootSequence"],"picked":"Turbo","floor":30},{"not_picked":["Rainbow","Creative AI"],"picked":"Seek","floor":33},{"not_picked":["Recycle"],"picked":"SKIP","floor":36},{"not_picked":[],"picked":"Consume+1","floor":39},{"not_picked":["Cold Snap"],"picked":"SKIP","floor":41},{"not_picked":[],"picked":"Conserve Battery","floor":42}],"player_experience":60144,"relics_obtained":[{"floor":9,"key":"Omamori"},{"floor":10,"key":"Mango"},{"floor":19,"key":"Red Mask"},{"floor":26,"key":"Anchor"},{"floor":30,"key":"Lantern"},{"floor":43,"key":"Ice Cream"}],"event_choices":[{"event_name":"Shining Light","player_choice":"Entered Light","floor":11,"damage_taken":0},{"event_name":"Masked Bandits","player_choice":"Fought over 339 gold","floor":19,"damage_taken":0},{"event_name":"N\u0027loth","player_choice":"Traded a Omamori","floor":25,"damage_taken":0},{"event_name":"Upgrade Shrine","player_choice":"Upgraded","floor":37,"damage_taken":0},{"event_name":"Mysterious Sphere","player_choice":"Ignore","floor":44,"damage_taken":0}],"boss_relics":[{"not_picked":["Runic Pyramid","White Beast Statue"],"picked":"Lizard Tail"},{"not_picked":["Cursed Key","Black Star"],"picked":"Busted Crown"}],"items_purged_floors":[],"is_endless":false,"potions_floor_spawned":[3,10,12,13,14,16,19,20,22,30,33,35,39],"killed_by":"Giant Head","ascension_level":0}