{"gold_per_floor":[115,115,126,81,31,46,46,59,108,127,141,175,175,190,190,285,285,295,307,307,307,320,320,337,363,389,402,402,37,37,49,49,49],"floor_reached":33,"playtime":1533,"items_purged":[],"score":373,"play_id":"34be577b-a749-43f9-a425-47b6ab866e54","local_time":"20190507000007","is_ascension_mode":true,"campfire_choices":[{"data":"Zap","floor":7,"key":"SMITH"},{"data":"Dualcast","floor":13,"key":"SMITH"},{"data":"Hologram","floor":15,"key":"SMITH"},{"data":"Recycle","floor":23,"key":"SMITH"},{"floor":28,"key":"REST"},{"floor":30,"key":"REST"},{"floor":32,"key":"REST"}],"neow_cost":"NONE","seed_source_timestamp":864606554064210,"circlet_count":0,"master_deck":["Strike_B+1","Strike_B+1","Strike_B+1","Defend_B+1","Defend_B+1","Defend_B+1","Defend_B+1","Zap+1","Dualcast+1","Fission+1","Sweeping Beam","Steam","Ball Lightning","Cold Snap","Conserve Battery","Leap","All For One","Hologram+1","Echo Form","Static Discharge","Recycle+1","Glacier","Capacitor"],"relics":["Cracked Core","Anchor","Art of War","Nuclear Battery","Bag of Preparation","Ancient Tea Set","WingedGreaves"],"potions_floor_usage":[16,27,33,33],"damage_taken":[{"damage":0,"enemies":"Small Slimes","floor":1,"turns":3},{"damage":0,"enemies":"Cultist","floor":3,"turns":3},{"damage":0,"enemies":"Jaw Worm","floor":6,"turns":3},{"damage":13,"enemies":"Exordium Thugs","floor":8,"turns":4},{"damage":0,"enemies":"3 Louse","floor":10,"turns":2},{"damage":0,"enemies":"Blue Slaver","floor":11,"turns":3},{"damage":0,"enemies":"3 Sentries","floor":12,"turns":6},{"damage":0,"enemies":"Red Slaver","floor":14,"turns":2},{"damage":23,"enemies":"Hexaghost","floor":16,"turns":12},{"damage":0,"enemies":"Shell Parasite","floor":18,"turns":4},{"damage":11,"enemies":"2 Thieves","floor":19,"turns":4},{"damage":3,"enemies":"Colosseum Slavers","floor":20,"turns":5},{"damage":16,"enemies":"Sentry and Sphere","floor":22,"turns":5},{"damage":27,"enemies":"Centurion and Healer","floor":24,"turns":6},{"damage":4,"enemies":"Snake Plant","floor":27,"turns":5},{"damage":9,"enemies":"Cultist and Chosen","floor":31,"turns":7},{"damage":74,"enemies":"Collector","floor":33,"turns":14}],"seed_played":"-2525507505848615447","potions_obtained":[{"floor":3,"key":"Strength Potion"},{"floor":6,"key":"Weak Potion"},{"floor":8,"key":"FearPotion"},{"floor":11,"key":"EssenceOfSteel"},{"floor":27,"key":"Swift Potion"},{"floor":31,"key":"Ancient Potion"}],"is_trial":false,"path_per_floor":["M","?","M","$","?","M","R","M","T","M","M","E","R","M","R","B",null,"M","M","?","?","M","R","M","T","T","M","R","$","R","M","R","B"],"character_chosen":"DEFECT","items_purchased":["Ball Lightning","Capacitor","WingedGreaves"],"campfire_rested":3,"item_purchase_floors":[4,29,29],"current_hp_per_floor":[68,68,68,68,68,68,68,55,55,55,55,55,55,55,55,32,64,64,53,50,50,34,34,7,7,7,3,25,25,47,38,60,0],"gold":49,"neow_bonus":"ONE_RANDOM_RARE_CARD","is_prod":false,"is_daily":false,"chose_seed":false,"campfire_upgraded":4,"win_rate":0,"timestamp":1557158407,"path_taken":["M","?","?","?","?","M","R","M","T","M","M","E","R","?","R","BOSS","M","M","?","?","M","R","M","?","T","M","R","$","R","M","R","BOSS"],"build_version":"2019-01-23","purchased_purges":0,"victory":false,"max_hp_per_floor":[75,75,75,75,75,75,75,75,75,75,75,75,75,75,75,75,75,75,75,75,75,75,75,75,75,75,75,75,75,75,75,75,75],"card_choices":[{"not_picked":["Gash","Turbo"],"picked":"Sweeping Beam","floor":1},{"not_picked":["Hello World","Gash"],"picked":"Steam","floor":3},{"not_picked":["Ball Lightning","Turbo"],"picked":"Cold Snap","floor":6},{"not_picked":["Beam Cell","Redo"],"picked":"Conserve Battery","floor":8},{"not_picked":["Beam Cell","Streamline","Gash"],"picked":"SKIP","floor":10},{"not_picked":["Sweeping Beam","Barrage"],"picked":"Leap","floor":11},{"not_picked":["Redo","Heatsinks"],"picked":"All For One","floor":12},{"not_picked":["Leap","Streamline"],"picked":"Hologram","floor":14},{"not_picked":["Rainbow","Buffer"],"picked":"Echo Form","floor":16},{"not_picked":["Go for the Eyes","Ball Lightning+1"],"picked":"Static Discharge","floor":18},{"not_picked":["Hologram","Leap"],"picked":"Recycle","floor":19},{"not_picked":["Leap","Multi-Cast","Sweeping Beam"],"picked":"SKIP","floor":22},{"not_picked":["Barrage","Steam","Ball Lightning"],"picked":"SKIP","floor":24},{"not_picked":["Steam+1","Gash"],"picked":"Glacier","floor":27},{"not_picked":["Hologram+1","Steam Power","Turbo"],"picked":"SKIP","floor":31}],"player_experience":860488,"relics_obtained":[{"floor":9,"key":"Anchor"},{"floor":12,"key":"Art of War"},{"floor":25,"key":"Bag of Preparation"},{"floor":26,"key":"Ancient Tea Set"}],"event_choices":[{"damage_healed":0,"gold_gain":0,"player_choice":"Forge","damage_taken":0,"max_hp_gain":0,"max_hp_loss":0,"event_name":"Accursed Blacksmith","floor":2,"gold_loss":0,"cards_upgraded":["Fission"]},{"cards_removed":["Strike_B"],"damage_healed":0,"gold_gain":0,"player_choice":"Card Removal","damage_taken":0,"max_hp_gain":0,"max_hp_loss":0,"event_name":"The Cleric","floor":5,"gold_loss":50},{"damage_healed":0,"gold_gain":0,"player_choice":"Fight","damage_taken":0,"max_hp_gain":0,"max_hp_loss":0,"event_name":"Colosseum","floor":20,"gold_loss":0},{"damage_healed":0,"gold_gain":0,"player_choice":"Fled From Nobs","damage_taken":0,"max_hp_gain":0,"max_hp_loss":0,"event_name":"Colosseum","floor":20,"gold_loss":0},{"damage_healed":0,"gold_gain":0,"player_choice":"Simplicity","damage_taken":0,"max_hp_gain":0,"max_hp_loss":0,"event_name":"Back to Basics","floor":21,"gold_loss":0,"cards_upgraded":["Strike_B","Strike_B","Strike_B","Defend_B","Defend_B","Defend_B","Defend_B"]}],"is_beta":false,"boss_relics":[{"not_picked":["Runic Dome","Sozu"],"picked":"Nuclear Battery"}],"items_purged_floors":[],"is_endless":false,"potions_floor_spawned":[3,6,8,11,20,27,31],"killed_by":"Collector","ascension_level":7}