{"gold_per_floor":[119,194,218,218,230,246,276,451,505,537,548,548,564,51,63,177,189,214,496,508,536,548,588,600],"floor_reached":24,"playtime":1290,"items_purged":["Doubt"],"score":271,"play_id":"7e0a85a4-511b-4c6d-ad96-f219a4c8ea6f","local_time":"20180728015042","is_ascension_mode":true,"campfire_choices":[{"floor":12,"key":"REST"},{"floor":15,"key":"REST"}],"neow_cost":"NONE","seed_source_timestamp":132199168738031,"circlet_count":0,"master_deck":["Strike_R","Strike_R","Strike_R","Strike_R","Strike_R","Defend_R","Defend_R","Defend_R","Defend_R+1","Bash","Infernal Blade+1","Fire Breathing","True Grit","Sever Soul","Clash","Burning Pact","Twin Strike","Trip","Offering","Clumsy","Doubt","Decay","Metallicize+1","Blind","Thunderclap","Uppercut+1"],"relics":["Burning Blood","Oddly Smooth Stone","Ancient Tea Set","Charon\u0027s Ashes","Blood Vial","Tiny Chest","War Paint","Chemical X","MawBank","Calling Bell","Bronze Scales","Blue Candle","Ginger","The Courier","Omamori"],"potions_floor_usage":[10,16,16,23,23],"damage_taken":[{"damage":5,"enemies":"Jaw Worm","floor":1,"turns":4},{"damage":8,"enemies":"Small Slimes","floor":5,"turns":3},{"damage":0,"enemies":"2 Louse","floor":6,"turns":3},{"damage":12,"enemies":"3 Sentries","floor":7,"turns":7},{"damage":38,"enemies":"Lagavulin","floor":10,"turns":7},{"damage":10,"enemies":"Large Slime","floor":11,"turns":4},{"damage":3,"enemies":"Looter","floor":13,"turns":2},{"damage":45,"enemies":"The Guardian","floor":16,"turns":10},{"damage":6,"enemies":"3 Byrds","floor":18,"turns":2},{"damage":12,"enemies":"Chosen","floor":21,"turns":4},{"damage":32,"enemies":"Book of Stabbing","floor":23,"turns":4},{"damage":16,"enemies":"Snecko","floor":24,"turns":3}],"seed_played":"-616359201736269444","potions_obtained":[{"floor":1,"key":"Strength Potion"},{"floor":10,"key":"SteroidPotion"},{"floor":11,"key":"Fire Potion"},{"floor":13,"key":"SkillPotion"},{"floor":21,"key":"Poison Potion"}],"is_trial":false,"path_per_floor":["M","?","T","?","M","M","E","?","T","E","M","R","M","$","R","B",null,"M","?","T","M","$","E"],"character_chosen":"IRONCLAD","items_purchased":["Chemical X","Trip","MawBank"],"campfire_rested":2,"item_purchase_floors":[14,14,14],"current_hp_per_floor":[80,69,69,57,55,61,55,55,55,25,23,47,52,52,76,39,80,80,40,40,36,36,12,0],"gold":600,"neow_bonus":"RANDOM_COMMON_RELIC","is_prod":false,"is_daily":false,"chose_seed":false,"campfire_upgraded":0,"win_rate":0,"timestamp":1532767842,"path_taken":["M","?","?","?","M","M","E","?","T","E","M","R","?","$","R","BOSS","M","?","?","M","?","E","M"],"build_version":"2018-07-26","purchased_purges":1,"victory":false,"max_hp_per_floor":[80,80,80,80,80,80,80,80,80,80,80,80,80,80,80,80,80,80,80,80,80,80,80,80],"card_choices":[{"not_picked":["Wild Strike","Twin Strike"],"picked":"Infernal Blade","floor":1},{"not_picked":["Body Slam","Second Wind"],"picked":"Fire Breathing","floor":5},{"not_picked":["Sword Boomerang","Heavy Blade"],"picked":"True Grit","floor":6},{"not_picked":["Sword Boomerang","Perfected Strike"],"picked":"Sever Soul","floor":7},{"not_picked":["Pommel Strike","Brutality"],"picked":"Clash","floor":10},{"not_picked":["Cleave","Clothesline"],"picked":"Burning Pact","floor":11},{"not_picked":["Anger","Combust"],"picked":"Twin Strike","floor":13},{"not_picked":["Berserk","Brutality"],"picked":"Offering","floor":16},{"not_picked":["Thunderclap","Dropkick"],"picked":"Metallicize+1","floor":18},{"not_picked":["Inflame","Rage"],"picked":"Thunderclap","floor":21},{"not_picked":["Cleave","Pummel"],"picked":"Uppercut+1","floor":23}],"player_experience":170213,"relics_obtained":[{"floor":3,"key":"Ancient Tea Set"},{"floor":7,"key":"Blood Vial"},{"floor":9,"key":"Tiny Chest"},{"floor":10,"key":"War Paint"},{"floor":17,"key":"Bronze Scales"},{"floor":17,"key":"Blue Candle"},{"floor":17,"key":"Ginger"},{"floor":20,"key":"The Courier"},{"floor":23,"key":"Omamori"}],"event_choices":[{"event_name":"World of Goop","player_choice":"Gather Gold","floor":2,"damage_taken":0},{"event_name":"Scrap Ooze","player_choice":"success","floor":4,"damage_taken":12},{"event_name":"Liars Game","player_choice":"agreed","floor":8,"damage_taken":0},{"event_name":"Knowing Skull","player_choice":"CARD GOLD GOLD GOLD ","floor":19,"damage_taken":0}],"is_beta":false,"boss_relics":[{"not_picked":["Philosopher\u0027s Stone","Empty Cage"],"picked":"Calling Bell"}],"items_purged_floors":[14],"is_endless":false,"potions_floor_spawned":[1,10,11,13,21],"killed_by":"Snecko","ascension_level":2}