{"gold_per_floor":[110,123,123,123,133,133,146,146,146,158,188,188,204,224,224,327,327,327,327,327,327,327,327,327,134,134,134,134,134,134,134,134,134],"floor_reached":33,"playtime":2361,"items_purged":["Writhe"],"score":402,"play_id":"0e840e59-93b0-4b02-a5a4-3ec4061fb46c","local_time":"20190316172300","is_ascension_mode":true,"campfire_choices":[{"data":"Uppercut","floor":6,"key":"SMITH"},{"data":"Intimidate","floor":8,"key":"SMITH"},{"floor":12,"key":"REST"},{"floor":15,"key":"REST"},{"floor":23,"key":"REST"},{"data":"Feed","floor":27,"key":"SMITH"},{"floor":29,"key":"REST"},{"floor":32,"key":"REST"}],"neow_cost":"PERCENT_DAMAGE","seed_source_timestamp":66823478675736,"circlet_count":0,"master_deck":["Strike_R","Strike_R","Strike_R","Strike_R","Defend_R","Defend_R","Defend_R","Defend_R","Bash","Immolate","Uppercut+1","Headbutt","Intimidate+1","Juggernaut","Anger","Body Slam","Pommel Strike","Rage","Feed+1","Metallicize+1","Shrug It Off","Inflame","Whirlwind","Iron Wave","Body Slam","Rupture"],"relics":["Burning Blood","Ice Cream","Pantograph","Letter Opener","Ectoplasm","Art of War","Nilry\u0027s Codex","Matryoshka","MawBank"],"potions_floor_usage":[7,13,13,13,14,14,16,18,28,30,31],"damage_taken":[{"damage":7,"enemies":"Jaw Worm","floor":1,"turns":4},{"damage":7,"enemies":"Small Slimes","floor":2,"turns":4},{"damage":0,"enemies":"Cultist","floor":5,"turns":3},{"damage":5,"enemies":"Exordium Wildlife","floor":7,"turns":3},{"damage":12,"enemies":"Large Slime","floor":10,"turns":6},{"damage":30,"enemies":"Gremlin Nob","floor":11,"turns":4},{"damage":2,"enemies":"Looter","floor":13,"turns":4},{"damage":0,"enemies":"Exordium Wildlife","floor":14,"turns":1},{"damage":45,"enemies":"Hexaghost","floor":16,"turns":8},{"damage":12,"enemies":"Shell Parasite","floor":18,"turns":4},{"damage":20,"enemies":"Spheric Guardian","floor":20,"turns":4},{"damage":11,"enemies":"3 Cultists","floor":22,"turns":6},{"damage":29,"enemies":"Book of Stabbing","floor":28,"turns":5},{"damage":22,"enemies":"Slavers","floor":30,"turns":4},{"damage":19,"enemies":"Snecko","floor":31,"turns":6},{"damage":87,"enemies":"Automaton","floor":33,"turns":6}],"seed_played":"-4713513573878283966","potions_obtained":[{"floor":5,"key":"SpeedPotion"},{"floor":10,"key":"Weak Potion"},{"floor":11,"key":"EntropicBrew"},{"floor":13,"key":"AttackPotion"},{"floor":14,"key":"AttackPotion"},{"floor":20,"key":"Ancient Potion"},{"floor":22,"key":"Dexterity Potion"},{"floor":28,"key":"SkillPotion"}],"is_trial":false,"path_per_floor":["M","M","?","?","M","R","M","R","T","M","E","R","M","M","R","B",null,"M","?","M","?","M","R","?","$","T","R","E","R","E","M","R","B"],"character_chosen":"IRONCLAD","items_purchased":["Inflame","Whirlwind"],"campfire_rested":5,"item_purchase_floors":[25,25],"current_hp_per_floor":[50,49,31,31,37,37,38,38,38,32,8,32,36,42,66,41,70,64,64,50,34,32,56,40,40,40,40,17,43,27,14,40,0],"gold":134,"neow_bonus":"THREE_RARE_CARDS","is_prod":false,"is_daily":false,"chose_seed":false,"campfire_upgraded":3,"win_rate":0,"timestamp":1552771380,"path_taken":["M","M","?","?","M","R","M","R","T","M","E","R","?","M","R","BOSS","M","?","M","?","M","R","?","$","T","R","E","R","E","M","R","BOSS"],"build_version":"2019-01-23","purchased_purges":1,"victory":false,"max_hp_per_floor":[80,80,80,80,80,80,80,80,80,80,80,80,80,80,80,80,80,80,80,80,80,83,83,88,88,88,88,88,88,88,88,88,88],"card_choices":[{"not_picked":["Limit Break","Demon Form"],"picked":"Immolate","floor":0},{"not_picked":["Clothesline","Sever Soul"],"picked":"Uppercut","floor":1},{"not_picked":["Perfected Strike","Combust"],"picked":"Headbutt","floor":2},{"not_picked":["Second Wind","Blood for Blood"],"picked":"Intimidate","floor":5},{"not_picked":["Perfected Strike","Twin Strike"],"picked":"Juggernaut","floor":7},{"not_picked":["Power Through","Intimidate"],"picked":"Anger","floor":10},{"not_picked":["Clothesline","Anger"],"picked":"Body Slam","floor":11},{"not_picked":["Clash","Headbutt"],"picked":"Pommel Strike","floor":13},{"not_picked":["Clash","Armaments"],"picked":"Rage","floor":14},{"not_picked":["Dark Embrace","Offering"],"picked":"Feed","floor":16},{"not_picked":["Heavy Blade","Sever Soul+1"],"picked":"Metallicize+1","floor":18},{"not_picked":["Headbutt","Perfected Strike+1","Cleave+1"],"picked":"SKIP","floor":20},{"not_picked":["Clash","Searing Blow"],"picked":"Shrug It Off","floor":22},{"not_picked":["Headbutt","Warcry"],"picked":"Iron Wave","floor":28},{"not_picked":["Rage","Perfected Strike"],"picked":"Body Slam","floor":30},{"not_picked":["Combust","Iron Wave"],"picked":"Rupture","floor":31}],"player_experience":1094922,"relics_obtained":[{"floor":9,"key":"Pantograph"},{"floor":11,"key":"Letter Opener"},{"floor":21,"key":"Nilry\u0027s Codex"},{"floor":28,"key":"Matryoshka"},{"floor":30,"key":"MawBank"}],"event_choices":[{"damage_healed":0,"gold_gain":0,"player_choice":"Success","damage_taken":18,"relics_obtained":["Ice Cream"],"max_hp_gain":0,"max_hp_loss":0,"event_name":"Scrap Ooze","floor":3,"gold_loss":0},{"cards_removed":["Strike_R"],"damage_healed":0,"gold_gain":0,"player_choice":"Purged","damage_taken":0,"max_hp_gain":0,"max_hp_loss":0,"event_name":"Purifier","floor":4,"gold_loss":0},{"damage_healed":0,"gold_gain":0,"player_choice":"Opened","damage_taken":0,"relics_obtained":["Art of War"],"max_hp_gain":0,"max_hp_loss":0,"event_name":"The Mausoleum","floor":19,"gold_loss":0,"cards_obtained":["Writhe"]},{"damage_healed":0,"gold_gain":0,"player_choice":"Obtained Book","damage_taken":16,"max_hp_gain":0,"max_hp_loss":0,"event_name":"Cursed Tome","floor":21,"gold_loss":0},{"damage_healed":0,"gold_gain":0,"player_choice":"Shed Blood","damage_taken":21,"max_hp_gain":5,"max_hp_loss":0,"event_name":"Forgotten Altar","floor":24,"gold_loss":0}],"is_beta":false,"boss_relics":[{"not_picked":["White Beast Statue","Runic Cube"],"picked":"Ectoplasm"}],"items_purged_floors":[25],"is_endless":false,"potions_floor_spawned":[5,10,11,13,14,20,22,28],"killed_by":"Automaton","ascension_level":8}