{"gold_per_floor":[111,129,144,109,109,109,124,124,150,167,193,40,50,76,76,76],"floor_reached":16,"playtime":658,"items_purged":[],"score":129,"play_id":"370a3135-a358-41f6-853b-594aca8113be","local_time":"20180926092445","is_ascension_mode":true,"campfire_choices":[{"data":"Strike_R","floor":6,"key":"SMITH"},{"floor":8,"key":"REST"},{"floor":15,"key":"REST"}],"neow_cost":"NONE","seed_source_timestamp":1540209340635896,"circlet_count":0,"master_deck":["Strike_R","Strike_R","Strike_R","Strike_R+1","Strike_R","Defend_R","Defend_R","Defend_R","Defend_R","Bash","Battle Trance+1","True Grit+1","True Grit"],"relics":["Runic Pyramid","War Paint","Art of War","Regal Pillow","Pantograph"],"potions_floor_usage":[11,14,16],"damage_taken":[{"damage":4,"enemies":"Small Slimes","floor":1,"turns":4},{"damage":13,"enemies":"2 Louse","floor":2,"turns":2},{"damage":16,"enemies":"Jaw Worm","floor":3,"turns":4},{"damage":8,"enemies":"Large Slime","floor":7,"turns":7},{"damage":11,"enemies":"Looter","floor":10,"turns":4},{"damage":32,"enemies":"Gremlin Nob","floor":11,"turns":4},{"damage":4,"enemies":"Blue Slaver","floor":13,"turns":5},{"damage":25,"enemies":"3 Sentries","floor":14,"turns":7},{"damage":37,"enemies":"Slime Boss","floor":16,"turns":7}],"seed_played":"1620856185874820508","potions_obtained":[{"floor":3,"key":"Fire Potion"},{"floor":11,"key":"Explosive Potion"},{"floor":13,"key":"SkillPotion"}],"is_trial":false,"path_per_floor":["M","M","M","?","$","R","M","R","T","M","E","$","M","E","R"],"character_chosen":"IRONCLAD","items_purchased":["Regal Pillow"],"campfire_rested":2,"item_purchase_floors":[12],"current_hp_per_floor":[76,63,47,67,67,67,59,80,80,69,37,37,33,8,47,35],"gold":76,"neow_bonus":"BOSS_RELIC","is_prod":false,"is_daily":false,"chose_seed":false,"campfire_upgraded":1,"win_rate":0,"timestamp":1537979085,"path_taken":["M","M","M","?","$","R","M","R","T","M","E","$","M","E","R","BOSS"],"build_version":"2018-09-20","purchased_purges":0,"victory":false,"max_hp_per_floor":[80,80,80,80,80,80,80,80,80,80,80,80,80,80,80,80],"card_choices":[{"not_picked":["Flex","Second Wind"],"picked":"Battle Trance","floor":1},{"not_picked":["Iron Wave","Dual Wield","Pommel Strike"],"picked":"SKIP","floor":2},{"not_picked":["Anger","Whirlwind","Heavy Blade"],"picked":"SKIP","floor":3},{"not_picked":["Thunderclap","Flex"],"picked":"True Grit","floor":7},{"not_picked":["Armaments","Thunderclap"],"picked":"True Grit","floor":10},{"not_picked":["Blood for Blood","Metallicize","Flex"],"picked":"SKIP","floor":11},{"not_picked":["Wild Strike","Reckless Charge","Second Wind"],"picked":"SKIP","floor":13},{"not_picked":["Blood for Blood","Iron Wave","Armaments"],"picked":"SKIP","floor":14}],"player_experience":273300,"relics_obtained":[{"floor":9,"key":"War Paint"},{"floor":11,"key":"Art of War"},{"floor":14,"key":"Pantograph"}],"event_choices":[{"event_name":"The Cleric","player_choice":"Healed","floor":4,"damage_taken":0}],"is_beta":false,"boss_relics":[],"items_purged_floors":[],"is_endless":false,"potions_floor_spawned":[3,11,13],"killed_by":"Slime Boss","ascension_level":3}