{"gold_per_floor":[119,134,134,23,40,66,17,17,17,31,64,64,77,92,92,191,191,210,135,154,154,124,157,174,174,174,202,202,202,112,127,127,230,230,249,269,287,287,287,287,315,329,329,359,373,402,402,402,402,402,402,402,20,20],"floor_reached":54,"playtime":4624,"items_purged":["Pain"],"score":1096,"play_id":"e8946ce0-5ad8-467c-b81d-f6cb0c54d76d","local_time":"20190223134516","is_ascension_mode":true,"campfire_choices":[{"floor":12.0,"key":"REST"},{"floor":15.0,"key":"RECALL"},{"floor":25.0,"key":"REST"},{"floor":28.0,"key":"REST"},{"floor":32.0,"key":"REST"},{"floor":40,"key":"REST"},{"floor":49,"key":"REST"},{"floor":52,"key":"REST"}],"neow_cost":"NONE","seed_source_timestamp":0,"circlet_count":0,"master_deck":["Defend_R","Defend_R","Defend_R+1","Defend_R","Bash","Armaments","Disarm","Inflame","Body Slam","Juggernaut","Shrug It Off","Impervious","Seeing Red","Burning Pact","Fiend Fire","Dropkick","Metallicize","Bite","Bite","Bite","Bite","Bite","Pommel Strike+1","Impervious","Clothesline+1","Dropkick+1","Reaper","Warcry+1","Metallicize+1","Clothesline+1","Clothesline","Spot Weakness","Pummel+1","Entrench","The Bomb","Impervious"],"special_seed":0,"relics":["Burning Blood","Happy Flower","WarpedTongs","Lantern","Charon\u0027s Ashes","Oddly Smooth Stone","Fusion Hammer","Smiling Mask","Mummified Hand","Juzu Bracelet","Snecko Eye","Bronze Scales","The Courier","Bag of Preparation","Gremlin Horn"],"potions_floor_usage":[37,37,37,41,44,54,54],"damage_taken":[{"damage":0.0,"enemies":"Small Slimes","floor":1.0,"turns":3.0},{"damage":6.0,"enemies":"Cultist","floor":2.0,"turns":3.0},{"damage":7.0,"enemies":"Jaw Worm","floor":5.0,"turns":3.0},{"damage":10.0,"enemies":"Lagavulin","floor":6.0,"turns":6.0},{"damage":0.0,"enemies":"Large Slime","floor":10.0,"turns":5.0},{"damage":26.0,"enemies":"Gremlin Nob","floor":11.0,"turns":4.0},{"damage":2.0,"enemies":"Blue Slaver","floor":13.0,"turns":4.0},{"damage":0.0,"enemies":"Looter","floor":14.0,"turns":2.0},{"damage":24.0,"enemies":"Hexaghost","floor":16.0,"turns":8.0},{"damage":12.0,"enemies":"3 Byrds","floor":18.0,"turns":4.0},{"damage":0.0,"enemies":"Spheric Guardian","floor":20.0,"turns":1.0},{"damage":28.0,"enemies":"Slavers","floor":23.0,"turns":4.0},{"damage":2.0,"enemies":"Snake Plant","floor":24.0,"turns":4.0},{"damage":34.0,"enemies":"Gremlin Leader","floor":27.0,"turns":6.0},{"damage":6.0,"enemies":"Centurion and Healer","floor":31.0,"turns":5.0},{"damage":72.0,"enemies":"Automaton","floor":33.0,"turns":10.0},{"damage":0,"enemies":"3 Shapes","floor":35,"turns":3},{"damage":17,"enemies":"Orb Walker","floor":36,"turns":3},{"damage":10,"enemies":"Maw","floor":37,"turns":6},{"damage":47,"enemies":"Nemesis","floor":41,"turns":7},{"damage":22,"enemies":"Sphere and 2 Shapes","floor":42,"turns":4},{"damage":13,"enemies":"Reptomancer","floor":44,"turns":6},{"damage":23,"enemies":"Transient","floor":45,"turns":5},{"damage":0,"enemies":"Giant Head","floor":46,"turns":6},{"damage":57,"enemies":"Awakened One","floor":50,"turns":10},{"damage":55,"enemies":"Shield and Spear","floor":54,"turns":3}],"seed_played":"2349490121253818193","potions_obtained":[{"floor":2.0,"key":"FairyPotion"},{"floor":5.0,"key":"Weak Potion"},{"floor":13.0,"key":"Block Potion"},{"floor":22.0,"key":"FearPotion"},{"floor":22.0,"key":"Block Potion"},{"floor":27.0,"key":"SteroidPotion"},{"floor":33.0,"key":"Dexterity Potion"},{"floor":35,"key":"Regen Potion"},{"floor":36,"key":"GamblersBrew"},{"floor":37,"key":"Energy Potion"},{"floor":41,"key":"SteroidPotion"}],"is_trial":false,"path_per_floor":["M","M","?","$","M","E","$","?","T","M","E","R","M","M","R","B",null,"M","?","M","?","?","E","M","R","T","E","R","?","?","M","R","B",null,"M","M","M","?","?","R","E","M","T","E","M","E","?","?","R","B",null,"R","$","E"],"character_chosen":"IRONCLAD","items_purchased":["Inflame","Shrug It Off","The Bomb","PowerPotion","FearPotion","SteroidPotion","Impervious"],"campfire_rested":7,"item_purchase_floors":[4,7,53,53,53,53,53],"current_hp_per_floor":[78,78,78,78,77,73,73,70,70,76,56,80,80,80,80,62,76,70,70,76,56,56,44,50,56,56,35,51,51,51,56,56,18,47,56,47,56,53,53,53,29,31,31,52,44,53,53,53,53,34,48,53,53,0],"gold":20,"neow_bonus":"RANDOM_COMMON_RELIC","is_prod":false,"is_daily":false,"chose_seed":false,"campfire_upgraded":0,"win_rate":0,"timestamp":1550947516,"path_taken":["M","M","?","$","?","E","$","?","T","M","E","R","M","M","R","BOSS","M","?","M","?","?","E","M","R","T","E","R","?","?","M","R","BOSS","M","M","M","?","?","R","E","M","T","E","M","E","?","?","R","BOSS","R","$","E"],"build_version":"2019-01-23","purchased_purges":1,"victory":false,"max_hp_per_floor":[80,80,80,80,80,80,80,80,80,80,80,80,80,80,80,80,80,80,80,80,56,56,56,56,56,56,56,56,56,56,56,56,56,56,56,56,56,53,53,53,53,53,53,53,53,53,53,53,53,53,53,53,53,53],"card_choices":[{"not_picked":["Twin Strike","Warcry"],"picked":"Armaments","floor":1.0},{"not_picked":["Reckless Charge","Blood for Blood"],"picked":"Disarm","floor":2.0},{"not_picked":["Twin Strike","Flex"],"picked":"Body Slam","floor":5.0},{"not_picked":["Clash","True Grit"],"picked":"Juggernaut","floor":6.0},{"not_picked":["Fire Breathing","Sever Soul","Twin Strike"],"picked":"SKIP","floor":10.0},{"not_picked":["Disarm","Entrench"],"picked":"Impervious","floor":11.0},{"not_picked":["Twin Strike","Searing Blow"],"picked":"Seeing Red","floor":13.0},{"not_picked":["Perfected Strike","Cleave"],"picked":"Burning Pact","floor":14.0},{"not_picked":["Exhume","Brutality"],"picked":"Fiend Fire","floor":16.0},{"not_picked":["Headbutt","Twin Strike"],"picked":"Dropkick","floor":18.0},{"not_picked":["Pommel Strike","Dropkick"],"picked":"Metallicize","floor":20.0},{"not_picked":["Disarm","Perfected Strike"],"picked":"Pommel Strike+1","floor":23.0},{"not_picked":["Corruption","Second Wind"],"picked":"Impervious","floor":24.0},{"not_picked":["Twin Strike","Havoc"],"picked":"Clothesline+1","floor":27.0},{"not_picked":["Shrug It Off","Dual Wield"],"picked":"Dropkick+1","floor":31.0},{"not_picked":["Exhume","Feed"],"picked":"Reaper","floor":33.0},{"not_picked":["Perfected Strike+1","Cleave"],"picked":"Warcry+1","floor":35},{"not_picked":["Bloodletting","Second Wind+1"],"picked":"Metallicize+1","floor":36},{"not_picked":["Flex+1","Havoc","Armaments"],"picked":"SKIP","floor":37},{"not_picked":["Havoc","Twin Strike+1","Berserk"],"picked":"SKIP","floor":41},{"not_picked":["True Grit","Clash+1"],"picked":"Clothesline+1","floor":42},{"not_picked":["Cleave+1","Sentinel"],"picked":"Clothesline","floor":44},{"not_picked":["Metallicize","Wild Strike+1"],"picked":"Spot Weakness","floor":45},{"not_picked":["Battle Trance","Sword Boomerang"],"picked":"Pummel+1","floor":46}],"player_experience":1009284,"relics_obtained":[{"floor":6.0,"key":"Lantern"},{"floor":11.0,"key":"Oddly Smooth Stone"},{"floor":23.0,"key":"Smiling Mask"},{"floor":26.0,"key":"Mummified Hand"},{"floor":27.0,"key":"Juzu Bracelet"},{"floor":41,"key":"Bronze Scales"},{"floor":43,"key":"The Courier"},{"floor":44,"key":"Bag of Preparation"},{"floor":46,"key":"Gremlin Horn"}],"event_choices":[{"damage_healed":0.0,"max_hp_gain":0.0,"max_hp_loss":0.0,"gold_gain":0.0,"event_name":"Accursed Blacksmith","player_choice":"Rummage","floor":3.0,"gold_loss":0.0,"damage_taken":0.0,"relics_obtained":["WarpedTongs"],"cards_obtained":["Pain"]},{"damage_healed":0.0,"max_hp_gain":0.0,"max_hp_loss":0.0,"gold_gain":0.0,"event_name":"Scrap Ooze","player_choice":"Success","floor":8.0,"gold_loss":0.0,"damage_taken":3.0,"relics_obtained":["Charon\u0027s Ashes"]},{"cards_removed":["Strike_R"],"damage_healed":0.0,"max_hp_gain":0.0,"max_hp_loss":0.0,"gold_gain":0.0,"event_name":"Beggar","player_choice":"Gave Gold","floor":19.0,"gold_loss":75.0,"damage_taken":0.0},{"damage_healed":0.0,"max_hp_gain":0.0,"max_hp_loss":24.0,"gold_gain":0.0,"event_name":"Vampires","player_choice":"Became a vampire","floor":21.0,"gold_loss":0.0,"damage_taken":0.0,"cards_obtained":["Bite","Bite","Bite","Bite","Bite"]},{"damage_healed":0.0,"max_hp_gain":0.0,"max_hp_loss":0.0,"gold_gain":0.0,"event_name":"The Woman in Blue","player_choice":"Bought 2 Potions","floor":22.0,"gold_loss":0.0,"damage_taken":0.0},{"damage_healed":0.0,"max_hp_gain":0.0,"max_hp_loss":0.0,"gold_gain":0.0,"event_name":"Wheel of Change","player_choice":"Cursed","floor":29.0,"gold_loss":0.0,"damage_taken":0.0,"cards_obtained":["Decay"]},{"cards_removed":["Decay"],"damage_healed":0.0,"max_hp_gain":0.0,"max_hp_loss":0.0,"gold_gain":0.0,"event_name":"Designer","player_choice":"Upgrade and Remove","floor":30.0,"gold_loss":90.0,"damage_taken":0.0,"cards_upgraded":["Defend_R"]},{"damage_healed":0,"gold_gain":0,"player_choice":"Max HP","damage_taken":0,"max_hp_gain":0,"max_hp_loss":3,"event_name":"Winding Halls","floor":38,"gold_loss":0},{"damage_healed":0,"gold_gain":0,"player_choice":"Memory 1","damage_taken":0,"max_hp_gain":0,"max_hp_loss":0,"event_name":"SensoryStone","floor":39,"gold_loss":0},{"damage_healed":0,"gold_gain":0,"player_choice":"Ignored","damage_taken":0,"max_hp_gain":0,"max_hp_loss":0,"event_name":"Tomb of Lord Red Mask","floor":47,"gold_loss":0},{"damage_healed":0,"gold_gain":0,"player_choice":"1 cards matched","damage_taken":0,"max_hp_gain":0,"max_hp_loss":0,"event_name":"Match and Keep!","floor":48,"gold_loss":0,"cards_obtained":["Entrench"]}],"is_beta":false,"boss_relics":[{"not_picked":["Black Blood","Pandora\u0027s Box"],"picked":"Fusion Hammer"},{"not_picked":["Tiny House","Sozu"],"picked":"Snecko Eye"}],"items_purged_floors":[4],"is_endless":false,"potions_floor_spawned":[2,5,13,27,33,35,36,37,41],"killed_by":"Shield and Spear","ascension_level":7}