{"gold_per_floor":[115,127,127,127,127,127,139,139,163,163,193,204,204,156,156,256,256,271,116,134,134],"floor_reached":21,"playtime":843,"items_purged":[],"score":204,"play_id":"a8e287e5-9d0c-4b00-929c-cc509f128535","local_time":"20180926095203","is_ascension_mode":true,"campfire_choices":[{"floor":6,"key":"REST"},{"data":"Armaments","floor":8,"key":"SMITH"},{"data":"True Grit","floor":10,"key":"SMITH"},{"floor":13,"key":"REST"},{"data":"Fiend Fire","floor":15,"key":"SMITH"}],"neow_cost":"","seed_source_timestamp":1541662287608307,"circlet_count":0,"master_deck":["Strike_R","Strike_R","Strike_R","Strike_R","Strike_R","Defend_R","Defend_R","Defend_R","Defend_R","Bash","True Grit+1","Armaments+1","Fiend Fire+1","Headbutt","True Grit","Feed"],"relics":["Burning Blood","Happy Flower","PreservedInsect","Red Skull","White Beast Statue","Bronze Scales"],"potions_floor_usage":[16,16,20,21],"damage_taken":[{"damage":6,"enemies":"Small Slimes","floor":1,"turns":4},{"damage":7,"enemies":"Jaw Worm","floor":2,"turns":4},{"damage":6,"enemies":"Cultist","floor":7,"turns":3},{"damage":16,"enemies":"Gremlin Nob","floor":11,"turns":3},{"damage":30,"enemies":"Exordium Thugs","floor":12,"turns":4},{"damage":61,"enemies":"The Guardian","floor":16,"turns":11},{"damage":45,"enemies":"Shell Parasite","floor":18,"turns":13},{"damage":30,"enemies":"3 Byrds","floor":20,"turns":5},{"damage":0,"enemies":"Snake Plant","floor":21,"turns":2}],"seed_played":"-5095692997174556013","potions_obtained":[{"floor":2,"key":"SteroidPotion"},{"floor":11,"key":"Fire Potion"},{"floor":18,"key":"Weak Potion"},{"floor":20,"key":"SkillPotion"}],"is_trial":false,"path_per_floor":["M","M","$","?","$","R","M","R","T","R","E","M","R","$","R","B",null,"M","$","M"],"character_chosen":"IRONCLAD","items_purchased":["True Grit","Bronze Scales"],"campfire_rested":2,"item_purchase_floors":[14,19],"current_hp_per_floor":[80,79,79,54,54,78,78,78,78,78,68,44,68,68,68,13,80,41,41,17,17],"gold":134,"neow_bonus":"","is_prod":false,"is_daily":false,"chose_seed":false,"campfire_upgraded":3,"win_rate":0,"timestamp":1537980723,"path_taken":["M","M","$","?","$","R","M","R","T","R","E","?","R","$","R","BOSS","M","$","M","M"],"build_version":"2018-09-20","purchased_purges":0,"victory":false,"max_hp_per_floor":[80,80,80,80,80,80,80,80,80,80,80,80,80,80,80,80,80,80,80,80,80],"card_choices":[{"not_picked":["Flex","Sentinel"],"picked":"True Grit","floor":1},{"not_picked":["Rage","Havoc"],"picked":"Armaments","floor":2},{"not_picked":["Body Slam","Flame Barrier","Twin Strike"],"picked":"SKIP","floor":7},{"not_picked":["Searing Blow","Entrench"],"picked":"Fiend Fire","floor":11},{"not_picked":["Body Slam","Twin Strike"],"picked":"Headbutt","floor":12},{"not_picked":["Impervious","Bludgeon"],"picked":"Feed","floor":16},{"not_picked":["Clothesline","Evolve","Thunderclap+1"],"picked":"SKIP","floor":18},{"not_picked":["Second Wind","Rupture+1","Feel No Pain"],"picked":"SKIP","floor":20}],"player_experience":274713,"relics_obtained":[{"floor":9,"key":"PreservedInsect"},{"floor":11,"key":"Red Skull"}],"event_choices":[{"event_name":"Scrap Ooze","player_choice":"success","floor":4,"damage_taken":25}],"is_beta":false,"boss_relics":[{"not_picked":["Runic Dome","Cursed Key"],"picked":"White Beast Statue"}],"items_purged_floors":[],"is_endless":false,"potions_floor_spawned":[2,11,18,20],"killed_by":"Snake Plant","ascension_level":3}