{"gold_per_floor":[215,92,192,205,217,217,251,251,322,340,340,391,416,416],"floor_reached":14,"playtime":383,"items_purged":[],"score":99,"play_id":"a90482bd-18d7-430a-aef1-f0b95b9401d7","local_time":"20181102140943","is_ascension_mode":true,"campfire_choices":[{"data":"Redo","floor":6,"key":"SMITH"},{"floor":11,"key":"REST"}],"neow_cost":"NONE","seed_source_timestamp":2453063807123,"circlet_count":0,"master_deck":["Strike_B","Strike_B","Strike_B","Strike_B","Defend_B","Defend_B","Defend_B","Defend_B","Zap","Dualcast","Hologram","Redo+1","Defragment","Gash","Doom and Gloom","Cold Snap","Injury","Defragment","Capacitor"],"relics":["Cracked Core","Happy Flower","Golden Idol","Matryoshka"],"potions_floor_usage":[7,7,14,14],"damage_taken":[{"damage":0,"enemies":"2 Louse","floor":1,"turns":2},{"damage":1,"enemies":"Cultist","floor":4,"turns":3},{"damage":2,"enemies":"Jaw Worm","floor":5,"turns":3},{"damage":34,"enemies":"Gremlin Nob","floor":7,"turns":4},{"damage":8,"enemies":"Red Slaver","floor":10,"turns":3},{"damage":37,"enemies":"Exordium Thugs","floor":13,"turns":3},{"damage":17,"enemies":"3 Sentries","floor":14,"turns":2}],"seed_played":"-5141891625191206624","potions_obtained":[{"floor":4,"key":"EntropicBrew"},{"floor":10,"key":"Energy Potion"}],"is_trial":false,"path_per_floor":["M","$","?","M","M","R","E","?","T","M","R","?","M","E"],"character_chosen":"DEFECT","items_purchased":["Redo","Defragment"],"campfire_rested":1,"item_purchase_floors":[2,2],"current_hp_per_floor":[75,75,75,74,72,72,38,38,38,30,52,52,15,0],"gold":416,"neow_bonus":"HUNDRED_GOLD","is_prod":false,"is_daily":false,"chose_seed":false,"campfire_upgraded":1,"win_rate":0,"timestamp":1541138983,"path_taken":["M","$","?","M","?","R","E","?","T","M","R","?","M","E"],"build_version":"2018-11-01","purchased_purges":0,"victory":false,"max_hp_per_floor":[75,75,75,75,75,75,75,75,75,75,75,75,75,75],"card_choices":[{"not_picked":["Streamline","Force Field"],"picked":"Hologram","floor":1},{"not_picked":["Streamline","Sweeping Beam"],"picked":"Gash","floor":4},{"not_picked":["Go for the Eyes","Tempest"],"picked":"Doom and Gloom","floor":5},{"not_picked":["Buffer","Seek"],"picked":"Cold Snap","floor":7},{"not_picked":["Leap","Streamline"],"picked":"Defragment","floor":10},{"not_picked":["Turbo","Ball Lightning"],"picked":"Capacitor","floor":13}],"player_experience":412849,"relics_obtained":[{"floor":7,"key":"Happy Flower"},{"floor":9,"key":"Matryoshka"}],"event_choices":[{"damage_healed":0,"gold_gain":100,"player_choice":"Pray","damage_taken":0,"max_hp_gain":0,"max_hp_loss":0,"event_name":"Golden Shrine","floor":3,"gold_loss":0},{"damage_healed":0,"gold_gain":0,"player_choice":"Take Wound","damage_taken":0,"relics_obtained":["Golden Idol"],"max_hp_gain":0,"max_hp_loss":0,"event_name":"Golden Idol","floor":8,"gold_loss":0,"cards_obtained":["Injury"]},{"damage_healed":0,"gold_gain":51,"player_choice":"Gained Gold","damage_taken":0,"max_hp_gain":0,"max_hp_loss":0,"event_name":"Golden Wing","floor":12,"gold_loss":0}],"is_beta":false,"boss_relics":[],"items_purged_floors":[],"is_endless":false,"potions_floor_spawned":[4,10,13],"killed_by":"3 Sentries","ascension_level":2}