{"gold_per_floor":[117,137,155,155,174,205,205,225,301,44,61,93,108,120,120,215,215,232,250,250,268,285,318,328,358,382,382,402,402,419,444,456,564,576,606,636,648,593,181,181,41,72,123,123,133,146,146,13,13,13],"floor_reached":50,"playtime":3675,"items_purged":[],"score":628,"play_id":"eeaf2084-4855-49f9-9f7c-8a6e9366d6f6","local_time":"20180729031410","is_ascension_mode":true,"campfire_choices":[{"floor":7,"key":"REST"},{"floor":15,"key":"REST"},{"floor":27,"key":"REST"},{"floor":29,"key":"REST"},{"floor":32,"key":"REST"},{"floor":40,"key":"REST"},{"floor":44,"key":"REST"},{"floor":49,"key":"REST"}],"neow_cost":"","seed_source_timestamp":160288037682319,"circlet_count":0,"master_deck":["Defend_G","Defend_G","Defend_G","Defend_G","Defend_G","Strike_G","Strike_G","Strike_G","Strike_G","Strike_G","Survivor+1","Neutralize","Dagger Throw","PiercingWail","Eviscerate","Backflip+1","Slice","Caltrops","Unload+1","Eviscerate+1","Dagger Throw+1","Dagger Throw+1","Die Die Die+1","Skewer+1","Endless Agony+1","Venomology","Swift Strike+1","Expertise","Acrobatics","Quick Slash+1","Underhanded Strike+1","Adrenaline","Reflex","Tactician+1","Cloak And Dagger+1","Die Die Die+1","Backflip+1","Acrobatics","Underhanded Strike+1","Infinite Blades","Endless Agony+1","Reflex","Slice+1","Acrobatics+1","Dash+1","Leg Sweep","Sucker Punch+1","Quick Slash+1"],"relics":["Ring of the Snake","Mercury Hourglass","Tiny Chest","Molten Egg 2","Question Card","HoveringKite","Bronze Scales","Pen Nib","Orichalcum","MawBank","Black Star","Ninja Scroll","StoneCalendar","Lantern","Happy Flower","War Paint","Peace Pipe"],"potions_floor_usage":[6,16,16,24,25,28,31,31,33,33,33,42,45,45,46,50,50,50,50],"damage_taken":[{"damage":6,"enemies":"2 Louse","floor":1,"turns":3},{"damage":0,"enemies":"Small Slimes","floor":2,"turns":2},{"damage":0,"enemies":"Cultist","floor":3,"turns":4},{"damage":4,"enemies":"2 Fungi Beasts","floor":5,"turns":4},{"damage":30,"enemies":"Gremlin Nob","floor":6,"turns":6},{"damage":11,"enemies":"Exordium Thugs","floor":8,"turns":5},{"damage":9,"enemies":"Gremlin Gang","floor":11,"turns":3},{"damage":5,"enemies":"3 Sentries","floor":12,"turns":4},{"damage":4,"enemies":"Lots of Slimes","floor":13,"turns":2},{"damage":0,"enemies":"Blue Slaver","floor":14,"turns":3},{"damage":55,"enemies":"The Guardian","floor":16,"turns":9},{"damage":0,"enemies":"3 Byrds","floor":18,"turns":3},{"damage":0,"enemies":"Chosen","floor":19,"turns":3},{"damage":1,"enemies":"Centurion and Healer","floor":21,"turns":4},{"damage":0,"enemies":"Cultist and Chosen","floor":22,"turns":4},{"damage":25,"enemies":"Slavers","floor":23,"turns":5},{"damage":0,"enemies":"Snake Plant","floor":24,"turns":2},{"damage":18,"enemies":"Book of Stabbing","floor":25,"turns":3},{"damage":0,"enemies":"3 Cultists","floor":28,"turns":2},{"damage":11,"enemies":"Cultist and Chosen","floor":30,"turns":4},{"damage":22,"enemies":"Gremlin Leader","floor":31,"turns":3},{"damage":68,"enemies":"Automaton","floor":33,"turns":7},{"damage":0,"enemies":"Flame Bruiser 1 Orb","floor":35,"turns":2},{"damage":26,"enemies":"3 Shapes","floor":36,"turns":2},{"damage":22,"enemies":"Nemesis","floor":42,"turns":3},{"damage":13,"enemies":"Flame Bruiser 2 Orb","floor":45,"turns":4},{"damage":34,"enemies":"4 Shapes","floor":46,"turns":3},{"damage":38,"enemies":"Time Eater","floor":50,"turns":5}],"seed_played":"-2370555683065759414","potions_obtained":[{"floor":2,"key":"Regen Potion"},{"floor":3,"key":"AttackPotion"},{"floor":8,"key":"Block Potion"},{"floor":16,"key":"SkillPotion"},{"floor":19,"key":"SneckoOil"},{"floor":21,"key":"Ancient Potion"},{"floor":23,"key":"Fire Potion"},{"floor":28,"key":"Poison Potion"},{"floor":31,"key":"GamblersBrew"},{"floor":35,"key":"FearPotion"},{"floor":45,"key":"Energy Potion"},{"floor":46,"key":"Poison Potion"}],"is_trial":false,"path_per_floor":["M","M","M","?","M","E","R","M","T","$","M","E","M","M","R","B",null,"M","M","?","M","M","E","M","E","T","R","M","R","M","E","R","B",null,"M","M","?","?","$","R","$","E","T","R","M","M","T","$","R"],"character_chosen":"THE_SILENT","items_purchased":["Molten Egg 2","StoneCalendar","Underhanded Strike+1","Infinite Blades","Endless Agony+1","Reflex","Leg Sweep","Sucker Punch+1","Quick Slash+1"],"campfire_rested":8,"item_purchase_floors":[10,39,39,39,41,41,48,48,48],"current_hp_per_floor":[64,64,64,64,60,30,51,40,40,40,31,26,22,22,43,3,70,70,70,70,69,69,44,44,26,26,47,47,68,57,35,56,3,70,70,44,44,44,44,65,65,43,43,64,51,17,17,17,38,14],"gold":13,"neow_bonus":"","is_prod":false,"is_daily":false,"chose_seed":false,"campfire_upgraded":0,"win_rate":0,"timestamp":1532859250,"path_taken":["M","M","M","?","M","E","R","M","T","$","M","E","M","?","R","BOSS","M","M","?","M","M","E","?","E","T","R","M","R","M","E","R","BOSS","M","M","?","?","?","R","?","E","T","R","M","?","?","$","R","BOSS"],"build_version":"2018-07-26","purchased_purges":0,"victory":false,"max_hp_per_floor":[70,70,70,70,70,70,70,70,70,70,70,70,70,70,70,70,70,70,70,70,70,70,70,70,70,70,70,70,70,70,70,70,70,70,70,70,70,70,70,70,70,70,70,70,70,70,70,70,70,70],"card_choices":[{"not_picked":["Bane","Deflect"],"picked":"Dagger Throw","floor":1},{"not_picked":["Dash","Deadly Poison"],"picked":"PiercingWail","floor":2},{"not_picked":["Finisher","Dodge and Roll"],"picked":"Eviscerate","floor":3},{"not_picked":["Setup","Deadly Poison"],"picked":"Backflip","floor":5},{"not_picked":["Acrobatics","Finisher"],"picked":"Slice","floor":6},{"not_picked":["Eviscerate","Flying Knee"],"picked":"Caltrops","floor":8},{"not_picked":["Flying Knee+1","Outmaneuver"],"picked":"Unload+1","floor":11},{"not_picked":["Backstab+1","Concentrate"],"picked":"Eviscerate+1","floor":12},{"not_picked":["Poisoned Stab+1","Calculated Gamble","Blade Dance"],"picked":"Dagger Throw+1","floor":13},{"not_picked":["Eviscerate+1","Poisoned Stab+1","Well Laid Plans"],"picked":"Dagger Throw+1","floor":14},{"not_picked":["Malaise","After Image","Burst"],"picked":"Die Die Die+1","floor":16},{"not_picked":["Deflect+1","Cloak And Dagger","Dash+1"],"picked":"Skewer+1","floor":18},{"not_picked":["Poisoned Stab+1","Footwork+1","Well Laid Plans"],"picked":"Endless Agony+1","floor":19},{"not_picked":["Catalyst","Slice+1","Predator+1"],"picked":"Expertise","floor":21},{"not_picked":["Riddle With Holes+1","Concentrate","Flying Knee+1"],"picked":"Acrobatics","floor":22},{"not_picked":["Heel Hook+1","Deadly Poison+1","Cloak And Dagger"],"picked":"Quick Slash+1","floor":23},{"not_picked":["Calculated Gamble","Cloak And Dagger","Deflect+1"],"picked":"Underhanded Strike+1","floor":24},{"not_picked":["Well Laid Plans","Acrobatics","Accuracy"],"picked":"Adrenaline","floor":25},{"not_picked":["Flying Knee+1","Dagger Spray+1","Prepared"],"picked":"Reflex","floor":28},{"not_picked":["Blur","Concentrate+1","Poisoned Stab+1"],"picked":"Tactician+1","floor":30},{"not_picked":["Slice+1","Crippling Poison","Malaise"],"picked":"Cloak And Dagger+1","floor":31},{"not_picked":["Night Terror","Unload+1","Grand Finale+1"],"picked":"Die Die Die+1","floor":33},{"not_picked":["Slice+1","Dagger Spray+1","Deflect"],"picked":"Backflip+1","floor":35},{"not_picked":["Dagger Spray+1","Accuracy","Crippling Poison"],"picked":"Acrobatics","floor":36},{"not_picked":["Prepared","Night Terror","Flechettes+1"],"picked":"Slice+1","floor":42},{"not_picked":["Predator+1","Cloak And Dagger","Outmaneuver+1"],"picked":"Acrobatics+1","floor":45},{"not_picked":["Backflip+1","Finisher+1","Leg Sweep+1"],"picked":"Dash+1","floor":46}],"player_experience":177711,"relics_obtained":[{"floor":6,"key":"Mercury Hourglass"},{"floor":9,"key":"Tiny Chest"},{"floor":12,"key":"Question Card"},{"floor":23,"key":"Bronze Scales"},{"floor":25,"key":"Pen Nib"},{"floor":26,"key":"Orichalcum"},{"floor":31,"key":"MawBank"},{"floor":42,"key":"Lantern"},{"floor":42,"key":"Happy Flower"},{"floor":43,"key":"War Paint"},{"floor":47,"key":"Peace Pipe"}],"event_choices":[{"event_name":"Golden Wing","player_choice":"Ignored","floor":4,"damage_taken":0},{"event_name":"Match and Keep!","player_choice":"2 cards matched","floor":20,"damage_taken":0},{"event_name":"Tomb of Lord Red Mask","player_choice":"Ignored","floor":37,"damage_taken":0},{"event_name":"WeMeetAgain","player_choice":"Gold","floor":38,"damage_taken":0}],"is_beta":false,"boss_relics":[{"not_picked":["Sozu","Velvet Choker"],"picked":"HoveringKite"},{"not_picked":["WristBlade","Lizard Tail"],"picked":"Black Star"}],"items_purged_floors":[],"is_endless":false,"potions_floor_spawned":[2,3,8,16,19,21,23,28,31,35,45,46],"killed_by":"Time Eater","ascension_level":2}