{"gold_per_floor":[119,119,119,137,137,166,166,192,192,209,219,233,247,247,247,342,342,361,424,424],"floor_reached":20,"playtime":525,"items_purged":[],"score":285,"play_id":"3bf30fe6-895d-454c-8e08-3b7c2ce7730d","local_time":"20190507010718","is_ascension_mode":true,"campfire_choices":[{"data":"Darkness","floor":7,"key":"SMITH"},{"data":"Dualcast","floor":15,"key":"SMITH"}],"neow_cost":"NONE","seed_source_timestamp":869645652085757,"circlet_count":0,"master_deck":["Strike_B","Strike_B","Defend_B","Defend_B","Defend_B","Defend_B","Zap+1","Dualcast+1","Defragment+1","Conserve Battery","Darkness+1","Rebound","Leap","Sweeping Beam","Echo Form","Chaos","White Noise"],"relics":["Cracked Core","NeowsBlessing","Mummified Hand","Bottled Flame","Bag of Marbles","SsserpentHead","Empty Cage"],"potions_floor_usage":[12,18,19],"damage_taken":[{"damage":0,"enemies":"Small Slimes","floor":1,"turns":1},{"damage":0,"enemies":"2 Louse","floor":4,"turns":1},{"damage":0,"enemies":"3 Sentries","floor":6,"turns":2},{"damage":10,"enemies":"Lagavulin","floor":8,"turns":4},{"damage":1,"enemies":"Cultist","floor":10,"turns":3},{"damage":0,"enemies":"2 Fungi Beasts","floor":11,"turns":3},{"damage":0,"enemies":"Lots of Slimes","floor":12,"turns":3},{"damage":4,"enemies":"Exordium Wildlife","floor":13,"turns":4},{"damage":29,"enemies":"Slime Boss","floor":16,"turns":4},{"damage":3,"enemies":"Chosen","floor":18,"turns":3},{"damage":21,"enemies":"2 Thieves","floor":19,"turns":4},{"damage":43,"enemies":"Shelled Parasite and Fungi","floor":20,"turns":5}],"seed_played":"6668141917409275580","potions_obtained":[{"floor":4,"key":"FearPotion"},{"floor":6,"key":"Dexterity Potion"},{"floor":8,"key":"AttackPotion"},{"floor":13,"key":"Dexterity Potion"},{"floor":19,"key":"Dexterity Potion"}],"is_trial":false,"path_per_floor":["M","?","?","M","?","E","R","E","T","M","M","M","M","?","R","B",null,"M","M","M"],"character_chosen":"DEFECT","items_purchased":[],"campfire_rested":0,"item_purchase_floors":[],"current_hp_per_floor":[68,68,68,68,68,68,68,58,58,57,57,57,53,53,53,24,62,59,38,0],"gold":424,"neow_bonus":"THREE_ENEMY_KILL","is_prod":false,"is_daily":false,"chose_seed":false,"campfire_upgraded":2,"win_rate":0,"timestamp":1557162438,"path_taken":["M","?","?","M","?","E","R","E","T","M","M","?","M","?","R","BOSS","M","?","M"],"build_version":"2019-01-23","purchased_purges":0,"victory":false,"max_hp_per_floor":[75,75,75,75,75,75,75,75,75,75,75,75,75,75,75,75,75,75,75,75],"card_choices":[{"not_picked":["Beam Cell","Double Energy"],"picked":"Defragment","floor":1},{"not_picked":["Undo","Hologram"],"picked":"Conserve Battery","floor":4},{"not_picked":["Redo","Chill"],"picked":"Darkness","floor":6},{"not_picked":["Conserve Battery","FTL"],"picked":"Rebound","floor":8},{"not_picked":["Blizzard","Rebound"],"picked":"Leap","floor":10},{"not_picked":["Gash","Beam Cell","Redo"],"picked":"SKIP","floor":11},{"not_picked":["Undo","Meteor Strike"],"picked":"Sweeping Beam","floor":12},{"not_picked":["Double Energy","Gash","Redo"],"picked":"SKIP","floor":13},{"not_picked":["Thunder Strike","Meteor Strike"],"picked":"Echo Form","floor":16},{"not_picked":["Sweeping Beam","Self Repair"],"picked":"Chaos","floor":18},{"not_picked":["Sweeping Beam","Streamline"],"picked":"White Noise","floor":19}],"player_experience":865467,"relics_obtained":[{"floor":6,"key":"Mummified Hand"},{"floor":8,"key":"Bottled Flame"},{"floor":9,"key":"Bag of Marbles"}],"event_choices":[{"damage_healed":0,"gold_gain":0,"player_choice":"Grow","damage_taken":0,"max_hp_gain":0,"max_hp_loss":0,"event_name":"Living Wall","floor":2,"gold_loss":0,"cards_upgraded":["Defragment"]},{"damage_healed":0,"gold_gain":0,"player_choice":"Fled","damage_taken":0,"max_hp_gain":0,"max_hp_loss":0,"event_name":"Scrap Ooze","floor":3,"gold_loss":0},{"damage_healed":0,"gold_gain":0,"player_choice":"Forge","damage_taken":0,"max_hp_gain":0,"max_hp_loss":0,"event_name":"Accursed Blacksmith","floor":5,"gold_loss":0,"cards_upgraded":["Zap"]},{"damage_healed":0,"gold_gain":0,"player_choice":"Trade","damage_taken":0,"relics_obtained":["SsserpentHead"],"max_hp_gain":0,"max_hp_loss":0,"event_name":"FaceTrader","floor":14,"gold_loss":0}],"is_beta":false,"boss_relics":[{"not_picked":["Ectoplasm","Snecko Eye"],"picked":"Empty Cage"}],"items_purged_floors":[],"is_endless":false,"potions_floor_spawned":[4,6,8,13,19],"killed_by":"Shelled Parasite and Fungi","ascension_level":7}