{"gold_per_floor":[213,213,232,247,172,202,202,217,217,232,232,232,244,261,261,357,357,372,62,0,0,13,13,13,13,13,25,25,41,51,51],"floor_reached":31,"playtime":873,"items_purged":["Strike_B","Strike_B"],"score":263,"play_id":"c39be6c4-3295-4bf9-99a2-4564eacf820c","local_time":"20181120142243","is_ascension_mode":true,"campfire_choices":[{"data":"Loop","floor":7,"key":"SMITH"},{"floor":12,"key":"REST"},{"floor":15,"key":"REST"},{"floor":23,"key":"REST"},{"data":"Amplify","floor":25,"key":"SMITH"},{"floor":28,"key":"REST"}],"neow_cost":"NONE","seed_source_timestamp":217569101030563,"circlet_count":0,"master_deck":["Strike_B","Strike_B","Defend_B","Defend_B","Defend_B","Defend_B","Zap","Dualcast","Defragment+1","Melter","Loop+1","Darkness","Beam Cell","Defragment","Go for the Eyes+1","Amplify+1","Go for the Eyes+1","Redo","Rip and Tear+1","Shame","Beam Cell+1","Cold Snap+1"],"relics":["Cracked Core","Bottled Tornado","Kunai","Molten Egg 2","Sozu","Happy Flower","Ornamental Fan","Symbiotic Virus"],"potions_floor_usage":[6,16,16],"damage_taken":[{"damage":2,"enemies":"Jaw Worm","floor":1,"turns":3},{"damage":0,"enemies":"Cultist","floor":3,"turns":3},{"damage":0,"enemies":"Small Slimes","floor":4,"turns":3},{"damage":21,"enemies":"Lagavulin","floor":6,"turns":5},{"damage":28,"enemies":"Exordium Thugs","floor":8,"turns":4},{"damage":21,"enemies":"Red Slaver","floor":10,"turns":4},{"damage":7,"enemies":"Looter","floor":13,"turns":3},{"damage":13,"enemies":"Exordium Thugs","floor":14,"turns":4},{"damage":1,"enemies":"The Guardian","floor":16,"turns":8},{"damage":17,"enemies":"Shell Parasite","floor":18,"turns":5},{"damage":15,"enemies":"Chosen","floor":22,"turns":5},{"damage":18,"enemies":"Snake Plant","floor":27,"turns":3},{"damage":35,"enemies":"Shelled Parasite and Fungi","floor":29,"turns":3},{"damage":13,"enemies":"3 Cultists","floor":30,"turns":4},{"damage":21,"enemies":"Snake Plant","floor":31,"turns":2}],"seed_played":"-1176277239445682438","potions_obtained":[{"floor":3,"key":"FearPotion"},{"floor":6,"key":"SteroidPotion"},{"floor":13,"key":"Weak Potion"},{"floor":14,"key":"Strength Potion"}],"is_trial":false,"path_per_floor":["M","?","M","M","$","E","R","M","T","M","T","R","M","M","R","B",null,"M","$","?","$","M","R","?","R","T","M","R","M","M","M"],"character_chosen":"DEFECT","items_purchased":["Redo","Happy Flower"],"campfire_rested":4,"item_purchase_floors":[19,19],"current_hp_per_floor":[73,73,73,73,73,52,52,24,24,3,3,25,18,5,27,26,75,58,58,58,58,43,65,65,65,65,47,69,34,21,0],"gold":51,"neow_bonus":"HUNDRED_GOLD","is_prod":false,"is_daily":false,"chose_seed":false,"campfire_upgraded":2,"win_rate":0,"timestamp":1542694963,"path_taken":["M","?","?","?","$","E","R","M","T","M","?","R","?","M","R","BOSS","M","$","?","$","M","R","?","R","T","M","R","?","M","M"],"build_version":"2018-11-15","purchased_purges":2,"victory":false,"max_hp_per_floor":[75,75,75,75,75,75,75,75,75,75,75,75,75,75,75,75,75,75,75,75,75,75,75,75,75,75,75,75,75,75,75],"card_choices":[{"not_picked":["Cold Snap","Compile Driver"],"picked":"Defragment","floor":1},{"not_picked":["Leap","Hologram"],"picked":"Melter","floor":3},{"not_picked":["Ball Lightning","Streamline"],"picked":"Loop","floor":4},{"not_picked":["Stack","Sweeping Beam","Turbo"],"picked":"SKIP","floor":6},{"not_picked":["Buffer","Cold Snap"],"picked":"Darkness","floor":8},{"not_picked":["Turbo","Hello World"],"picked":"Beam Cell","floor":10},{"not_picked":["Barrage+1","Compile Driver+1"],"picked":"Defragment","floor":13},{"not_picked":["Auto Shields","Gash+1"],"picked":"Go for the Eyes+1","floor":14},{"not_picked":["Rainbow","Echo Form"],"picked":"Amplify","floor":16},{"not_picked":["Cold Snap+1","Conserve Battery"],"picked":"Go for the Eyes+1","floor":18},{"not_picked":["Hello World+1","Compile Driver+1"],"picked":"Rip and Tear+1","floor":22},{"not_picked":["Compile Driver+1","Turbo"],"picked":"Beam Cell+1","floor":27},{"not_picked":["Sweeping Beam+1","Steam Power","Capacitor"],"picked":"SKIP","floor":29},{"not_picked":["Genetic Algorithm+1","Turbo"],"picked":"Cold Snap+1","floor":30}],"player_experience":454499,"relics_obtained":[{"floor":6,"key":"Bottled Tornado"},{"floor":9,"key":"Kunai"},{"floor":11,"key":"Molten Egg 2"},{"floor":26,"key":"Symbiotic Virus"}],"event_choices":[{"damage_healed":0,"gold_gain":0,"player_choice":"Forge","damage_taken":0,"max_hp_gain":0,"max_hp_loss":0,"event_name":"Accursed Blacksmith","floor":2,"gold_loss":0,"cards_upgraded":["Defragment"]},{"damage_healed":0,"gold_gain":0,"player_choice":"Paid Fearfully","damage_taken":0,"max_hp_gain":0,"max_hp_loss":0,"event_name":"Masked Bandits","floor":20,"gold_loss":62},{"damage_healed":0,"gold_gain":0,"player_choice":"Stole Relic","damage_taken":0,"relics_obtained":["Ornamental Fan"],"max_hp_gain":0,"max_hp_loss":0,"event_name":"Addict","floor":24,"gold_loss":0,"cards_obtained":["Shame"]}],"is_beta":false,"boss_relics":[{"not_picked":["Inserter","Runic Pyramid"],"picked":"Sozu"}],"items_purged_floors":[5,19],"is_endless":false,"potions_floor_spawned":[3,6,13,14,27],"killed_by":"Snake Plant","ascension_level":2}