{"gold_per_floor":[111,111,128,12,23,55,55,55,55,85,85,102,114,128,128,202,202,219,269,184,84,103,136,152,152],"floor_reached":25,"playtime":967,"items_purged":["Pain","Strike_R"],"score":466,"play_id":"a1fd72f4-c276-4efb-8ba4-1a2d01ef3374","local_time":"20190131182636","is_ascension_mode":true,"campfire_choices":[{"data":"Disarm","floor":7,"key":"SMITH"},{"data":"Rampage","floor":11,"key":"SMITH"},{"data":"Perfected Strike","floor":15,"key":"SMITH"}],"neow_cost":"NONE","seed_source_timestamp":82846863573497,"circlet_count":0,"master_deck":["AscendersBane","Strike_R","Strike_R","Strike_R","Strike_R","Defend_R","Defend_R","Defend_R+1","Defend_R","Bash","Metallicize","Rampage+1","Disarm+1","Perfected Strike+1","Pommel Strike+1","Headbutt","Shrug It Off+1","True Grit+1","Pommel Strike","Demon Form","Spot Weakness+1","Pommel Strike","Clothesline"],"relics":["Burning Blood","NeowsBlessing","WarpedTongs","Boot","Toxic Egg 2","Bag of Preparation","Snecko Eye","Charon\u0027s Ashes","Bird Faced Urn"],"potions_floor_usage":[6,10,16,23,23],"damage_taken":[{"damage":0,"enemies":"Jaw Worm","floor":1,"turns":1},{"damage":0,"enemies":"Cultist","floor":3,"turns":1},{"damage":0,"enemies":"Small Slimes","floor":5,"turns":1},{"damage":23,"enemies":"3 Sentries","floor":6,"turns":8},{"damage":26,"enemies":"Lagavulin","floor":10,"turns":8},{"damage":3,"enemies":"Looter","floor":12,"turns":3},{"damage":4,"enemies":"3 Louse","floor":13,"turns":4},{"damage":3,"enemies":"Exordium Thugs","floor":14,"turns":4},{"damage":3,"enemies":"Hexaghost","floor":16,"turns":9},{"damage":8,"enemies":"2 Thieves","floor":18,"turns":3},{"damage":0,"enemies":"Chosen","floor":22,"turns":3},{"damage":74,"enemies":"Slavers","floor":23,"turns":5},{"damage":25,"enemies":"3 Cultists","floor":24,"turns":5},{"damage":21,"enemies":"Shelled Parasite and Fungi","floor":25,"turns":1}],"seed_played":"-4349805640555241991","potions_obtained":[{"floor":1,"key":"Explosive Potion"},{"floor":6,"key":"Regen Potion"},{"floor":12,"key":"Regen Potion"},{"floor":13,"key":"Strength Potion"},{"floor":18,"key":"Block Potion"},{"floor":22,"key":"Regen Potion"}],"is_trial":false,"path_per_floor":["M","?","M","$","M","E","R","?","T","E","R","M","M","M","R","B",null,"M","?","?","$","M","E","M","M"],"character_chosen":"IRONCLAD","items_purchased":["Disarm"],"campfire_rested":0,"item_purchase_floors":[4],"current_hp_per_floor":[74,74,75,75,75,58,58,35,35,30,30,33,35,38,38,41,67,65,65,65,65,71,30,15,0],"gold":152,"neow_bonus":"THREE_ENEMY_KILL","is_prod":false,"is_daily":false,"chose_seed":false,"campfire_upgraded":3,"win_rate":0,"timestamp":1548984396,"path_taken":["M","?","?","$","M","E","R","?","T","E","R","M","M","M","R","BOSS","M","?","?","$","M","E","M","?"],"build_version":"2019-01-23","purchased_purges":2,"victory":false,"max_hp_per_floor":[75,75,75,75,75,75,75,75,75,75,75,75,75,75,75,75,75,75,75,75,75,75,75,75,75],"card_choices":[{"not_picked":["Rampage","Sword Boomerang"],"picked":"Metallicize","floor":1},{"not_picked":["Power Through","Havoc"],"picked":"Rampage","floor":3},{"not_picked":["Second Wind","Warcry"],"picked":"Perfected Strike","floor":5},{"not_picked":["Feel No Pain","Anger"],"picked":"Pommel Strike","floor":6},{"not_picked":["Body Slam","Sentinel+1"],"picked":"Headbutt","floor":10},{"not_picked":["Sword Boomerang","Pummel"],"picked":"Shrug It Off+1","floor":12},{"not_picked":["Twin Strike","Body Slam"],"picked":"True Grit+1","floor":13},{"not_picked":["True Grit+1","Reaper"],"picked":"Pommel Strike","floor":14},{"not_picked":["Bludgeon","Exhume+1"],"picked":"Demon Form","floor":16},{"not_picked":["Havoc+1","Sentinel+1","Bloodletting+1"],"picked":"SKIP","floor":18},{"not_picked":["Evolve","Sword Boomerang"],"picked":"Spot Weakness+1","floor":22},{"not_picked":["Thunderclap","Body Slam"],"picked":"Pommel Strike","floor":23},{"not_picked":["Rampage","True Grit+1"],"picked":"Clothesline","floor":24}],"player_experience":1281167,"relics_obtained":[{"floor":6,"key":"Boot"},{"floor":9,"key":"Toxic Egg 2"},{"floor":10,"key":"Bag of Preparation"},{"floor":23,"key":"Bird Faced Urn"}],"event_choices":[{"damage_healed":0,"gold_gain":0,"player_choice":"Rummage","damage_taken":0,"relics_obtained":["WarpedTongs"],"max_hp_gain":0,"max_hp_loss":0,"event_name":"Accursed Blacksmith","floor":2,"gold_loss":0,"cards_obtained":["Pain"]},{"damage_healed":0,"gold_gain":0,"player_choice":"Entered Light","damage_taken":23,"max_hp_gain":0,"max_hp_loss":0,"event_name":"Shining Light","floor":8,"gold_loss":0,"cards_upgraded":["Defend_R","Pommel Strike"]},{"damage_healed":0,"gold_gain":50,"player_choice":"Stole From Cult","damage_taken":0,"max_hp_gain":0,"max_hp_loss":0,"event_name":"Nest","floor":19,"gold_loss":0},{"damage_healed":0,"gold_gain":0,"player_choice":"Obtained Relic","damage_taken":0,"relics_obtained":["Charon\u0027s Ashes"],"max_hp_gain":0,"max_hp_loss":0,"event_name":"Addict","floor":20,"gold_loss":85}],"is_beta":true,"boss_relics":[{"not_picked":["Eternal Feather","Philosopher\u0027s Stone"],"picked":"Snecko Eye"}],"items_purged_floors":[4,21],"is_endless":false,"potions_floor_spawned":[1,6,12,13,18,22],"killed_by":"Shelled Parasite and Fungi","ascension_level":20}