{"gold_per_floor":[119,44,44,63,78,78,105,105,131,162,162,162,218,236,236,311,311,325,375,92,107,2,2,16,35,58,58,72,72,92,92,92,92],"floor_reached":33,"playtime":1967,"items_purged":[],"score":595,"play_id":"9f160fa7-ba30-445e-a477-e8eb0e440da1","local_time":"20190219220733","is_ascension_mode":true,"campfire_choices":[{"data":"Go for the Eyes","floor":6.0,"key":"SMITH"},{"data":"Genetic Algorithm","floor":8.0,"key":"SMITH"},{"data":"Beam Cell","floor":12.0,"key":"SMITH"},{"data":"Glacier","floor":15,"key":"SMITH"},{"data":"Electrodynamics","floor":23,"key":"SMITH"},{"data":"Melter","floor":27,"key":"SMITH"},{"floor":29,"key":"REST"},{"data":"Blizzard","floor":32,"key":"SMITH"}],"neow_cost":"NONE","seed_source_timestamp":0,"circlet_count":0,"master_deck":["AscendersBane","Strike_B","Strike_B","Defend_B","Defend_B","Defend_B","Defend_B","Zap+1","Dualcast","Go for the Eyes+1","Self Repair","Melter+1","Beam Cell+1","Genetic Algorithm+1","Glacier+1","Sweeping Beam","Cold Snap","Electrodynamics+1","Barrage+1","Compile Driver","Ball Lightning","Leap","Hologram+1","Double Energy+1","Conserve Battery","Blizzard+1"],"special_seed":0,"relics":["Cracked Core","Bag of Preparation","Vajra","Mango","Juzu Bracelet","Inserter","Cables","Regal Pillow"],"potions_floor_usage":[21,33,33],"damage_taken":[{"damage":2.0,"enemies":"Jaw Worm","floor":1.0,"turns":2.0},{"damage":7.0,"enemies":"2 Louse","floor":4.0,"turns":3.0},{"damage":0.0,"enemies":"Cultist","floor":5.0,"turns":3.0},{"damage":39.0,"enemies":"Gremlin Nob","floor":7.0,"turns":4.0},{"damage":14.0,"enemies":"Lagavulin","floor":10.0,"turns":3.0},{"damage":5.0,"enemies":"3 Sentries","floor":13.0,"turns":12.0},{"damage":0,"enemies":"Looter","floor":14,"turns":3},{"damage":0,"enemies":"The Guardian","floor":16,"turns":11},{"damage":12,"enemies":"3 Byrds","floor":18,"turns":2},{"damage":1,"enemies":"Spheric Guardian","floor":21,"turns":3},{"damage":20,"enemies":"Cultist and Chosen","floor":24,"turns":6},{"damage":12,"enemies":"Centurion and Healer","floor":25,"turns":6},{"damage":32,"enemies":"Snake Plant","floor":28,"turns":4},{"damage":31,"enemies":"Shelled Parasite and Fungi","floor":30,"turns":2},{"damage":86,"enemies":"Champ","floor":33,"turns":9}],"seed_played":"-2055155535380874891","potions_obtained":[{"floor":4.0,"key":"Regen Potion"},{"floor":7.0,"key":"AttackPotion"},{"floor":10.0,"key":"EssenceOfSteel"},{"floor":13.0,"key":"Fire Potion"},{"floor":18,"key":"Poison Potion"},{"floor":25,"key":"SteroidPotion"},{"floor":30,"key":"PowerPotion"}],"is_trial":false,"path_per_floor":["M","?","?","M","M","R","E","R","T","E","?","R","?","M","R","B",null,"M","?","$","M","$","R","M","M","T","R","M","R","M","?","R","B"],"character_chosen":"DEFECT","items_purchased":["Cables","Ball Lightning","Leap"],"campfire_rested":1,"item_purchase_floors":[20,22,22],"current_hp_per_floor":[62,62,62,62,69,69,37,37,37,44,44,44,61,68,68,75,83,78,78,78,84,84,84,71,66,66,66,41,81,50,67,67,0],"gold":92,"neow_bonus":"UPGRADE_CARD","is_prod":false,"is_daily":false,"chose_seed":false,"campfire_upgraded":7,"win_rate":0,"timestamp":1550632053,"path_taken":["M","?","?","?","M","R","E","R","T","E","?","R","?","M","R","BOSS","M","?","$","M","$","R","M","M","T","R","M","R","M","?","R","BOSS"],"build_version":"2019-01-23","purchased_purges":0,"victory":false,"max_hp_per_floor":[71,71,71,71,71,71,71,71,71,85,85,85,85,85,85,85,85,85,85,85,85,85,85,85,85,85,85,85,85,85,85,85,85],"card_choices":[{"not_picked":["Stack","Steam"],"picked":"Go for the Eyes","floor":1.0},{"not_picked":["Barrage","Darkness"],"picked":"Melter","floor":4.0},{"not_picked":["Tempest","Fusion"],"picked":"Beam Cell","floor":5.0},{"not_picked":["Buffer","White Noise"],"picked":"Genetic Algorithm","floor":7.0},{"not_picked":["Steam Power","Aggregate"],"picked":"Glacier","floor":10.0},{"not_picked":["Beam Cell","Gash"],"picked":"Sweeping Beam","floor":13.0},{"not_picked":["Darkness","Chaos"],"picked":"Cold Snap","floor":14},{"not_picked":["Thunder Strike","Core Surge"],"picked":"Electrodynamics","floor":16},{"not_picked":["Lockon","Turbo"],"picked":"Barrage+1","floor":18},{"not_picked":["Melter+1","Beam Cell"],"picked":"Compile Driver","floor":21},{"not_picked":["Coolheaded","Capacitor"],"picked":"Hologram+1","floor":24},{"not_picked":["Conserve Battery","Rebound"],"picked":"Double Energy+1","floor":25},{"not_picked":["Gash","Glacier"],"picked":"Conserve Battery","floor":28},{"not_picked":["All For One","Redo"],"picked":"Blizzard","floor":30}],"player_experience":1245123,"relics_obtained":[{"floor":7.0,"key":"Bag of Preparation"},{"floor":9.0,"key":"Vajra"},{"floor":10.0,"key":"Mango"},{"floor":13.0,"key":"Juzu Bracelet"},{"floor":26,"key":"Regal Pillow"}],"event_choices":[{"cards_removed":["Strike_B"],"damage_healed":0.0,"max_hp_gain":0.0,"max_hp_loss":0.0,"gold_gain":0.0,"event_name":"The Cleric","player_choice":"Card Removal","floor":2.0,"gold_loss":75.0,"damage_taken":0.0},{"damage_healed":0.0,"max_hp_gain":0.0,"max_hp_loss":0.0,"gold_gain":0.0,"cards_transformed":["Strike_B"],"event_name":"Transmorgrifier","player_choice":"Transformed","floor":3.0,"gold_loss":0.0,"damage_taken":0.0,"cards_obtained":["Self Repair"]},{"damage_healed":0.0,"max_hp_gain":0.0,"max_hp_loss":0.0,"gold_gain":0.0,"event_name":"Liars Game","player_choice":"Ignored","floor":11.0,"gold_loss":0.0,"damage_taken":0.0},{"damage_healed":0.0,"max_hp_gain":0.0,"max_hp_loss":0.0,"gold_gain":30.0,"event_name":"Dead Adventurer","player_choice":"Searched \u00272\u0027 times","floor":13.0,"gold_loss":0.0,"damage_taken":0.0},{"damage_healed":0,"gold_gain":50,"player_choice":"Stole From Cult","damage_taken":0,"max_hp_gain":0,"max_hp_loss":0,"event_name":"Nest","floor":19,"gold_loss":0},{"damage_healed":17,"gold_gain":0,"player_choice":"Heal","damage_taken":0,"max_hp_gain":0,"max_hp_loss":0,"event_name":"The Library","floor":31,"gold_loss":0}],"is_beta":false,"boss_relics":[{"not_picked":["Sozu","Philosopher\u0027s Stone"],"picked":"Inserter"}],"items_purged_floors":[],"is_endless":false,"potions_floor_spawned":[4,7,10,13,18,25,30],"killed_by":"Champ","ascension_level":19}