{"gold_per_floor":[111,131,131,131,145,145,172,185,185,195,195,120,137,152,152,255,255,274,274,274,274,284,284],"floor_reached":23,"playtime":959,"items_purged":["Strike_R"],"score":270,"play_id":"4dcb5bd6-a317-455a-8eb7-1255bac7f36b","local_time":"20190212105538","is_ascension_mode":true,"campfire_choices":[{"data":"Bash","floor":6,"key":"SMITH"},{"data":"Rage","floor":11,"key":"SMITH"},{"data":"Shrug It Off","floor":15,"key":"SMITH"}],"neow_cost":"TEN_PERCENT_HP_LOSS","seed_source_timestamp":1081574289902102,"circlet_count":0,"master_deck":["Strike_R","Strike_R+1","Strike_R","Defend_R","Defend_R","Defend_R+1","Bash+1","Rage+1","Shrug It Off+1","Thunderclap","Intimidate"],"relics":["Burning Blood","Happy Flower","Orichalcum","Orrery"],"potions_floor_usage":[7,14,14,18,19],"damage_taken":[{"damage":3,"enemies":"2 Louse","floor":1,"turns":3},{"damage":5,"enemies":"Small Slimes","floor":2,"turns":3},{"damage":0,"enemies":"Cultist","floor":5,"turns":3},{"damage":32,"enemies":"Lagavulin","floor":7,"turns":6},{"damage":9,"enemies":"Looter","floor":8,"turns":3},{"damage":7,"enemies":"Exordium Wildlife","floor":10,"turns":5},{"damage":3,"enemies":"3 Louse","floor":13,"turns":4},{"damage":6,"enemies":"Lots of Slimes","floor":14,"turns":7},{"damage":27,"enemies":"The Guardian","floor":16,"turns":15},{"damage":21,"enemies":"Chosen","floor":18,"turns":5},{"damage":21,"enemies":"Colosseum Slavers","floor":19,"turns":6},{"damage":1,"enemies":"Shell Parasite","floor":22,"turns":7},{"damage":26,"enemies":"Book of Stabbing","floor":23,"turns":5}],"seed_played":"-7004927109416137805","potions_obtained":[{"floor":1,"key":"Poison Potion"},{"floor":2,"key":"Regen Potion"},{"floor":7,"key":"SteroidPotion"},{"floor":10,"key":"Block Potion"},{"floor":14,"key":"Block Potion"}],"is_trial":false,"path_per_floor":["M","M","?","?","M","R","E","M","T","M","R","$","M","M","R","B",null,"M","?","?","?","M","E"],"character_chosen":"IRONCLAD","items_purchased":[],"campfire_rested":0,"item_purchase_floors":[],"current_hp_per_floor":[72,72,58,58,64,64,38,35,35,34,34,34,37,52,52,31,62,47,32,19,19,24,0],"gold":284,"neow_bonus":"REMOVE_TWO","is_prod":false,"is_daily":false,"chose_seed":false,"campfire_upgraded":3,"win_rate":0,"timestamp":1549976138,"path_taken":["M","M","?","?","M","R","E","M","T","M","R","$","M","M","R","BOSS","M","?","?","?","?","E"],"build_version":"2019-01-23","purchased_purges":1,"victory":false,"max_hp_per_floor":[72,72,72,72,72,72,72,72,72,72,72,72,72,72,72,72,72,72,72,77,77,77,77],"card_choices":[{"not_picked":["Infernal Blade","Anger","Armaments"],"picked":"SKIP","floor":1},{"not_picked":["Sever Soul","Metallicize","Twin Strike"],"picked":"SKIP","floor":2},{"not_picked":["Armaments","Burning Pact","Clothesline"],"picked":"SKIP","floor":5},{"not_picked":["Shockwave","Double Tap","Clash"],"picked":"SKIP","floor":7},{"not_picked":["Second Wind","Armaments"],"picked":"Rage","floor":8},{"not_picked":["Ghostly Armor","Fire Breathing","Clash"],"picked":"SKIP","floor":10},{"not_picked":["Whirlwind","Clothesline","Corruption"],"picked":"SKIP","floor":13},{"not_picked":["Hemokinesis","Infernal Blade"],"picked":"Shrug It Off","floor":14},{"not_picked":["Havoc","Hemokinesis"],"picked":"Thunderclap","floor":17},{"not_picked":["Clothesline","Infernal Blade","Havoc"],"picked":"SKIP","floor":18},{"not_picked":["Pommel Strike","Searing Blow"],"picked":"Intimidate","floor":22}],"player_experience":310161,"relics_obtained":[{"floor":7,"key":"Happy Flower"},{"floor":9,"key":"Orichalcum"}],"event_choices":[{"damage_healed":0,"gold_gain":0,"player_choice":"Entered Light","damage_taken":14,"max_hp_gain":0,"max_hp_loss":0,"event_name":"Shining Light","floor":3,"gold_loss":0,"cards_upgraded":["Strike_R","Defend_R"]},{"damage_healed":0,"gold_gain":0,"player_choice":"0 cards matched","damage_taken":0,"max_hp_gain":0,"max_hp_loss":0,"event_name":"Match and Keep!","floor":4,"gold_loss":0,"cards_obtained":[]},{"damage_healed":0,"gold_gain":0,"player_choice":"Fight","damage_taken":0,"max_hp_gain":0,"max_hp_loss":0,"event_name":"Colosseum","floor":19,"gold_loss":0},{"damage_healed":0,"gold_gain":0,"player_choice":"Fled From Nobs","damage_taken":0,"max_hp_gain":0,"max_hp_loss":0,"event_name":"Colosseum","floor":19,"gold_loss":0},{"damage_healed":0,"gold_gain":0,"player_choice":"Shed Blood","damage_taken":18,"max_hp_gain":5,"max_hp_loss":0,"event_name":"Forgotten Altar","floor":20,"gold_loss":0},{"damage_healed":0,"gold_gain":0,"player_choice":"Ignored","damage_taken":0,"max_hp_gain":0,"max_hp_loss":0,"event_name":"Cursed Tome","floor":21,"gold_loss":0}],"is_beta":false,"boss_relics":[{"not_picked":["Mark of Pain","Runic Pyramid"],"picked":"Orrery"}],"items_purged_floors":[12],"is_endless":false,"potions_floor_spawned":[1,2,7,10,14,19],"killed_by":"Book of Stabbing","ascension_level":8}