{"gold_per_floor":[110,110,75,92,103,103,138,156,179,179,207,207,207,226,226,331,331,331,331,331,331,257,257,2,2,2,2,2,2,2,2,2,2,2,2,2,2,2,2,2,2,2,2,2,2,2,2,2,2,2,2,2,2,2,2],"floor_reached":56,"playtime":1776,"items_purged":[],"score":1405,"play_id":"0c91abc8-fc01-4783-b154-2048a9480257","local_time":"20181105021701","is_ascension_mode":true,"campfire_choices":[{"data":"Defragment","floor":6,"key":"SMITH"},{"data":"Storm","floor":12,"key":"SMITH"},{"data":"Zap","floor":15,"key":"SMITH"},{"data":"Storm","floor":23,"key":"SMITH"},{"data":"Biased Cognition","floor":27,"key":"SMITH"},{"data":"Loop","floor":29,"key":"SMITH"},{"floor":32,"key":"RECALL"},{"data":"Storm","floor":41,"key":"SMITH"},{"data":"Amplify","floor":44,"key":"SMITH"},{"data":"Hello World","floor":49,"key":"SMITH"},{"data":"Echo Form","floor":52,"key":"SMITH"}],"neow_cost":"NONE","seed_source_timestamp":745599945732725,"circlet_count":0,"master_deck":["Defend_B","Defend_B","Defend_B","Defend_B","Zap+1","Dualcast","Biased Cognition+1","Hologram","Defragment+1","Storm+1","Ball Lightning","Cold Snap","Loop+1","Auto Shields","Amplify+1","Storm+1","Hello World+1","Mayhem","Hello World","Conserve Battery","Ball Lightning","Self Repair","Echo Form+1","Storm+1","Ball Lightning+1","Go for the Eyes+1","Biased Cognition+1","Glacier","Heatsinks+1","Conserve Battery+1","Stack+1","Electrodynamics+1"],"relics":["Cracked Core","Bag of Marbles","Omamori","Anchor","Thread and Needle","Ectoplasm","Pear","Empty Cage","Frozen Egg 2","Regal Pillow","PreservedInsect","Oddly Smooth Stone","Gremlin Horn"],"potions_floor_usage":[30,33,38,40,45,48,50,50,55],"damage_taken":[{"damage":0,"enemies":"Small Slimes","floor":1,"turns":2},{"damage":5,"enemies":"2 Louse","floor":4,"turns":2},{"damage":0,"enemies":"Jaw Worm","floor":5,"turns":3},{"damage":15,"enemies":"Lagavulin","floor":7,"turns":3},{"damage":9,"enemies":"Blue Slaver","floor":8,"turns":3},{"damage":7,"enemies":"Gremlin Nob","floor":11,"turns":3},{"damage":0,"enemies":"3 Louse","floor":14,"turns":2},{"damage":0,"enemies":"The Guardian","floor":16,"turns":8},{"damage":0,"enemies":"Spheric Guardian","floor":18,"turns":2},{"damage":0,"enemies":"Shell Parasite","floor":20,"turns":3},{"damage":0,"enemies":"Cultist and Chosen","floor":25,"turns":2},{"damage":0,"enemies":"Snecko","floor":30,"turns":4},{"damage":12,"enemies":"Collector","floor":33,"turns":5},{"damage":0,"enemies":"Orb Walker","floor":35,"turns":2},{"damage":18,"enemies":"3 Darklings","floor":37,"turns":4},{"damage":0,"enemies":"Writhing Mass","floor":38,"turns":3},{"damage":0,"enemies":"Transient","floor":39,"turns":5},{"damage":0,"enemies":"Giant Head","floor":40,"turns":5},{"damage":34,"enemies":"Nemesis","floor":42,"turns":5},{"damage":3,"enemies":"3 Darklings","floor":45,"turns":2},{"damage":0,"enemies":"Sphere and 2 Shapes","floor":46,"turns":2},{"damage":0,"enemies":"Maw","floor":47,"turns":3},{"damage":13,"enemies":"Reptomancer","floor":48,"turns":4},{"damage":28,"enemies":"Time Eater","floor":50,"turns":6},{"damage":0,"enemies":"Shield and Spear","floor":54,"turns":2},{"damage":75,"enemies":"The Heart","floor":55,"turns":8}],"seed_played":"3496493930272881988","potions_obtained":[{"floor":7,"key":"SkillPotion"},{"floor":11,"key":"Strength Potion"},{"floor":14,"key":"SkillPotion"},{"floor":25,"key":"Ancient Potion"},{"floor":30,"key":"Weak Potion"},{"floor":33,"key":"Fire Potion"},{"floor":37,"key":"Regen Potion"},{"floor":39,"key":"SkillPotion"},{"floor":42,"key":"Energy Potion"},{"floor":45,"key":"Block Potion"},{"floor":48,"key":"SkillPotion"},{"floor":54,"key":"Explosive Potion"}],"is_trial":false,"path_per_floor":["M","?","?","M","M","R","E","M","T","?","E","R","?","M","R","B",null,"M","?","M","?","$","R","$","M","T","R","$","R","M","$","R","B",null,"M","?","M","M","M","E","R","E","T","R","M","M","M","E","R","B",null,"R","$","E","B",null],"character_chosen":"DEFECT","items_purchased":["Hello World","Mayhem","Hello World","Conserve Battery"],"campfire_rested":0,"item_purchase_floors":[22,24,24,24],"current_hp_per_floor":[75,50,68,63,63,63,48,39,39,32,25,25,50,50,50,50,75,75,85,85,85,85,85,85,85,85,85,85,85,85,85,85,80,85,85,85,74,81,81,85,85,58,58,58,55,55,62,56,56,50,85,85,85,85,17],"gold":2,"neow_bonus":"ONE_RANDOM_RARE_CARD","is_prod":false,"is_daily":false,"chose_seed":false,"campfire_upgraded":10,"win_rate":0,"timestamp":1541409421,"path_taken":["M","?","?","M","M","R","E","M","T","?","E","R","?","?","R","BOSS","M","?","M","?","$","R","$","M","T","R","$","R","?","?","R","BOSS","M","?","M","?","M","E","R","E","T","R","M","?","?","E","R","BOSS","R","$","E","BOSS"],"build_version":"2018-11-02","purchased_purges":0,"victory":true,"max_hp_per_floor":[75,75,75,75,75,75,75,75,75,75,75,75,75,75,75,75,75,75,85,85,85,85,85,85,85,85,85,85,85,85,85,85,85,85,85,85,85,85,85,85,85,85,85,85,85,85,85,85,85,85,85,85,85,85,85],"card_choices":[{"not_picked":["Sweeping Beam","Beam Cell"],"picked":"Hologram","floor":1},{"not_picked":["Turbo","Consume"],"picked":"Defragment","floor":4},{"not_picked":["Sunder","Leap"],"picked":"Storm","floor":5},{"not_picked":["Core Surge","Darkness"],"picked":"Ball Lightning","floor":7},{"not_picked":["Aggregate","Barrage"],"picked":"Cold Snap","floor":8},{"not_picked":["Rebound","Sunder"],"picked":"Loop","floor":11},{"not_picked":["Turbo","Rip and Tear"],"picked":"Auto Shields","floor":14},{"not_picked":["Hyperbeam","Multi-Cast"],"picked":"Amplify","floor":16},{"not_picked":["Go for the Eyes","Cold Snap"],"picked":"Storm","floor":18},{"not_picked":["Coolheaded","Compile Driver","Hologram"],"picked":"SKIP","floor":20},{"not_picked":["Turbo","Beam Cell+1"],"picked":"Ball Lightning","floor":25},{"not_picked":["Sweeping Beam","Gash"],"picked":"Self Repair","floor":30},{"not_picked":["Seek","Thunder Strike"],"picked":"Echo Form","floor":33},{"not_picked":["Redo","Cold Snap+1"],"picked":"Storm","floor":35},{"not_picked":["Chill+1","Barrage"],"picked":"Ball Lightning+1","floor":37},{"not_picked":["Streamline","Fusion","Compile Driver+1"],"picked":"SKIP","floor":38},{"not_picked":["Lockon+1","Cold Snap"],"picked":"Go for the Eyes+1","floor":39},{"not_picked":["Loop","Rebound+1"],"picked":"Biased Cognition","floor":40},{"not_picked":["Leap","Coolheaded+1"],"picked":"Glacier","floor":42},{"not_picked":["Hologram+1","Darkness+1"],"picked":"Heatsinks+1","floor":45},{"not_picked":["Stack+1","Turbo"],"picked":"Conserve Battery+1","floor":46},{"not_picked":["Gash","Ball Lightning+1"],"picked":"Stack+1","floor":47},{"not_picked":["Glacier+1","Reboot"],"picked":"Electrodynamics+1","floor":48},{"not_picked":["Aggregate+1","Leap","Compile Driver"],"picked":"SKIP","floor":54}],"player_experience":1111225,"relics_obtained":[{"floor":7,"key":"Omamori"},{"floor":9,"key":"Anchor"},{"floor":11,"key":"Thread and Needle"},{"floor":40,"key":"Frozen Egg 2"},{"floor":42,"key":"Regal Pillow"},{"floor":43,"key":"PreservedInsect"},{"floor":48,"key":"Oddly Smooth Stone"},{"floor":54,"key":"Gremlin Horn"}],"event_choices":[{"damage_healed":0,"gold_gain":0,"player_choice":"Success","damage_taken":25,"relics_obtained":["Bag of Marbles"],"max_hp_gain":0,"max_hp_loss":0,"event_name":"Scrap Ooze","floor":2,"gold_loss":0},{"damage_healed":18,"gold_gain":0,"player_choice":"Healed","damage_taken":0,"max_hp_gain":0,"max_hp_loss":0,"event_name":"The Cleric","floor":3,"gold_loss":35},{"cards_removed":["Strike_B"],"damage_healed":0,"gold_gain":0,"player_choice":"Card Removal","damage_taken":7,"max_hp_gain":0,"max_hp_loss":0,"event_name":"Golden Wing","floor":10,"gold_loss":0},{"damage_healed":25,"gold_gain":0,"player_choice":"Banana","damage_taken":0,"max_hp_gain":0,"max_hp_loss":0,"event_name":"Big Fish","floor":13,"gold_loss":0},{"damage_healed":0,"gold_gain":0,"player_choice":"Opened","damage_taken":0,"relics_obtained":["Pear"],"max_hp_gain":0,"max_hp_loss":0,"event_name":"The Mausoleum","floor":19,"gold_loss":0,"cards_obtained":["Writhe"]},{"damage_healed":0,"gold_gain":0,"player_choice":"Bought 0 Potions","damage_taken":0,"max_hp_gain":0,"max_hp_loss":0,"event_name":"The Woman in Blue","floor":21,"gold_loss":0},{"cards_removed":["Strike_B"],"damage_healed":0,"gold_gain":0,"player_choice":"Offered Basic","damage_taken":0,"max_hp_gain":0,"max_hp_loss":0,"event_name":"Bonfire Elementals","floor":36,"gold_loss":0}],"is_beta":true,"boss_relics":[{"not_picked":["Pandora\u0027s Box","Busted Crown"],"picked":"Ectoplasm"},{"not_picked":["FrozenCore","Calling Bell"],"picked":"Empty Cage"}],"items_purged_floors":[],"is_endless":false,"potions_floor_spawned":[7,11,14,16,25,30,33,37,39,42,45,48,54],"ascension_level":1}