{"gold_per_floor":[119,129,129,145,162,192,192,169,169,200,200,219,219,219,219,323,323,333,360,360,372,391,391,419,419,419,419,433,448,171,171,171,273,273,288,298,520,520,537,563,264,264,264,296,296,36,36,54,54,54],"floor_reached":51,"playtime":2822,"items_purged":["Normality","Writhe"],"score":981,"play_id":"b064e02a-2c1e-45c6-8658-27fc85a5ff8e","local_time":"20190212114307","is_ascension_mode":true,"campfire_choices":[{"data":"Bash","floor":7,"key":"SMITH"},{"data":"Whirlwind","floor":11,"key":"SMITH"},{"data":"Rage","floor":13,"key":"SMITH"},{"data":"Armaments","floor":15,"key":"SMITH"},{"data":"True Grit","floor":23,"key":"SMITH"},{"floor":25,"key":"REST"},{"floor":27,"key":"REST"},{"floor":32,"key":"REST"},{"floor":42,"key":"REST"},{"data":"Demon Form","floor":45,"key":"SMITH"},{"floor":49,"key":"REST"}],"neow_cost":"NONE","seed_source_timestamp":1082548954270106,"circlet_count":0,"master_deck":["Strike_R","Strike_R","Strike_R","Strike_R","Defend_R","Defend_R","Defend_R","Bash+1","Whirlwind+1","Clothesline","Anger","Rage+1","Armaments+1","Fiend Fire","Clothesline","Thunderclap","Offering","Feel No Pain","True Grit+1","True Grit+1","Demon Form+1","Disarm","Shrug It Off+1","Body Slam+1","Wild Strike","Shrug It Off","Uppercut+1","Impervious","True Grit+1","Doubt","Metallicize+1","Headbutt+1"],"relics":["Cursed Key","Sundial","Mango","Prayer Wheel","Bag of Preparation","Mark of Pain","Red Mask","Potion Belt","Juzu Bracelet","Bronze Scales","Pantograph","Snecko Eye","Matryoshka","Chemical X","Meat on the Bone","Mercury Hourglass","Mummified Hand","Kunai"],"potions_floor_usage":[22,29,40,44,44,50,50,50],"damage_taken":[{"damage":0,"enemies":"2 Louse","floor":1,"turns":3},{"damage":1,"enemies":"Cultist","floor":2,"turns":3},{"damage":2,"enemies":"Jaw Worm","floor":4,"turns":3},{"damage":4,"enemies":"Blue Slaver","floor":5,"turns":4},{"damage":15,"enemies":"Lagavulin","floor":6,"turns":6},{"damage":11,"enemies":"3 Sentries","floor":10,"turns":7},{"damage":8,"enemies":"Large Slime","floor":12,"turns":4},{"damage":18,"enemies":"The Guardian","floor":16,"turns":9},{"damage":6,"enemies":"2 Thieves","floor":18,"turns":3},{"damage":0,"enemies":"Masked Bandits","floor":19,"turns":1},{"damage":7,"enemies":"3 Byrds","floor":21,"turns":5},{"damage":32,"enemies":"Cultist and Chosen","floor":22,"turns":5},{"damage":23,"enemies":"Slavers","floor":24,"turns":5},{"damage":21,"enemies":"Chosen and Byrds","floor":28,"turns":7},{"damage":30,"enemies":"Snake Plant","floor":29,"turns":5},{"damage":56,"enemies":"Collector","floor":33,"turns":8},{"damage":0,"enemies":"3 Shapes","floor":35,"turns":3},{"damage":9,"enemies":"3 Darklings","floor":36,"turns":4},{"damage":12,"enemies":"Writhing Mass","floor":39,"turns":6},{"damage":22,"enemies":"Reptomancer","floor":40,"turns":7},{"damage":20,"enemies":"Giant Head","floor":44,"turns":7},{"damage":6,"enemies":"Transient","floor":48,"turns":5},{"damage":46,"enemies":"Awakened One","floor":50,"turns":13}],"seed_played":"2671031823457986127","potions_obtained":[{"floor":4,"key":"Poison Potion"},{"floor":6,"key":"Strength Potion"},{"floor":10,"key":"AttackPotion"},{"floor":29,"key":"SpeedPotion"},{"floor":33,"key":"Strength Potion"},{"floor":36,"key":"Fire Potion"},{"floor":39,"key":"PowerPotion"},{"floor":40,"key":"PowerPotion"}],"is_trial":false,"path_per_floor":["M","M","?","M","M","E","R","$","T","E","R","M","R","?","R","B",null,"M","?","?","M","M","R","E","R","T","R","M","M","$","?","R","B",null,"M","M","?","?","M","E","$","R","T","E","R","$","?","M","R","B",null],"character_chosen":"IRONCLAD","items_purchased":["Armaments","Shrug It Off","Bronze Scales","Chemical X","Kunai"],"campfire_rested":5,"item_purchase_floors":[8,30,30,41,46],"current_hp_per_floor":[72,71,71,69,65,50,50,50,64,53,53,45,45,45,45,27,77,71,71,71,64,32,32,9,37,37,65,44,14,14,14,42,11,73,73,64,64,64,52,30,30,58,58,50,50,50,50,56,82,55],"gold":54,"neow_bonus":"BOSS_RELIC","is_prod":false,"is_daily":false,"chose_seed":false,"campfire_upgraded":6,"win_rate":0,"timestamp":1549978987,"path_taken":["M","M","?","?","M","E","R","?","T","E","R","M","R","?","R","BOSS","M","?","?","M","M","R","E","R","T","R","M","M","$","?","R","BOSS","M","M","?","?","M","E","$","R","T","E","R","$","?","M","R","BOSS"],"build_version":"2019-01-23","purchased_purges":2,"victory":true,"max_hp_per_floor":[80,80,80,80,80,80,80,80,94,94,94,94,94,94,94,94,94,94,94,94,94,94,94,94,94,94,94,94,94,94,94,94,94,94,94,94,94,94,94,94,94,94,94,94,94,94,89,89,89,89],"card_choices":[{"not_picked":["Heavy Blade","Flame Barrier"],"picked":"Whirlwind","floor":1},{"not_picked":["Body Slam","Second Wind"],"picked":"Clothesline","floor":2},{"not_picked":["Armaments","Wild Strike"],"picked":"Anger","floor":4},{"not_picked":["Flex","Perfected Strike","Wild Strike"],"picked":"SKIP","floor":5},{"not_picked":["Armaments","Combust"],"picked":"Rage","floor":6},{"not_picked":["Seeing Red","Burning Pact"],"picked":"Fiend Fire","floor":10},{"not_picked":["Flex","Thunderclap"],"picked":"Clothesline","floor":12},{"not_picked":["Cleave","Warcry"],"picked":"Thunderclap","floor":12},{"not_picked":["Double Tap","Berserk"],"picked":"Offering","floor":16},{"not_picked":["Flex+1","Perfected Strike","Clothesline"],"picked":"SKIP","floor":18},{"not_picked":["Heavy Blade","Perfected Strike+1","Sword Boomerang"],"picked":"SKIP","floor":18},{"not_picked":["Combust","Armaments"],"picked":"Feel No Pain","floor":21},{"not_picked":["Reckless Charge","Blood for Blood"],"picked":"True Grit","floor":21},{"not_picked":["Perfected Strike","Body Slam+1"],"picked":"True Grit+1","floor":22},{"not_picked":["Burning Pact+1","Clash","Intimidate"],"picked":"SKIP","floor":22},{"not_picked":["Combust","Second Wind"],"picked":"Demon Form","floor":24},{"not_picked":["Rage","True Grit+1"],"picked":"Disarm","floor":28},{"not_picked":["Thunderclap","Feel No Pain+1"],"picked":"Shrug It Off+1","floor":28},{"not_picked":["Wild Strike+1","Clash"],"picked":"Body Slam+1","floor":29},{"not_picked":["Warcry","Juggernaut"],"picked":"Wild Strike","floor":29},{"not_picked":["Armaments+1","Fire Breathing+1"],"picked":"Uppercut+1","floor":35},{"not_picked":["Heavy Blade+1","Perfected Strike+1","Clothesline+1"],"picked":"SKIP","floor":35},{"not_picked":["Havoc","Armaments+1"],"picked":"Impervious","floor":36},{"not_picked":["Iron Wave+1","Havoc+1","Infernal Blade"],"picked":"SKIP","floor":36},{"not_picked":["Sever Soul","Dual Wield+1"],"picked":"True Grit+1","floor":39},{"not_picked":["Twin Strike","Iron Wave","Heavy Blade"],"picked":"SKIP","floor":39},{"not_picked":["Offering","Perfected Strike+1","Body Slam"],"picked":"SKIP","floor":40},{"not_picked":["Entrench+1","Ghostly Armor+1"],"picked":"Metallicize+1","floor":44},{"not_picked":["Ghostly Armor","Uppercut"],"picked":"Headbutt+1","floor":48},{"not_picked":["Armaments+1","Searing Blow+1","Anger+1"],"picked":"SKIP","floor":48}],"player_experience":311120,"relics_obtained":[{"floor":6,"key":"Sundial"},{"floor":9,"key":"Mango"},{"floor":10,"key":"Prayer Wheel"},{"floor":19,"key":"Red Mask"},{"floor":24,"key":"Potion Belt"},{"floor":26,"key":"Juzu Bracelet"},{"floor":40,"key":"Matryoshka"},{"floor":43,"key":"Meat on the Bone"},{"floor":43,"key":"Mercury Hourglass"},{"floor":44,"key":"Mummified Hand"}],"event_choices":[{"cards_removed":["Strike_R"],"damage_healed":0,"gold_gain":0,"player_choice":"Card Removal","damage_taken":0,"max_hp_gain":0,"max_hp_loss":0,"event_name":"Wheel of Change","floor":3,"gold_loss":0},{"damage_healed":0,"gold_gain":0,"player_choice":"Searched \u00271\u0027 times","damage_taken":0,"relics_obtained":["Bag of Preparation"],"max_hp_gain":0,"max_hp_loss":0,"event_name":"Dead Adventurer","floor":14,"gold_loss":0},{"damage_healed":0,"gold_gain":0,"player_choice":"Fought Bandits","damage_taken":0,"max_hp_gain":0,"max_hp_loss":0,"event_name":"Masked Bandits","floor":19,"gold_loss":0},{"damage_healed":0,"gold_gain":0,"player_choice":"Ignored","damage_taken":0,"max_hp_gain":0,"max_hp_loss":0,"event_name":"Ghosts","floor":20,"gold_loss":0},{"damage_healed":0,"gold_gain":0,"player_choice":"Opened","damage_taken":0,"relics_obtained":["Pantograph"],"max_hp_gain":0,"max_hp_loss":0,"event_name":"The Mausoleum","floor":31,"gold_loss":0},{"damage_healed":0,"gold_gain":222,"player_choice":"Wore Mask","damage_taken":0,"max_hp_gain":0,"max_hp_loss":0,"event_name":"Tomb of Lord Red Mask","floor":37,"gold_loss":0},{"cards_removed":["Defend_R"],"damage_healed":0,"gold_gain":0,"player_choice":"Removed Skill","damage_taken":0,"max_hp_gain":0,"max_hp_loss":0,"event_name":"Falling","floor":38,"gold_loss":0},{"damage_healed":0,"gold_gain":0,"player_choice":"Max HP","damage_taken":0,"max_hp_gain":0,"max_hp_loss":5,"event_name":"Winding Halls","floor":47,"gold_loss":0}],"is_beta":false,"boss_relics":[{"not_picked":["Tiny House","Ectoplasm"],"picked":"Mark of Pain"},{"not_picked":["Black Star","Lizard Tail"],"picked":"Snecko Eye"}],"items_purged_floors":[30,41],"is_endless":false,"potions_floor_spawned":[4,6,10,18,29,33,36,39,40],"ascension_level":8}