{"gold_per_floor":[218,106,120,134,150,150,150,150,150,130,130,146,176,156,156,230,230,230,230,230,93,93,93,93,93,93,93,93,18,18,18,18,18,18,18,18,18,18,18,18,18,18,18,18,18,18,18,18,18,18],"floor_reached":51,"playtime":2511,"items_purged":["Strike_G","Strike_G"],"score":1482,"play_id":"76b298e7-8121-4d9e-bb67-bc53d96c8b82","local_time":"20180816163823","is_ascension_mode":true,"campfire_choices":[{"data":"Neutralize","floor":6.0,"key":"SMITH"},{"data":"Footwork","floor":8.0,"key":"SMITH"},{"data":"Caltrops","floor":11.0,"key":"SMITH"},{"data":"Noxious Fumes","floor":15.0,"key":"SMITH"},{"data":"Noxious Fumes","floor":24.0,"key":"SMITH"},{"data":"Glass Knife","floor":27.0,"key":"SMITH"},{"data":"Backflip","floor":32,"key":"SMITH"},{"data":"Survivor","floor":40,"key":"SMITH"},{"data":"Defend_G","floor":47,"key":"SMITH"},{"floor":49,"key":"REST"}],"neow_cost":"NONE","seed_source_timestamp":0,"circlet_count":0,"master_deck":["Defend_G","Defend_G","Defend_G","Defend_G","Defend_G+1","Strike_G","Survivor+1","Neutralize+1","AscendersBane","Caltrops+1","Noxious Fumes+1","Footwork+1","Backflip+1","Glass Knife+1","Cloak And Dagger+1","Dodge and Roll+1","Dodge and Roll+1","Burst+1","Noxious Fumes+1","Adrenaline+1","Adrenaline+1","Cloak And Dagger+1","Cloak And Dagger+1","Poisoned Stab+1","Cloak And Dagger+1","Deadly Poison+1","Dodge and Roll+1"],"special_seed":0,"relics":["Ring of the Snake","Toxic Egg 2","Singing Bowl","Ectoplasm","Anchor","Regal Pillow","Runic Pyramid","Old Coin","Lantern","Dream Catcher","Gambling Chip"],"potions_floor_usage":[42,45,50,50],"damage_taken":[{"damage":4.0,"enemies":"Small Slimes","floor":1.0,"turns":4.0},{"damage":0.0,"enemies":"2 Louse","floor":3.0,"turns":4.0},{"damage":0.0,"enemies":"Jaw Worm","floor":4.0,"turns":7.0},{"damage":0.0,"enemies":"Blue Slaver","floor":5.0,"turns":5.0},{"damage":0.0,"enemies":"Red Slaver","floor":12.0,"turns":5.0},{"damage":2.0,"enemies":"3 Sentries","floor":13.0,"turns":8.0},{"damage":3.0,"enemies":"Exordium Thugs","floor":14.0,"turns":5.0},{"damage":9.0,"enemies":"Slime Boss","floor":16.0,"turns":14.0},{"damage":6.0,"enemies":"3 Byrds","floor":18.0,"turns":6.0},{"damage":9.0,"enemies":"Spheric Guardian","floor":19.0,"turns":6.0},{"damage":0.0,"enemies":"3 Cultists","floor":22.0,"turns":5.0},{"damage":4.0,"enemies":"Book of Stabbing","floor":23.0,"turns":7.0},{"damage":0.0,"enemies":"Sentry and Sphere","floor":25.0,"turns":7.0},{"damage":5.0,"enemies":"Cultist and Chosen","floor":31.0,"turns":6.0},{"damage":0,"enemies":"Automaton","floor":33,"turns":12},{"damage":0,"enemies":"3 Darklings","floor":35,"turns":5},{"damage":2,"floor":36,"turns":6},{"damage":0,"enemies":"3 Shapes","floor":39,"turns":5},{"damage":0,"enemies":"Nemesis","floor":41,"turns":9},{"damage":0,"enemies":"Flame Bruiser 2 Orb","floor":42,"turns":7},{"damage":0,"enemies":"Spire Growth","floor":44,"turns":5},{"damage":0,"enemies":"Giant Head","floor":45,"turns":9},{"damage":15,"enemies":"Jaw Worm Horde","floor":46,"turns":5},{"damage":0,"enemies":"3 Darklings","floor":48,"turns":4},{"damage":16,"enemies":"Donu and Deca","floor":50,"turns":9}],"seed_played":"-1064035332285481600","potions_obtained":[{"floor":5.0,"key":"GamblersBrew"},{"floor":10.0,"key":"GhostInAJar"},{"floor":12.0,"key":"SkillPotion"},{"floor":13.0,"key":"Regen Potion"},{"floor":16.0,"key":"Block Potion"},{"floor":25.0,"key":"FearPotion"},{"floor":36,"key":"Fire Potion"},{"floor":37,"key":"Poison Potion"},{"floor":44,"key":"LiquidBronze"},{"floor":46,"key":"Explosive Potion"}],"is_trial":false,"path_per_floor":["M","$","M","M","M","R","?","R","T","?","R","M","E","M","R","B",null,"M","M","?","$","M","E","R","M","T","R","?","?","?","M","R","B",null,"M","?","?","$","M","R","E","M","T","M","E","M","R","M","R","B"],"character_chosen":"THE_SILENT","items_purchased":["Noxious Fumes","Noxious Fumes"],"campfire_rested":1,"item_purchase_floors":[2,21],"current_hp_per_floor":[55,55,55,55,55,55,48,48,48,48,48,48,46,43,43,34,58,54,47,47,47,47,43,43,45,45,45,45,45,59,56,56,58,72,72,70,70,70,70,70,72,74,74,76,78,63,63,63,84,68],"gold":18,"neow_bonus":"HUNDRED_GOLD","is_prod":false,"is_daily":false,"chose_seed":false,"campfire_upgraded":9,"win_rate":0,"timestamp":1534459103,"path_taken":["M","$","M","M","M","R","?","R","T","?","R","M","E","?","R","BOSS","M","M","?","$","M","E","R","?","T","R","?","?","?","M","R","BOSS","M","?","?","?","M","R","E","M","T","?","E","M","R","M","R","BOSS"],"build_version":"2018-08-16","purchased_purges":2,"victory":true,"max_hp_per_floor":[66,66,66,66,66,66,66,66,66,66,66,66,66,66,66,66,66,68,70,70,70,70,70,70,72,72,72,72,72,72,74,74,76,76,76,76,76,76,76,76,78,80,80,82,84,84,84,84,84,84],"card_choices":[{"not_picked":["Dagger Throw","Bane"],"picked":"Caltrops","floor":1.0},{"not_picked":["Accuracy","Quick Slash"],"picked":"Footwork","floor":3.0},{"not_picked":["Underhanded Strike","Eviscerate"],"picked":"Backflip","floor":4.0},{"not_picked":["Predator","Deadly Poison"],"picked":"Glass Knife","floor":5.0},{"not_picked":["Caltrops","Underhanded Strike"],"picked":"Cloak And Dagger+1","floor":12.0},{"not_picked":["Dagger Throw","Dagger Spray"],"picked":"Dodge and Roll+1","floor":13.0},{"not_picked":["Storm of Steel+1","Acrobatics+1"],"picked":"Dodge and Roll+1","floor":14.0},{"not_picked":["Phantasmal Killer+1","A Thousand Cuts"],"picked":"Burst+1","floor":16.0},{"not_picked":["Deflect+1","Outmaneuver+1","Setup+1"],"picked":"Singing Bowl","floor":18.0},{"not_picked":["Acrobatics+1","Underhanded Strike","Expertise+1"],"picked":"Singing Bowl","floor":19.0},{"not_picked":["Acrobatics+1","Choke"],"picked":"Adrenaline+1","floor":22.0},{"not_picked":["Acrobatics+1","Prepared+1"],"picked":"Adrenaline+1","floor":23.0},{"not_picked":["Sucker Punch+1","Backstab","Acrobatics+1"],"picked":"Singing Bowl","floor":25.0},{"not_picked":["Acrobatics+1","Dagger Spray","Dagger Throw"],"picked":"Singing Bowl","floor":31.0},{"not_picked":["Grand Finale","A Thousand Cuts","Tools of the Trade"],"picked":"Singing Bowl","floor":33},{"not_picked":["Bane","Choke"],"picked":"Cloak And Dagger+1","floor":35},{"not_picked":["Slice","Prepared+1"],"picked":"Cloak And Dagger+1","floor":36},{"not_picked":["Slice","Phantasmal Killer+1"],"picked":"Poisoned Stab+1","floor":39},{"not_picked":["Quick Slash","Prepared+1","Phantasmal Killer+1"],"picked":"Singing Bowl","floor":41},{"not_picked":["Sucker Punch","Dagger Spray","Slice"],"picked":"Singing Bowl","floor":42},{"not_picked":["Dagger Throw","Dagger Spray","Acrobatics+1"],"picked":"Singing Bowl","floor":44},{"not_picked":["Doppelganger+1","Dagger Throw","Bane"],"picked":"Singing Bowl","floor":45},{"not_picked":["Reflex+1","Dagger Throw"],"picked":"Cloak And Dagger+1","floor":46},{"not_picked":["Prepared+1","Sucker Punch"],"picked":"Deadly Poison+1","floor":48},{"not_picked":["Blade Dance+1","Dagger Throw+1"],"picked":"Dodge and Roll+1","floor":49}],"player_experience":979601,"relics_obtained":[{"floor":9.0,"key":"Toxic Egg 2"},{"floor":13.0,"key":"Singing Bowl"},{"floor":23.0,"key":"Anchor"},{"floor":26.0,"key":"Regal Pillow"},{"floor":36,"key":"Old Coin"},{"floor":41,"key":"Lantern"},{"floor":43,"key":"Dream Catcher"},{"floor":45,"key":"Gambling Chip"}],"event_choices":[{"event_name":"Golden Wing","player_choice":"Card Removal","floor":7.0,"damage_taken":0.0},{"event_name":"The Woman in Blue","player_choice":"Bought 1 Potion","floor":10.0,"damage_taken":0.0},{"event_name":"Golden Shrine","player_choice":"Pray","floor":20.0,"damage_taken":0.0},{"event_name":"Nest","player_choice":"Stole From Cult","floor":28.0,"damage_taken":0.0},{"event_name":"Beggar","player_choice":"Gave Gold","floor":29.0,"damage_taken":0.0},{"event_name":"The Library","player_choice":"Heal","floor":30.0,"damage_taken":0.0},{"event_name":"Mysterious Sphere","player_choice":"Fight","floor":36,"damage_taken":0},{"event_name":"The Lab","player_choice":"Got Potions","floor":37,"damage_taken":0}],"is_beta":true,"boss_relics":[{"not_picked":["Fusion Hammer","Calling Bell"],"picked":"Ectoplasm"},{"not_picked":["Cursed Key","Black Star"],"picked":"Runic Pyramid"}],"items_purged_floors":[2,21],"is_endless":false,"potions_floor_spawned":[5,12,13,16,19,22,25,36,44,46,48],"ascension_level":15}