{"gold_per_floor":[114,114,14,0,0,40,40,76,76,90,90,108,149,167,167,167],"floor_reached":16,"playtime":3309,"items_purged":["Strike_B"],"score":207,"play_id":"ece2edab-d434-49c0-9204-8250a3808266","local_time":"20190219112543","is_ascension_mode":true,"campfire_choices":[{"floor":7,"key":"REST"},{"floor":11,"key":"REST"},{"floor":15,"key":"REST"}],"neow_cost":"NONE","seed_source_timestamp":59591852659054,"circlet_count":0,"master_deck":["AscendersBane","Strike_B","Strike_B","Strike_B","Defend_B","Defend_B","Defend_B","Defend_B","Zap","Dualcast","Hologram","Cold Snap","Reinforced Body","Defragment","Storm","Glacier"],"relics":["Cracked Core","Golden Idol","Oddly Smooth Stone","Strawberry","Dodecahedron","Bronze Scales","PreservedInsect"],"potions_floor_usage":[13,16],"damage_taken":[{"damage":8,"enemies":"Jaw Worm","floor":1,"turns":4},{"damage":37,"enemies":"Lagavulin","floor":6,"turns":7},{"damage":20,"enemies":"3 Sentries","floor":8,"turns":9},{"damage":0,"enemies":"2 Louse","floor":10,"turns":2},{"damage":10,"enemies":"Small Slimes","floor":12,"turns":3},{"damage":10,"enemies":"Gremlin Nob","floor":13,"turns":5},{"damage":4,"enemies":"3 Louse","floor":14,"turns":4},{"damage":61,"enemies":"Slime Boss","floor":16,"turns":15}],"seed_played":"-1485719824656658133","potions_obtained":[{"floor":1,"key":"FairyPotion"},{"floor":10,"key":"Energy Potion"},{"floor":14,"key":"Energy Potion"}],"is_trial":false,"path_per_floor":["M","?","$","?","?","E","R","E","T","M","R","M","E","M","R","B"],"character_chosen":"DEFECT","items_purchased":["Cold Snap"],"campfire_rested":3,"item_purchase_floors":[3],"current_hp_per_floor":[63,63,63,63,52,22,45,25,25,25,48,38,28,24,47,0],"gold":167,"neow_bonus":"TEN_PERCENT_HP_BONUS","is_prod":false,"is_daily":false,"chose_seed":false,"campfire_upgraded":0,"win_rate":0,"timestamp":1550597143,"path_taken":["M","?","$","?","?","E","R","E","T","M","R","M","E","M","R","BOSS"],"build_version":"2019-01-23","purchased_purges":1,"victory":false,"max_hp_per_floor":[78,71,71,71,71,78,78,78,78,78,78,78,78,78,78,78],"card_choices":[{"not_picked":["Heatsinks","Barrage"],"picked":"Hologram","floor":1},{"not_picked":["Hello World","Gash"],"picked":"Reinforced Body","floor":6},{"not_picked":["Rainbow","Gash"],"picked":"Defragment","floor":8},{"not_picked":["Hologram","Turbo"],"picked":"Storm","floor":10},{"not_picked":["Scrape","Lockon"],"picked":"Glacier","floor":12},{"not_picked":["Hologram","Fusion","Blizzard"],"picked":"SKIP","floor":13},{"not_picked":["Steam","Leap","Hologram"],"picked":"SKIP","floor":14}],"player_experience":427307,"relics_obtained":[{"floor":6,"key":"Strawberry"},{"floor":8,"key":"Dodecahedron"},{"floor":9,"key":"Bronze Scales"},{"floor":13,"key":"PreservedInsect"}],"event_choices":[{"damage_healed":0,"gold_gain":0,"player_choice":"Lose Max HP","damage_taken":0,"relics_obtained":["Golden Idol"],"max_hp_gain":0,"max_hp_loss":7,"event_name":"Golden Idol","floor":2,"gold_loss":0},{"damage_healed":0,"gold_gain":0,"player_choice":"Left Gold","damage_taken":0,"max_hp_gain":0,"max_hp_loss":0,"event_name":"World of Goop","floor":4,"gold_loss":14},{"damage_healed":0,"gold_gain":0,"player_choice":"Success","damage_taken":11,"relics_obtained":["Oddly Smooth Stone"],"max_hp_gain":0,"max_hp_loss":0,"event_name":"Scrap Ooze","floor":5,"gold_loss":0}],"is_beta":false,"boss_relics":[],"items_purged_floors":[3],"is_endless":false,"potions_floor_spawned":[1,10,12,14],"killed_by":"Slime Boss","ascension_level":15}