{"gold_per_floor":[113,126,126,143,163,194,194,227,227,240,275,275,275,294,294,394,394,413,413,423,523,523,556,556,574,601,601,20,52,72,85,85,188,188,203,250,0,19,19,19,50,12,38,67,91,103,126,238,250,262,274,286,8,41,41],"floor_reached":55,"playtime":18901,"items_purged":["Sword Boomerang","Cleave"],"score":911,"play_id":"82e3f806-1490-4ada-9aa7-c4d3bb6d5344","local_time":"20190219130008","is_ascension_mode":true,"campfire_choices":[{"data":"Rampage","floor":7,"key":"SMITH"},{"data":"Anger","floor":15,"key":"SMITH"},{"data":"1","floor":24,"key":"LIFT"},{"data":"2","floor":27,"key":"LIFT"},{"data":"3","floor":32,"key":"LIFT"},{"floor":40,"key":"RECALL"},{"data":"Inflame","floor":49,"key":"SMITH"},{"data":"Berserk","floor":52,"key":"SMITH"}],"neow_cost":"TEN_PERCENT_HP_LOSS","seed_source_timestamp":2678766756222788,"circlet_count":0,"master_deck":["Defend_R+1","Defend_R+1","Defend_R+1","Defend_R+1","Bash","Master of Strategy","Trip","Iron Wave","Rampage+1","Flex+1","Metallicize+1","Headbutt","Iron Wave","Berserk+1","Anger+1","Reaper","Anger+1","Inflame+1","Shrug It Off","Bite","Bite","Bite","Bite","Bite","Body Slam+1","Rupture","Metallicize","Offering","Dramatic Entrance","Seeing Red+1","Shrug It Off","Exhume","Pommel Strike+1","Armaments+1","Shockwave+1","Pommel Strike","Headbutt+1","Finesse","Finesse","Iron Wave+1","Burning Pact","Battle Trance","Pummel","Inflame","Metallicize","Sword Boomerang+1"],"relics":["Burning Blood","Meat on the Bone","Magic Flower","Bag of Preparation","Eternal Feather","Girya","Kunai","Dream Catcher","Strawberry","Dodecahedron","The Courier","Coffee Dripper","Thread and Needle","Red Mask","Bottled Flame","Orichalcum","MawBank","Unceasing Top","Shuriken"],"potions_floor_usage":[8,8,10,23,29,29,36,44,55,55,55],"damage_taken":[{"damage":1,"enemies":"Cultist","floor":1,"turns":3},{"damage":7,"enemies":"Jaw Worm","floor":2,"turns":3},{"damage":1,"enemies":"2 Louse","floor":4,"turns":2},{"damage":12,"enemies":"2 Fungi Beasts","floor":5,"turns":3},{"damage":22,"enemies":"Lagavulin","floor":6,"turns":8},{"damage":10,"enemies":"Gremlin Nob","floor":8,"turns":3},{"damage":11,"enemies":"Blue Slaver","floor":10,"turns":3},{"damage":20,"enemies":"Lagavulin","floor":11,"turns":6},{"damage":2,"enemies":"Exordium Wildlife","floor":14,"turns":6},{"damage":26,"enemies":"Hexaghost","floor":16,"turns":9},{"damage":25,"enemies":"3 Byrds","floor":18,"turns":6},{"damage":1,"enemies":"Chosen","floor":20,"turns":5},{"damage":23,"enemies":"Colosseum Slavers","floor":21,"turns":4},{"damage":25,"enemies":"Colosseum Nobs","floor":21,"turns":6},{"damage":24,"enemies":"Slavers","floor":23,"turns":5},{"damage":27,"enemies":"Sentry and Sphere","floor":25,"turns":5},{"damage":46,"enemies":"Gremlin Leader","floor":29,"turns":5},{"damage":24,"enemies":"3 Cultists","floor":30,"turns":4},{"damage":31,"enemies":"Snake Plant","floor":31,"turns":4},{"damage":49,"enemies":"Collector","floor":33,"turns":10},{"damage":22,"enemies":"3 Shapes","floor":35,"turns":3},{"damage":36,"enemies":"2 Orb Walkers","floor":36,"turns":4},{"damage":6,"enemies":"3 Darklings","floor":38,"turns":2},{"damage":12,"enemies":"Reptomancer","floor":41,"turns":3},{"damage":20,"enemies":"Giant Head","floor":44,"turns":8},{"damage":12,"enemies":"Transient","floor":45,"turns":5},{"damage":33,"enemies":"Sphere and 2 Shapes","floor":47,"turns":4},{"damage":19,"enemies":"Mind Bloom Boss Battle","floor":48,"turns":7},{"damage":55,"enemies":"Awakened One","floor":50,"turns":15},{"damage":24,"enemies":"Shield and Spear","floor":54,"turns":5},{"damage":173,"enemies":"The Heart","floor":55,"turns":9}],"seed_played":"6327566008496079219","potions_obtained":[{"floor":2,"key":"SteroidPotion"},{"floor":4,"key":"AttackPotion"},{"floor":8,"key":"Block Potion"},{"floor":11,"key":"BloodPotion"},{"floor":14,"key":"Strength Potion"},{"floor":20,"key":"AttackPotion"},{"floor":23,"key":"SkillPotion"},{"floor":29,"key":"SmokeBomb"},{"floor":30,"key":"BloodPotion"},{"floor":35,"key":"Dexterity Potion"},{"floor":44,"key":"LiquidBronze"}],"is_trial":false,"path_per_floor":["M","M","T","M","M","E","R","E","T","M","E","?","?","M","R","B",null,"M","?","M","?","?","E","R","M","T","R","$","E","M","M","R","B",null,"M","?","?","M","?","R","E","$","T","E","M","?","M","?","R","B",null,"R","$","E","B"],"character_chosen":"IRONCLAD","items_purchased":["Metallicize","Offering","Dodecahedron","Dramatic Entrance","PowerPotion","Battle Trance","Pummel","Inflame","Metallicize"],"campfire_rested":0,"item_purchase_floors":[28,28,28,28,42,53,53,53,53],"current_hp_per_floor":[72,71,71,72,66,50,50,46,46,62,51,51,37,47,47,51,72,59,59,72,56,56,50,65,66,73,79,79,79,79,63,79,54,79,79,79,79,79,75,75,75,75,75,75,75,65,61,75,75,54,75,75,75,75,0],"gold":41,"neow_bonus":"RANDOM_COLORLESS_2","is_prod":false,"is_daily":false,"chose_seed":false,"campfire_upgraded":4,"win_rate":0,"timestamp":1550581208,"path_taken":["M","M","?","?","M","E","R","E","T","M","E","?","?","M","R","BOSS","M","?","M","?","?","E","R","M","T","R","$","E","?","M","R","BOSS","M","?","?","M","?","R","E","$","T","E","M","?","M","?","R","BOSS","R","$","E","BOSS"],"build_version":"2019-01-23","purchased_purges":2,"victory":false,"max_hp_per_floor":[72,72,72,72,72,72,72,72,72,72,72,72,72,72,72,72,72,72,72,72,72,72,72,72,72,79,79,79,79,79,79,79,79,79,79,79,79,79,75,75,75,75,75,75,75,75,75,75,75,75,75,75,75,75,75],"card_choices":[{"not_picked":["Thunderclap","Perfected Strike"],"picked":"Cleave","floor":1},{"not_picked":["Reckless Charge","Corruption"],"picked":"Iron Wave","floor":2},{"not_picked":["Wild Strike","Second Wind"],"picked":"Sword Boomerang","floor":4},{"not_picked":["Carnage","Clothesline"],"picked":"Rampage","floor":5},{"not_picked":["Evolve","Pommel Strike"],"picked":"Flex","floor":6},{"not_picked":["Sword Boomerang","Hemokinesis"],"picked":"Metallicize","floor":8},{"not_picked":["Carnage","Armaments"],"picked":"Headbutt","floor":10},{"not_picked":["Shockwave","Pummel"],"picked":"Iron Wave","floor":11},{"not_picked":["Sword Boomerang","Evolve"],"picked":"Anger","floor":14},{"not_picked":["Double Tap","Offering"],"picked":"Reaper","floor":16},{"not_picked":["Sentinel","Sword Boomerang+1"],"picked":"Anger+1","floor":18},{"not_picked":["Cleave+1","Second Wind+1"],"picked":"Inflame","floor":20},{"not_picked":["Havoc","Perfected Strike"],"picked":"Shrug It Off","floor":21},{"not_picked":["Uppercut","Cleave"],"picked":"Body Slam+1","floor":23},{"not_picked":["Sword Boomerang","Burning Pact"],"picked":"Rupture","floor":25},{"not_picked":["Rupture","Rampage"],"picked":"Seeing Red+1","floor":29},{"not_picked":["Body Slam","Infernal Blade","Power Through+1"],"picked":"SKIP","floor":30},{"not_picked":["Power Through","Body Slam"],"picked":"Shrug It Off","floor":31},{"not_picked":["Bludgeon","Berserk"],"picked":"Exhume","floor":33},{"not_picked":["Blood for Blood","Cleave"],"picked":"Pommel Strike+1","floor":35},{"not_picked":["Cleave","Thunderclap+1"],"picked":"Armaments+1","floor":36},{"not_picked":["Warcry","Sword Boomerang+1","Cleave+1"],"picked":"SKIP","floor":38},{"not_picked":["Twin Strike","Spot Weakness+1"],"picked":"Shockwave+1","floor":41},{"not_picked":["Armaments+1","Wild Strike+1"],"picked":"Pommel Strike","floor":44},{"not_picked":["Second Wind","Reckless Charge+1"],"picked":"Headbutt+1","floor":45},{"not_picked":["HandOfGreed","Madness"],"picked":"Finesse","floor":46},{"not_picked":["Madness","Panacea"],"picked":"Finesse","floor":46},{"not_picked":["Battle Trance","Clash+1"],"picked":"Iron Wave+1","floor":47},{"not_picked":["Perfected Strike","Whirlwind"],"picked":"Burning Pact","floor":48},{"not_picked":["Berserk","Corruption+1"],"picked":"Sword Boomerang+1","floor":54}],"player_experience":976585,"relics_obtained":[{"floor":6,"key":"Meat on the Bone"},{"floor":8,"key":"Magic Flower"},{"floor":9,"key":"Bag of Preparation"},{"floor":11,"key":"Blood Vial"},{"floor":21,"key":"Girya"},{"floor":21,"key":"Kunai"},{"floor":23,"key":"Dream Catcher"},{"floor":26,"key":"Strawberry"},{"floor":29,"key":"The Courier"},{"floor":36,"key":"Thread and Needle"},{"floor":41,"key":"Bottled Flame"},{"floor":43,"key":"Orichalcum"},{"floor":44,"key":"MawBank"},{"floor":48,"key":"Unceasing Top"},{"floor":54,"key":"Shuriken"}],"event_choices":[{"damage_healed":0,"gold_gain":0,"cards_transformed":["Strike_R"],"player_choice":"Change","damage_taken":0,"max_hp_gain":0,"max_hp_loss":0,"event_name":"Living Wall","floor":12,"gold_loss":0,"cards_obtained":["Berserk"]},{"damage_healed":0,"gold_gain":0,"player_choice":"Entered Light","damage_taken":14,"max_hp_gain":0,"max_hp_loss":0,"event_name":"Shining Light","floor":13,"gold_loss":0,"cards_upgraded":["Metallicize","Flex"]},{"damage_healed":0,"gold_gain":0,"player_choice":"Simplicity","damage_taken":0,"max_hp_gain":0,"max_hp_loss":0,"event_name":"Back to Basics","floor":19,"gold_loss":0,"cards_upgraded":["Strike_R","Strike_R","Strike_R","Strike_R","Defend_R","Defend_R","Defend_R","Defend_R"]},{"damage_healed":0,"gold_gain":0,"player_choice":"Fight","damage_taken":0,"max_hp_gain":0,"max_hp_loss":0,"event_name":"Colosseum","floor":21,"gold_loss":0},{"damage_healed":0,"gold_gain":0,"player_choice":"Fought Nobs","damage_taken":0,"max_hp_gain":0,"max_hp_loss":0,"event_name":"Colosseum","floor":21,"gold_loss":0},{"damage_healed":0,"gold_gain":0,"player_choice":"Became a vampire (Vial)","damage_taken":0,"max_hp_gain":0,"max_hp_loss":0,"event_name":"Vampires","floor":22,"relics_lost":["Blood Vial"],"gold_loss":0,"cards_obtained":["Bite","Bite","Bite","Bite","Bite"]},{"damage_healed":0,"gold_gain":0,"player_choice":"Fight","damage_taken":0,"max_hp_gain":0,"max_hp_loss":0,"event_name":"Mysterious Sphere","floor":36,"gold_loss":0},{"damage_healed":0,"gold_gain":0,"player_choice":"Paid","damage_taken":0,"relics_obtained":["Red Mask"],"max_hp_gain":0,"max_hp_loss":0,"event_name":"Tomb of Lord Red Mask","floor":37,"gold_loss":250},{"damage_healed":0,"gold_gain":0,"player_choice":"Max HP","damage_taken":0,"max_hp_gain":0,"max_hp_loss":4,"event_name":"Winding Halls","floor":39,"gold_loss":0},{"damage_healed":0,"gold_gain":0,"player_choice":"Memory 3","damage_taken":10,"max_hp_gain":0,"max_hp_loss":0,"event_name":"SensoryStone","floor":46,"gold_loss":0},{"damage_healed":0,"gold_gain":0,"player_choice":"Fight","damage_taken":0,"max_hp_gain":0,"max_hp_loss":0,"event_name":"MindBloom","floor":48,"gold_loss":0}],"is_beta":false,"boss_relics":[{"not_picked":["Lizard Tail","Runic Dome"],"picked":"Eternal Feather"},{"not_picked":["Mark of Pain","Tiny House"],"picked":"Coffee Dripper"}],"items_purged_floors":[28,53],"is_endless":false,"potions_floor_spawned":[2,4,8,11,14,20,23,29,30,33,35,44,48],"killed_by":"The Heart","ascension_level":2}