{"gold_per_floor":[117,133,149,49,67,67,93,166,166,146,30,49,49,78,78,154,154,169,90,90,90,13,13,28,45,45,57,83,83,83,100,100,174,174,186,186,186,210,69,69,86,86,86,86],"floor_reached":44,"playtime":2054,"items_purged":["Strike_G"],"score":849,"play_id":"00fde555-e2f3-4251-841c-eda0f65561f0","local_time":"20180909161302","is_ascension_mode":true,"campfire_choices":[{"data":"Noxious Fumes","floor":6,"key":"SMITH"},{"data":"Footwork","floor":13,"key":"SMITH"},{"data":"Deadly Poison","floor":15,"key":"SMITH"},{"data":"Footwork","floor":23,"key":"SMITH"},{"floor":29,"key":"REST"},{"floor":32,"key":"REST"},{"data":"Footwork","floor":40,"key":"SMITH"},{"data":"Burst","floor":42,"key":"SMITH"}],"neow_cost":"NONE","seed_source_timestamp":2219475423531849,"circlet_count":0,"master_deck":["Defend_G+1","Defend_G+1","Defend_G+1","Defend_G+1","Defend_G+1","Strike_G+1","Strike_G+1","Strike_G+1","Strike_G+1","Survivor","Neutralize+1","AscendersBane","Masterful Stab","Blur","PiercingWail","Noxious Fumes+1","Deadly Poison+1","Slice","Footwork+1","Well Laid Plans","Slice+1","Crippling Poison","Burst+1","Cloak And Dagger","Footwork+1","Noxious Fumes","Noxious Fumes","Dodge and Roll","Corpse Explosion","Leg Sweep","Footwork+1","Dodge and Roll"],"relics":["Ring of the Snake","Du-Vu Doll","Molten Egg 2","Snake Skull","Juzu Bracelet","Sozu","Shuriken","Ornamental Fan","Lizard Tail","Oddly Smooth Stone","Blood Vial"],"potions_floor_usage":[16,18],"damage_taken":[{"damage":3,"enemies":"Cultist","floor":1,"turns":4},{"damage":0,"enemies":"Jaw Worm","floor":2,"turns":4},{"damage":0,"enemies":"2 Louse","floor":3,"turns":2},{"damage":0,"enemies":"Exordium Wildlife","floor":5,"turns":6},{"damage":2,"enemies":"Lagavulin","floor":7,"turns":8},{"damage":0,"enemies":"Blue Slaver","floor":12,"turns":4},{"damage":22,"enemies":"3 Sentries","floor":14,"turns":5},{"damage":5,"enemies":"Hexaghost","floor":16,"turns":10},{"damage":1,"enemies":"Spheric Guardian","floor":18,"turns":4},{"damage":0,"enemies":"Shell Parasite","floor":24,"turns":5},{"damage":11,"enemies":"Snake Plant","floor":25,"turns":4},{"damage":21,"enemies":"Shelled Parasite and Fungi","floor":27,"turns":5},{"damage":0,"enemies":"Book of Stabbing","floor":28,"turns":7},{"damage":8,"enemies":"Colosseum Slavers","floor":30,"turns":6},{"damage":19,"enemies":"Chosen and Byrds","floor":31,"turns":6},{"damage":31,"enemies":"Champ","floor":33,"turns":13},{"damage":58,"enemies":"3 Darklings","floor":35,"turns":5},{"damage":8,"enemies":"3 Shapes","floor":41,"turns":5},{"damage":33,"enemies":"Giant Head","floor":44,"turns":6}],"seed_played":"-3074181069217664230","potions_obtained":[{"floor":3,"key":"Ancient Potion"},{"floor":10,"key":"EssenceOfSteel"},{"floor":16,"key":"Block Potion"}],"is_trial":false,"path_per_floor":["M","M","M","$","M","R","E","T","T","?","$","M","R","E","R","B",null,"M","$","?","?","$","R","M","M","T","M","E","R","?","M","R","B",null,"M","$","?","T","$","R","M","R","T"],"character_chosen":"THE_SILENT","items_purchased":["Noxious Fumes","Deadly Poison","Well Laid Plans","Footwork","Noxious Fumes","Footwork","Dodge and Roll"],"campfire_rested":2,"item_purchase_floors":[4,4,11,19,22,39,39],"current_hp_per_floor":[56,56,56,56,56,56,54,54,54,54,54,54,54,32,32,27,56,55,55,55,55,55,55,55,44,44,23,23,42,34,15,34,3,50,33,33,33,33,33,33,25,25,25,0],"gold":86,"neow_bonus":"UPGRADE_CARD","is_prod":false,"is_daily":false,"chose_seed":false,"campfire_upgraded":6,"win_rate":0,"timestamp":1536531182,"path_taken":["M","?","M","$","M","R","E","?","T","?","?","?","R","E","R","BOSS","M","$","?","?","$","R","M","M","T","M","E","R","?","M","R","BOSS","M","?","?","?","$","R","M","R","T","E"],"build_version":"2018-09-06","purchased_purges":1,"victory":false,"max_hp_per_floor":[66,66,66,66,66,66,66,66,66,66,66,66,66,66,66,66,66,66,66,66,66,66,66,66,66,66,66,66,66,66,66,66,66,66,66,66,63,63,63,63,63,63,63,63],"card_choices":[{"not_picked":["Underhanded Strike","Infinite Blades"],"picked":"Masterful Stab","floor":1},{"not_picked":["Outmaneuver","Poisoned Stab"],"picked":"Blur","floor":2},{"not_picked":["Acrobatics","Calculated Gamble"],"picked":"PiercingWail","floor":3},{"not_picked":["Tactician","Infinite Blades"],"picked":"Slice","floor":5},{"not_picked":["Prepared","Riddle With Holes"],"picked":"Footwork","floor":7},{"not_picked":["Prepared","Phantasmal Killer"],"picked":"Slice+1","floor":12},{"not_picked":["Backflip","Caltrops"],"picked":"Crippling Poison","floor":14},{"not_picked":["Tools of the Trade","Storm of Steel"],"picked":"Burst","floor":16},{"not_picked":["Sucker Punch+1","Underhanded Strike+1"],"picked":"Cloak And Dagger","floor":18},{"not_picked":["Deflect","Sucker Punch+1"],"picked":"Noxious Fumes","floor":24},{"not_picked":["Tactician","All Out Attack+1","Distraction"],"picked":"SKIP","floor":25},{"not_picked":["Dagger Throw+1","Choke+1"],"picked":"Dodge and Roll","floor":27},{"not_picked":["Underhanded Strike+1","Concentrate","Blade Dance"],"picked":"SKIP","floor":28},{"not_picked":["Finisher+1","Acrobatics","Sucker Punch+1"],"picked":"SKIP","floor":31},{"not_picked":["Night Terror","Phantasmal Killer"],"picked":"Corpse Explosion","floor":33},{"not_picked":["Well Laid Plans","Terror"],"picked":"Leg Sweep","floor":35},{"not_picked":["Expertise","Quick Slash+1","Deadly Poison"],"picked":"SKIP","floor":41}],"player_experience":1012191,"relics_obtained":[{"floor":7,"key":"Du-Vu Doll"},{"floor":8,"key":"Molten Egg 2"},{"floor":9,"key":"Snake Skull"},{"floor":14,"key":"Juzu Bracelet"},{"floor":26,"key":"Shuriken"},{"floor":28,"key":"Ornamental Fan"},{"floor":38,"key":"Oddly Smooth Stone"},{"floor":43,"key":"Blood Vial"}],"event_choices":[{"event_name":"The Woman in Blue","player_choice":"Bought 1 Potion","floor":10,"damage_taken":0},{"event_name":"Back to Basics","player_choice":"Simplicity","floor":20,"damage_taken":0},{"event_name":"The Mausoleum","player_choice":"No","floor":21,"damage_taken":0},{"event_name":"Colosseum","player_choice":"Fight","floor":30,"damage_taken":0},{"event_name":"Colosseum","player_choice":"Fled From Nobs","floor":30,"damage_taken":0},{"event_name":"Winding Halls","player_choice":"Max HP","floor":37,"damage_taken":0}],"is_beta":true,"boss_relics":[{"not_picked":["Calling Bell","Coffee Dripper"],"picked":"Sozu"},{"not_picked":["Black Star","Runic Pyramid"],"picked":"Lizard Tail"}],"items_purged_floors":[11],"is_endless":false,"potions_floor_spawned":[3,14,16,18,25,27,30],"killed_by":"Giant Head","ascension_level":17}