{"gold_per_floor":[11,11,27,27,27,27,50,50,50,0,0,34,34,55,55,153,153,178,192,208,208,208,208,227,227,227,246,1,1,1,17,17,17],"floor_reached":33,"playtime":1056,"items_purged":[],"score":479,"play_id":"3a3139d2-76c2-401c-8113-1d48f4fe4f29","local_time":"20180830233552","is_ascension_mode":true,"campfire_choices":[{"data":"Zap","floor":6,"key":"SMITH"},{"data":"Dualcast","floor":8,"key":"SMITH"},{"data":"Stack","floor":11,"key":"SMITH"},{"data":"Hologram","floor":13,"key":"SMITH"},{"data":"Steam","floor":15,"key":"SMITH"},{"floor":23,"key":"REST"},{"floor":25,"key":"REST"},{"floor":29,"key":"REST"},{"data":"Go for the Eyes","floor":32,"key":"SMITH"}],"neow_cost":"NO_GOLD","seed_source_timestamp":1383044442734082,"circlet_count":0,"master_deck":["Defend_B","Defend_B","Defend_B","Defend_B","Zap+1","Dualcast+1","AscendersBane","All For One","Stack+1","BootSequence","Conserve Battery","Steam+1","Hologram+1","Ball Lightning","Core Surge","Ball Lightning","Chill+1","Chill","Bite","Bite","Bite","Bite","Bite","Ball Lightning","Cold Snap","Go for the Eyes+1","Panache","Ball Lightning"],"relics":["Cracked Core","Bloody Idol","Bottled Lightning","DataDisk","Inserter","Blue Candle"],"potions_floor_usage":[12,24,31,33],"damage_taken":[{"damage":0,"enemies":"Small Slimes","floor":1,"turns":2},{"damage":3,"enemies":"Jaw Worm","floor":3,"turns":5},{"damage":3,"enemies":"Cultist","floor":7,"turns":4},{"damage":20,"enemies":"Gremlin Nob","floor":12,"turns":4},{"damage":2,"enemies":"Looter","floor":14,"turns":3},{"damage":18,"enemies":"Hexaghost","floor":16,"turns":11},{"damage":25,"enemies":"3 Byrds","floor":18,"turns":5},{"damage":0,"enemies":"Spheric Guardian","floor":19,"turns":2},{"damage":16,"enemies":"Chosen and Byrds","floor":20,"turns":5},{"damage":24,"enemies":"Shelled Parasite and Fungi","floor":24,"turns":5},{"damage":23,"enemies":"Snecko","floor":27,"turns":4},{"damage":1,"enemies":"3 Cultists","floor":31,"turns":5},{"damage":56,"enemies":"Champ","floor":33,"turns":9}],"seed_played":"-5524937344306614922","potions_obtained":[{"floor":1,"key":"GamblersBrew"},{"floor":16,"key":"FearPotion"},{"floor":20,"key":"Strength Potion"},{"floor":31,"key":"Energy Potion"}],"is_trial":false,"path_per_floor":["M","?","M","?","?","R","M","R","T","$","R","E","R","M","R","B",null,"M","M","M","?","?","R","M","R","T","M","$","R","$","M","R"],"character_chosen":"DEFECT","items_purchased":["Steam","Go for the Eyes","Panache"],"campfire_rested":3,"item_purchase_floors":[10,28,28],"current_hp_per_floor":[64,57,54,54,54,54,51,51,51,51,51,31,31,29,29,11,51,26,26,10,10,10,23,16,29,29,11,11,24,24,36,36,0],"gold":17,"neow_bonus":"THREE_RARE_CARDS","is_prod":false,"is_daily":false,"chose_seed":false,"campfire_upgraded":6,"win_rate":0,"timestamp":1535693752,"path_taken":["M","?","M","?","?","R","?","R","T","$","R","E","R","M","R","BOSS","M","?","M","?","?","R","M","R","T","?","?","R","$","M","R","BOSS"],"build_version":"2018-08-30","purchased_purges":0,"victory":false,"max_hp_per_floor":[71,71,71,71,64,64,64,64,64,64,64,64,64,64,64,64,64,64,64,64,44,44,44,44,44,44,44,44,44,44,44,44,44],"card_choices":[{"not_picked":["Meteor Strike","Amplify"],"picked":"All For One","floor":0},{"not_picked":["Aggregate","Heatsinks"],"picked":"Stack","floor":1},{"not_picked":["Cold Snap","Streamline"],"picked":"BootSequence","floor":3},{"not_picked":["Sweeping Beam","Reprogram"],"picked":"Conserve Battery","floor":7},{"not_picked":["Sweeping Beam","Blizzard"],"picked":"Hologram","floor":12},{"not_picked":["Doom and Gloom","Undo"],"picked":"Ball Lightning","floor":14},{"not_picked":["Multi-Cast","Biased Cognition"],"picked":"Core Surge","floor":16},{"not_picked":["Chill","Coolheaded"],"picked":"Ball Lightning","floor":18},{"not_picked":["Coolheaded","Streamline+1"],"picked":"Chill+1","floor":19},{"not_picked":["White Noise","Beam Cell"],"picked":"Chill","floor":20},{"not_picked":["Undo","Hologram"],"picked":"Ball Lightning","floor":24},{"not_picked":["Blizzard","Stack"],"picked":"Cold Snap","floor":27},{"not_picked":["Recycle","Streamline"],"picked":"Ball Lightning","floor":31}],"player_experience":1008780,"relics_obtained":[{"floor":9,"key":"Bottled Lightning"},{"floor":12,"key":"DataDisk"},{"floor":26,"key":"Blue Candle"}],"event_choices":[{"event_name":"Golden Wing","player_choice":"Card Removal","floor":2,"damage_taken":0},{"event_name":"Liars Game","player_choice":"disagreed","floor":4,"damage_taken":0},{"event_name":"Golden Idol","player_choice":"Lose Max HP","floor":5,"damage_taken":0},{"event_name":"Vampires","player_choice":"Became a vampire","floor":21,"damage_taken":0},{"event_name":"Forgotten Altar","player_choice":"Gave Idol","floor":22,"damage_taken":0}],"is_beta":true,"boss_relics":[{"not_picked":["Empty Cage","Calling Bell"],"picked":"Inserter"}],"items_purged_floors":[],"is_endless":false,"potions_floor_spawned":[1,16,20,31],"killed_by":"Champ","ascension_level":15}