{"gold_per_floor":[119,132,152,40,40,40,40,40,66,79,98,130,147,179,179,251,251,263,124,143,155,155,155,180,180,233,246,15,15,35,35,35,112,112,132,83,83,83,83,83,6,6,6,25,50,95,113,148,148,148],"floor_reached":51,"playtime":3135,"items_purged":["Strike_G","Strike_G","Strike_G"],"score":1470,"play_id":"307bf91a-87c6-45ac-9ece-9ec0360ecb8a","local_time":"20180720084117","is_ascension_mode":true,"campfire_choices":[{"data":"Noxious Fumes","floor":6,"key":"SMITH"},{"data":"Neutralize","floor":8,"key":"SMITH"},{"floor":15,"key":"REST"},{"data":"Footwork","floor":23,"key":"SMITH"},{"data":"Catalyst","floor":25,"key":"SMITH"},{"floor":29,"key":"REST"},{"data":"Caltrops","floor":32,"key":"SMITH"},{"data":"Doppelganger","floor":40,"key":"SMITH"},{"data":"Bouncing Flask","floor":42,"key":"SMITH"},{"data":"Well Laid Plans","floor":49,"key":"SMITH"}],"neow_cost":"NONE","seed_source_timestamp":808403713535327,"circlet_count":0,"master_deck":["Defend_G","Defend_G+1","Defend_G","Defend_G","Survivor","Neutralize+1","AscendersBane","Caltrops","All Out Attack","PiercingWail","Noxious Fumes+1","Cloak And Dagger","Predator","Doppelganger+1","Well Laid Plans+1","Caltrops+1","Night Terror","Footwork+1","Catalyst+1","Backflip","Crippling Poison","Ghostly","Ghostly","Ghostly","Ghostly","Ghostly","Backflip","Backflip","PiercingWail","Poisoned Stab","Burst","Night Terror+1","Setup+1","Backflip","Bouncing Flask+1","Backflip+1","Noxious Fumes+1"],"relics":["Ring of the Snake","Orichalcum","Bag of Preparation","Torii","Snecko Eye","Juzu Bracelet","Omamori","Astrolabe","Art of War","Shuriken","Sundial","Happy Flower"],"potions_floor_usage":[12,14,16,20,20,24,33,44,45],"damage_taken":[{"damage":3,"enemies":"Cultist","floor":1,"turns":4},{"damage":0,"enemies":"Small Slimes","floor":2,"turns":5},{"damage":4,"enemies":"Jaw Worm","floor":3,"turns":6},{"damage":0,"enemies":"Blue Slaver","floor":10,"turns":4},{"damage":8,"enemies":"3 Louse","floor":11,"turns":2},{"damage":3,"enemies":"3 Sentries","floor":12,"turns":5},{"damage":0,"enemies":"2 Fungi Beasts","floor":13,"turns":3},{"damage":16,"enemies":"Gremlin Nob","floor":14,"turns":4},{"damage":25,"enemies":"The Guardian","floor":16,"turns":10},{"damage":8,"enemies":"3 Byrds","floor":18,"turns":4},{"damage":12,"enemies":"Spheric Guardian","floor":20,"turns":4},{"damage":12,"enemies":"Centurion and Healer","floor":21,"turns":5},{"damage":10,"enemies":"Gremlin Leader","floor":24,"turns":7},{"damage":0,"enemies":"Snake Plant","floor":27,"turns":6},{"damage":6,"enemies":"3 Cultists","floor":30,"turns":7},{"damage":1,"enemies":"Champ","floor":33,"turns":9},{"damage":0,"enemies":"Orb Walker","floor":35,"turns":7},{"damage":0,"enemies":"Flame Bruiser 1 Orb","floor":44,"turns":6},{"damage":1,"enemies":"Nemesis","floor":45,"turns":5},{"damage":0,"floor":46,"turns":5},{"damage":0,"enemies":"Sphere and 2 Shapes","floor":47,"turns":6},{"damage":0,"enemies":"Giant Head","floor":48,"turns":7},{"damage":0,"enemies":"Donu and Deca","floor":50,"turns":7}],"seed_played":"-5979849422912930514","potions_obtained":[{"floor":3,"key":"Fire Potion"},{"floor":11,"key":"PowerPotion"},{"floor":14,"key":"Energy Potion"},{"floor":16,"key":"Ancient Potion"},{"floor":18,"key":"Swift Potion"},{"floor":21,"key":"PowerPotion"},{"floor":27,"key":"SteroidPotion"},{"floor":30,"key":"Fruit Juice"},{"floor":35,"key":"PowerPotion"},{"floor":46,"key":"SpeedPotion"},{"floor":47,"key":"AttackPotion"}],"is_trial":false,"path_per_floor":["M","M","M","$","?","R","?","R","T","M","M","E","M","E","R","B",null,"M","$","M","M","?","R","E","R","T","M","$","R","M","?","R","B",null,"M","$","?","?","$","R","$","R","T","M","E","?","M","E","R","B"],"character_chosen":"THE_SILENT","items_purchased":["Noxious Fumes","Catalyst","Block Potion","PiercingWail","Backflip","Bouncing Flask"],"campfire_rested":2,"item_purchase_floors":[4,19,28,28,36,41],"current_hp_per_floor":[62,62,58,58,58,58,36,36,36,36,28,25,25,9,30,5,55,47,47,35,23,23,23,13,13,13,13,13,23,17,17,17,21,36,36,36,51,48,48,48,48,48,48,48,47,47,47,47,47,47],"gold":148,"neow_bonus":"TEN_PERCENT_HP_BONUS","is_prod":false,"is_daily":false,"chose_seed":false,"campfire_upgraded":8,"win_rate":0,"timestamp":1532097677,"path_taken":["M","M","?","?","?","R","?","R","T","M","M","E","M","E","R","BOSS","M","$","M","M","?","R","E","R","T","M","$","R","M","?","R","BOSS","M","$","?","?","?","R","$","R","T","M","E","?","M","E","R","BOSS"],"build_version":"2018-07-19","purchased_purges":3,"victory":true,"max_hp_per_floor":[72,72,72,72,72,72,72,72,72,72,72,72,72,72,72,72,72,72,72,72,72,36,36,36,36,36,36,36,36,36,36,36,41,41,41,41,51,51,51,51,51,51,51,51,51,51,51,51,51,51],"card_choices":[{"not_picked":["Outmaneuver","Leg Sweep"],"picked":"Caltrops","floor":1},{"not_picked":["Skewer","Terror"],"picked":"All Out Attack","floor":2},{"not_picked":["Deadly Poison","Acrobatics"],"picked":"PiercingWail","floor":3},{"not_picked":["Slice","Flying Knee"],"picked":"Cloak And Dagger","floor":10},{"not_picked":["Dagger Spray","Bane"],"picked":"Predator","floor":11},{"not_picked":["Reflex","Prepared"],"picked":"Doppelganger","floor":12},{"not_picked":["Poisoned Stab","Bane"],"picked":"Well Laid Plans","floor":13},{"not_picked":["Slice","Prepared"],"picked":"Caltrops","floor":14},{"not_picked":["Burst","A Thousand Cuts"],"picked":"Night Terror","floor":16},{"not_picked":["Flying Knee","Dodge and Roll"],"picked":"Footwork","floor":18},{"not_picked":["Cloak And Dagger","Endless Agony"],"picked":"Backflip","floor":20},{"not_picked":["Corpse Explosion","Flying Knee"],"picked":"Crippling Poison","floor":21},{"not_picked":["Skewer","Sucker Punch"],"picked":"Backflip","floor":24},{"not_picked":["Underhanded Strike","PiercingWail"],"picked":"Backflip","floor":27},{"not_picked":["Masterful Stab","Reflex+1"],"picked":"Poisoned Stab","floor":30},{"not_picked":["Unload","Envenom"],"picked":"Burst","floor":33},{"not_picked":["Flying Knee+1","Bane+1","Deflect+1"],"picked":"SKIP","floor":35},{"not_picked":["Dodge and Roll+1","All Out Attack","Sucker Punch"],"picked":"SKIP","floor":44},{"not_picked":["Deflect","Reflex+1","All Out Attack"],"picked":"SKIP","floor":45},{"not_picked":["Flying Knee","Escape Plan"],"picked":"Backflip+1","floor":46},{"not_picked":["Underhanded Strike+1","Backstab","Prepared"],"picked":"SKIP","floor":47},{"not_picked":["Setup","Venomology"],"picked":"Noxious Fumes+1","floor":48}],"player_experience":803244,"relics_obtained":[{"floor":9,"key":"Orichalcum"},{"floor":12,"key":"Bag of Preparation"},{"floor":14,"key":"Torii"},{"floor":24,"key":"Juzu Bracelet"},{"floor":26,"key":"Omamori"},{"floor":43,"key":"Art of War"},{"floor":45,"key":"Shuriken"},{"floor":46,"key":"Sundial"},{"floor":48,"key":"Happy Flower"}],"event_choices":[{"event_name":"Golden Idol","player_choice":"Ignored","floor":5,"damage_taken":0},{"event_name":"Shining Light","player_choice":"Entered Light","floor":7,"damage_taken":0},{"event_name":"Ghosts","player_choice":"Became a Ghost","floor":22,"damage_taken":0},{"event_name":"Beggar","player_choice":"Ignored","floor":31,"damage_taken":0},{"event_name":"Bonfire Elementals","player_choice":"RARE","floor":37,"damage_taken":0},{"event_name":"The Woman in Blue","player_choice":"Bought 0 Potions","floor":38,"damage_taken":0},{"event_name":"Mysterious Sphere","player_choice":"Fight","floor":46,"damage_taken":0}],"is_beta":true,"boss_relics":[{"not_picked":["Velvet Choker","Ring of the Serpent"],"picked":"Snecko Eye"},{"not_picked":["Empty Cage","Tiny House"],"picked":"Astrolabe"}],"items_purged_floors":[4,19,28],"is_endless":false,"potions_floor_spawned":[3,11,14,16,18,21,27,30,35,46,47,48],"ascension_level":15}