{"gold_per_floor":[114,39,50,50,64,64,79,79,79,79,91,125,135,145,145,219,219,230,230,142,142,56,89,89,118,118,150,150,169,188,205,205,282,282,300,312,312,312,323,323],"floor_reached":40,"playtime":2402,"items_purged":[],"score":900,"play_id":"ea98806d-6228-4293-a0c4-29d9c4881a23","local_time":"20181201231554","is_ascension_mode":true,"campfire_choices":[{"data":"Predator","floor":6,"key":"SMITH"},{"data":"Neutralize","floor":8,"key":"SMITH"},{"data":"Leg Sweep","floor":10,"key":"SMITH"},{"data":"Cloak And Dagger","floor":15,"key":"SMITH"},{"data":"After Image","floor":24,"key":"SMITH"},{"data":"Well Laid Plans","floor":32,"key":"SMITH"}],"neow_cost":"NONE","seed_source_timestamp":1571180176629651,"circlet_count":0,"master_deck":["AscendersBane","Defend_G+1","Defend_G+1","Defend_G+1","Defend_G+1","Defend_G+1","Survivor","Neutralize+1","Leg Sweep+1","Backstab","Predator+1","Escape Plan","Quick Slash","Dash","After Image+1","Cloak And Dagger+1","Glass Knife+1","PiercingWail+1","Bite","Bite","Bite","Bite","Bite","Backstab","Well Laid Plans+1","Backflip+1","Dash+1","Die Die Die","Decay","Shame","Injury","Impatience","Poisoned Stab+1"],"relics":["Ring of the Snake","NeowsBlessing","Pen Nib","Blue Candle","Coffee Dripper","Vajra","Sundial","Singing Bowl","Bronze Scales","Calling Bell","Bag of Marbles","Letter Opener","Ginger"],"potions_floor_usage":[16,25,27,33,39,40],"damage_taken":[{"damage":0,"enemies":"Jaw Worm","floor":1,"turns":1},{"damage":0,"enemies":"Small Slimes","floor":3,"turns":1},{"damage":0,"enemies":"Cultist","floor":5,"turns":1},{"damage":12,"enemies":"Large Slime","floor":7,"turns":5},{"damage":0,"enemies":"Looter","floor":11,"turns":4},{"damage":6,"enemies":"Gremlin Nob","floor":12,"turns":3},{"damage":0,"enemies":"Blue Slaver","floor":13,"turns":3},{"damage":0,"enemies":"3 Louse","floor":14,"turns":3},{"damage":1,"enemies":"Hexaghost","floor":16,"turns":11},{"damage":6,"enemies":"Spheric Guardian","floor":18,"turns":4},{"damage":1,"enemies":"Book of Stabbing","floor":23,"turns":6},{"damage":38,"enemies":"Gremlin Leader","floor":25,"turns":8},{"damage":0,"enemies":"Book of Stabbing","floor":27,"turns":6},{"damage":0,"enemies":"Shell Parasite","floor":29,"turns":3},{"damage":0,"enemies":"Snake Plant","floor":30,"turns":3},{"damage":8,"enemies":"Shelled Parasite and Fungi","floor":31,"turns":5},{"damage":44,"enemies":"Champ","floor":33,"turns":16},{"damage":23,"enemies":"3 Darklings","floor":35,"turns":5},{"damage":1,"enemies":"3 Shapes","floor":36,"turns":4},{"damage":6,"enemies":"3 Darklings","floor":39,"turns":5},{"damage":53,"enemies":"Giant Head","floor":40,"turns":9}],"seed_played":"3686256144746545606","potions_obtained":[{"floor":1,"key":"SkillPotion"},{"floor":5,"key":"PowerPotion"},{"floor":11,"key":"Dexterity Potion"},{"floor":16,"key":"AttackPotion"},{"floor":25,"key":"PowerPotion"},{"floor":29,"key":"LiquidBronze"},{"floor":33,"key":"Strength Potion"},{"floor":39,"key":"SkillPotion"}],"is_trial":false,"path_per_floor":["M","?","M","?","M","R","M","R","T","R","M","E","M","M","R","B",null,"M","?","$","?","$","E","R","E","T","E","?","M","M","M","R","B",null,"M","M","$","?","M","E"],"character_chosen":"THE_SILENT","items_purchased":["Backstab","Well Laid Plans"],"campfire_rested":0,"item_purchase_floors":[20,22],"current_hp_per_floor":[59,59,59,52,52,52,40,40,40,40,40,34,34,34,34,33,58,52,46,46,46,46,46,46,16,16,26,26,28,34,34,34,16,42,31,36,36,36,34,0],"gold":323,"neow_bonus":"THREE_ENEMY_KILL","is_prod":false,"is_daily":false,"chose_seed":false,"campfire_upgraded":6,"win_rate":0,"timestamp":1543731354,"path_taken":["M","?","M","?","M","R","M","R","T","R","M","E","M","M","R","BOSS","M","?","$","?","?","E","R","E","T","E","?","M","?","M","R","BOSS","M","M","$","?","M","E"],"build_version":"2018-11-15","purchased_purges":0,"victory":false,"max_hp_per_floor":[66,66,66,66,66,66,66,66,66,66,66,66,66,66,66,66,66,66,46,46,46,46,46,46,46,46,48,48,48,50,50,50,50,50,52,54,54,54,54,54],"card_choices":[{"not_picked":["Slice","All Out Attack"],"picked":"Leg Sweep","floor":1},{"not_picked":["Sucker Punch","Acrobatics"],"picked":"Backstab","floor":3},{"not_picked":["Dagger Throw","Sucker Punch"],"picked":"Predator","floor":5},{"not_picked":["Storm of Steel","Quick Slash"],"picked":"Escape Plan","floor":7},{"not_picked":["Blade Dance","Sucker Punch"],"picked":"Quick Slash","floor":11},{"not_picked":["Dagger Throw","Dodge and Roll"],"picked":"Dash","floor":12},{"not_picked":["Prepared","Deadly Poison"],"picked":"After Image","floor":13},{"not_picked":["Choke","PiercingWail"],"picked":"Cloak And Dagger","floor":14},{"not_picked":["Storm of Steel","Wraith Form v2"],"picked":"Glass Knife","floor":16},{"not_picked":["Sucker Punch","Setup+1"],"picked":"PiercingWail+1","floor":18},{"not_picked":["Backflip","Dodge and Roll","Grand Finale"],"picked":"SKIP","floor":23},{"not_picked":["Bane","Sucker Punch","Dodge and Roll"],"picked":"SKIP","floor":25},{"not_picked":["Tactician+1","Dagger Spray","Caltrops"],"picked":"Singing Bowl","floor":27},{"not_picked":["Skewer","Dagger Spray"],"picked":"Backflip+1","floor":29},{"not_picked":["Flying Knee","Outmaneuver","Flechettes"],"picked":"Singing Bowl","floor":30},{"not_picked":["Poisoned Stab","Choke"],"picked":"Dash+1","floor":31},{"not_picked":["Malaise","Night Terror"],"picked":"Die Die Die","floor":33},{"not_picked":["Calculated Gamble","Deflect","Burst"],"picked":"Singing Bowl","floor":35},{"not_picked":["Concentrate","Sucker Punch","Quick Slash"],"picked":"Singing Bowl","floor":36},{"not_picked":["Enlightenment","Trip"],"picked":"Impatience","floor":38},{"not_picked":["Quick Slash","Slice"],"picked":"Poisoned Stab+1","floor":39}],"player_experience":1147033,"relics_obtained":[{"floor":9,"key":"Pen Nib"},{"floor":12,"key":"Blue Candle"},{"floor":23,"key":"Vajra"},{"floor":25,"key":"Sundial"},{"floor":26,"key":"Singing Bowl"},{"floor":27,"key":"Bronze Scales"},{"floor":34,"key":"Bag of Marbles"},{"floor":34,"key":"Letter Opener"},{"floor":34,"key":"Ginger"}],"event_choices":[{"cards_removed":["Strike_G"],"damage_healed":0,"gold_gain":0,"player_choice":"Card Removal","damage_taken":0,"max_hp_gain":0,"max_hp_loss":0,"event_name":"The Cleric","floor":2,"gold_loss":75},{"cards_removed":["Strike_G"],"damage_healed":0,"gold_gain":0,"player_choice":"Card Removal","damage_taken":7,"max_hp_gain":0,"max_hp_loss":0,"event_name":"Golden Wing","floor":4,"gold_loss":0},{"damage_healed":0,"gold_gain":0,"player_choice":"Became a vampire","damage_taken":0,"max_hp_gain":0,"max_hp_loss":20,"event_name":"Vampires","floor":19,"gold_loss":0,"cards_obtained":["Bite","Bite","Bite","Bite","Bite"]},{"damage_healed":0,"gold_gain":0,"player_choice":"Simplicity","damage_taken":0,"max_hp_gain":0,"max_hp_loss":0,"event_name":"Back to Basics","floor":21,"gold_loss":0,"cards_upgraded":["Defend_G","Defend_G","Defend_G","Defend_G","Defend_G"]},{"damage_healed":0,"gold_gain":0,"player_choice":"Forge","damage_taken":0,"max_hp_gain":0,"max_hp_loss":0,"event_name":"Accursed Blacksmith","floor":28,"gold_loss":0,"cards_upgraded":["Glass Knife"]},{"damage_healed":0,"gold_gain":0,"player_choice":"Memory 1","damage_taken":0,"max_hp_gain":0,"max_hp_loss":0,"event_name":"SensoryStone","floor":38,"gold_loss":0}],"is_beta":true,"boss_relics":[{"not_picked":["Runic Pyramid","Fusion Hammer"],"picked":"Coffee Dripper"},{"not_picked":["Runic Dome","Lizard Tail"],"picked":"Calling Bell"}],"items_purged_floors":[],"is_endless":false,"potions_floor_spawned":[1,5,11,16,25,29,33,39],"killed_by":"Giant Head","ascension_level":17}