{"gold_per_floor":[116,128,147,167,167,167,202,60,110,138,138,150,150,167,167,244,244,259,270,18,18,37,63,63,98,174,174,189,189],"floor_reached":29,"playtime":1281,"items_purged":["Strike_B","Strike_B"],"score":569,"play_id":"a1183f35-ff85-4996-b006-970fd5984459","local_time":"20180729130155","is_ascension_mode":true,"campfire_choices":[{"data":"Zap","floor":6,"key":"SMITH"},{"floor":11,"key":"REST"},{"data":"Redo","floor":13,"key":"SMITH"},{"data":"Storm","floor":15,"key":"SMITH"},{"data":"Go for the Eyes","floor":24,"key":"SMITH"},{"data":"Defragment","floor":27,"key":"SMITH"}],"neow_cost":"NONE","seed_source_timestamp":356751423500148,"circlet_count":0,"master_deck":["Strike_B+1","Strike_B+1","Defend_B+1","Defend_B+1","Defend_B+1","Defend_B+1","Zap+1","Dualcast","AscendersBane","Electrodynamics","Steam","All For One","Leap","Redo+1","Machine Learning","Capacitor","Storm+1","FTL","Force Field","Thunder Strike","Hologram","Force Field","Capacitor","White Noise","Self Repair","Go for the Eyes+1","Defragment+1"],"relics":["FrozenCore","GremlinMask","Mummified Hand","Ancient Tea Set","Oddly Smooth Stone","Calipers","Omamori","Molten Egg 2"],"potions_floor_usage":[4,7,18,22,29],"damage_taken":[{"damage":1,"enemies":"Cultist","floor":1,"turns":4},{"damage":8,"enemies":"Small Slimes","floor":2,"turns":2},{"damage":2,"enemies":"Jaw Worm","floor":3,"turns":4},{"damage":5,"enemies":"Gremlin Gang","floor":4,"turns":3},{"damage":13,"enemies":"3 Sentries","floor":7,"turns":5},{"damage":23,"enemies":"Lagavulin","floor":10,"turns":7},{"damage":2,"enemies":"Blue Slaver","floor":12,"turns":3},{"damage":11,"enemies":"Looter","floor":14,"turns":2},{"damage":0,"enemies":"Hexaghost","floor":16,"turns":8},{"damage":8,"enemies":"2 Thieves","floor":18,"turns":3},{"damage":0,"enemies":"Spheric Guardian","floor":19,"turns":3},{"damage":10,"enemies":"Cultist and Chosen","floor":22,"turns":5},{"damage":17,"enemies":"Slavers","floor":23,"turns":5},{"damage":20,"enemies":"Gremlin Leader","floor":25,"turns":6},{"damage":1,"enemies":"3 Cultists","floor":28,"turns":4},{"damage":30,"enemies":"Slavers","floor":29,"turns":2}],"seed_played":"-3458785414362990891","potions_obtained":[{"floor":2,"key":"Explosive Potion"},{"floor":4,"key":"GamblersBrew"},{"floor":10,"key":"Dexterity Potion"},{"floor":16,"key":"FearPotion"},{"floor":19,"key":"PowerPotion"},{"floor":23,"key":"FearPotion"}],"is_trial":false,"path_per_floor":["M","M","M","M","?","R","E","$","T","E","R","M","R","M","R","B",null,"M","M","$","?","M","E","R","E","T","R","M"],"character_chosen":"DEFECT","items_purchased":["Capacitor","Capacitor","White Noise"],"campfire_rested":1,"item_purchase_floors":[8,20,20],"current_hp_per_floor":[63,55,53,48,48,48,35,35,35,12,33,31,31,20,20,20,58,50,50,50,50,47,37,37,24,24,24,30,0],"gold":189,"neow_bonus":"ONE_RANDOM_RARE_CARD","is_prod":false,"is_daily":false,"chose_seed":false,"campfire_upgraded":5,"win_rate":0,"timestamp":1532890915,"path_taken":["M","?","M","M","?","R","E","$","T","E","R","M","R","M","R","BOSS","M","?","$","?","M","E","R","E","T","R","M","E"],"build_version":"2018-07-26","purchased_purges":2,"victory":false,"max_hp_per_floor":[71,71,71,71,71,71,71,71,71,71,71,71,71,71,71,71,71,71,71,71,71,71,71,71,71,71,71,71,71],"card_choices":[{"not_picked":["Gash","Force Field"],"picked":"Steam","floor":1},{"not_picked":["Redo","Reinforced Body"],"picked":"All For One","floor":2},{"not_picked":["Stack","Melter"],"picked":"Leap","floor":3},{"not_picked":["Scrape","Sweeping Beam"],"picked":"Redo","floor":4},{"not_picked":["Rebound","Rip and Tear"],"picked":"Machine Learning","floor":7},{"not_picked":["Auto Shields","Sunder"],"picked":"Storm","floor":10},{"not_picked":["Double Energy","Turbo"],"picked":"FTL","floor":12},{"not_picked":["Compile Driver","Cold Snap"],"picked":"Force Field","floor":14},{"not_picked":["Multi-Cast","Electrodynamics"],"picked":"Thunder Strike","floor":16},{"not_picked":["Barrage","Streamline"],"picked":"Hologram","floor":18},{"not_picked":["Conserve Battery","Double Energy"],"picked":"Force Field","floor":19},{"not_picked":["Turbo","Rebound"],"picked":"Self Repair","floor":22},{"not_picked":["Sunder","Gash"],"picked":"Go for the Eyes","floor":23},{"not_picked":["Turbo","Multi-Cast"],"picked":"Defragment","floor":25},{"not_picked":["Beam Cell+1","Leap","Rebound+1"],"picked":"SKIP","floor":28},{"not_picked":["Beam Cell+1","Leap","Rebound+1"],"picked":"SKIP","floor":28}],"player_experience":860172,"relics_obtained":[{"floor":7,"key":"Mummified Hand"},{"floor":9,"key":"Ancient Tea Set"},{"floor":10,"key":"Oddly Smooth Stone"},{"floor":23,"key":"Calipers"},{"floor":25,"key":"Omamori"},{"floor":26,"key":"Molten Egg 2"}],"event_choices":[{"event_name":"FaceTrader","player_choice":"Trade","floor":5,"damage_taken":0},{"event_name":"Back to Basics","player_choice":"Simplicity","floor":21,"damage_taken":0}],"is_beta":true,"boss_relics":[{"not_picked":["Orrery","Inserter"],"picked":"FrozenCore"}],"items_purged_floors":[8,20],"is_endless":false,"potions_floor_spawned":[2,4,10,16,19,23],"killed_by":"Slavers","ascension_level":15}