{"gold_per_floor":[116,116,129,141,141,141,167,183,229,245,245,257,257,276,276,374,374,391,401,70,88,101,127,154,166],"floor_reached":25,"playtime":1244,"items_purged":[],"score":275,"play_id":"2942d98f-9ebd-44bc-a1ea-99ffdd8580d6","local_time":"20181215215740","is_ascension_mode":true,"campfire_choices":[{"data":"Clothesline","floor":6,"key":"SMITH"},{"data":"Armaments","floor":11,"key":"SMITH"},{"data":"Inflame","floor":13,"key":"SMITH"},{"data":"Metallicize","floor":15,"key":"SMITH"}],"neow_cost":"NONE","seed_source_timestamp":8484719025618,"circlet_count":0,"master_deck":["Strike_R","Strike_R","Strike_R","Strike_R","Defend_R","Defend_R+1","Defend_R+1","Defend_R","Bash","Metallicize+1","Inflame+1","Clothesline+1","Reckless Charge","Sword Boomerang","Armaments+1","Anger","Havoc","Juggernaut","Impervious","Evolve","Metallicize","Offering","Bloodletting+1","True Grit","Headbutt+1"],"relics":["Burning Blood","NeowsBlessing","Mercury Hourglass","War Paint","Runic Pyramid","ClockworkSouvenir","MawBank"],"potions_floor_usage":[],"damage_taken":[{"damage":0,"enemies":"Jaw Worm","floor":1,"turns":1},{"damage":0,"enemies":"Cultist","floor":3,"turns":1},{"damage":0,"enemies":"Small Slimes","floor":4,"turns":1},{"damage":38,"enemies":"3 Sentries","floor":7,"turns":9},{"damage":6,"enemies":"Looter","floor":8,"turns":2},{"damage":9,"enemies":"3 Louse","floor":10,"turns":2},{"damage":14,"enemies":"Exordium Thugs","floor":12,"turns":4},{"damage":3,"enemies":"Looter","floor":14,"turns":3},{"damage":21,"enemies":"The Guardian","floor":16,"turns":11},{"damage":4,"enemies":"Chosen","floor":18,"turns":4},{"damage":3,"enemies":"Shell Parasite","floor":19,"turns":6},{"damage":12,"enemies":"Chosen and Byrds","floor":21,"turns":6},{"damage":6,"enemies":"Snake Plant","floor":22,"turns":5},{"damage":43,"enemies":"Book of Stabbing","floor":23,"turns":6},{"damage":4,"enemies":"Centurion and Healer","floor":24,"turns":7},{"damage":53,"enemies":"3 Cultists","floor":25,"turns":5}],"seed_played":"-1610354253072620827","potions_obtained":[{"floor":7,"key":"Strength Potion"},{"floor":8,"key":"SpeedPotion"},{"floor":12,"key":"Regen Potion"},{"floor":18,"key":"Weak Potion"},{"floor":22,"key":"Ancient Potion"}],"is_trial":false,"path_per_floor":["M","$","M","M","?","R","E","M","T","M","R","M","R","M","R","B",null,"M","M","$","M","M","E","M","M"],"character_chosen":"IRONCLAD","items_purchased":["Offering","ClockworkSouvenir"],"campfire_rested":0,"item_purchase_floors":[20,20],"current_hp_per_floor":[80,80,80,80,80,80,48,48,48,45,45,37,37,40,40,25,80,80,80,80,74,74,37,39,0],"gold":166,"neow_bonus":"THREE_ENEMY_KILL","is_prod":false,"is_daily":false,"chose_seed":false,"campfire_upgraded":4,"win_rate":0,"timestamp":1544918260,"path_taken":["M","$","M","M","?","R","E","M","T","M","R","?","R","M","R","BOSS","M","?","?","M","?","E","?","M"],"build_version":"2018-12-13","purchased_purges":0,"victory":false,"max_hp_per_floor":[80,80,80,80,80,80,80,80,80,80,80,80,80,80,80,80,80,80,80,80,80,80,80,80,80],"card_choices":[{"not_picked":["Flex","Battle Trance"],"picked":"Metallicize","floor":1},{"not_picked":["Sentinel","Seeing Red"],"picked":"Inflame","floor":3},{"not_picked":["Feel No Pain","Entrench"],"picked":"Clothesline","floor":4},{"not_picked":["Clothesline","Heavy Blade"],"picked":"Sword Boomerang","floor":7},{"not_picked":["Twin Strike","Heavy Blade"],"picked":"Armaments","floor":8},{"not_picked":["Body Slam","Sever Soul"],"picked":"Anger","floor":10},{"not_picked":["Intimidate","Searing Blow"],"picked":"Havoc","floor":12},{"not_picked":["Flex","Uppercut"],"picked":"Juggernaut","floor":14},{"not_picked":["Feed","Demon Form"],"picked":"Impervious","floor":16},{"not_picked":["Anger+1","Armaments"],"picked":"Evolve","floor":18},{"not_picked":["Metallicize","Iron Wave","Infernal Blade"],"picked":"SKIP","floor":19},{"not_picked":["Iron Wave","Infernal Blade"],"picked":"Metallicize","floor":19},{"not_picked":["Flex","Seeing Red"],"picked":"Bloodletting+1","floor":21},{"not_picked":["Pommel Strike","Twin Strike"],"picked":"True Grit","floor":22},{"not_picked":["Carnage","Evolve","Iron Wave+1"],"picked":"SKIP","floor":23},{"not_picked":["Twin Strike+1","Warcry+1"],"picked":"Headbutt+1","floor":24}],"player_experience":250031,"relics_obtained":[{"floor":7,"key":"Mercury Hourglass"},{"floor":9,"key":"War Paint"},{"floor":23,"key":"MawBank"}],"event_choices":[{"damage_healed":0,"gold_gain":0,"cards_transformed":["Strike_R"],"player_choice":"Transformed","damage_taken":0,"max_hp_gain":0,"max_hp_loss":0,"event_name":"Transmorgrifier","floor":5,"gold_loss":0,"cards_obtained":["Reckless Charge"]}],"is_beta":false,"boss_relics":[{"not_picked":["Orrery","Eternal Feather"],"picked":"Runic Pyramid"}],"items_purged_floors":[],"is_endless":false,"potions_floor_spawned":[7,8,12,16,18,21,22],"killed_by":"3 Cultists","ascension_level":4}