{"gold_per_floor":[118,12,32,45,57,57,70,103,151,151,76,92,92,146,146,266,266,289,32,50,74,92,92,132,132,132,157,157],"floor_reached":28,"playtime":1077,"items_purged":["Strike_B"],"score":290,"play_id":"89c4b67d-f370-460c-bd93-02a6b5476921","local_time":"20190201034419","is_ascension_mode":true,"campfire_choices":[{"data":"Coolheaded","floor":6,"key":"SMITH"},{"data":"Cold Snap","floor":10,"key":"SMITH"},{"data":"Coolheaded","floor":15,"key":"SMITH"},{"data":"Biased Cognition","floor":23,"key":"SMITH"},{"data":"Biased Cognition","floor":25,"key":"SMITH"}],"neow_cost":"NONE","seed_source_timestamp":739548661024773,"circlet_count":0,"master_deck":["Zap","Dualcast","Coolheaded+1","Cold Snap","Ball Lightning","Ball Lightning","Stack","Cold Snap+1","Coolheaded+1","Injury","Biased Cognition+1","Melter","Tempest","Hello World","Rip and Tear","Multi-Cast","Biased Cognition+1","Recycle","Turbo","Self Repair+1","Buffer"],"relics":["Cracked Core","Strawberry","Bottled Lightning","Boot","Golden Idol","Ancient Tea Set","Pandora\u0027s Box","Matryoshka","Omamori","Pocketwatch","Centennial Puzzle"],"potions_floor_usage":[5,5,12,12,12,16,16,20,24,28],"damage_taken":[{"damage":0,"enemies":"Cultist","floor":1,"turns":4},{"damage":5,"enemies":"2 Louse","floor":3,"turns":3},{"damage":7,"enemies":"Jaw Worm","floor":4,"turns":4},{"damage":21,"enemies":"Gremlin Gang","floor":5,"turns":3},{"damage":6,"enemies":"3 Louse","floor":7,"turns":2},{"damage":16,"enemies":"Gremlin Nob","floor":8,"turns":3},{"damage":0,"enemies":"Exordium Wildlife","floor":12,"turns":4},{"damage":19,"enemies":"The Guardian","floor":16,"turns":10},{"damage":0,"enemies":"Chosen","floor":18,"turns":4},{"damage":23,"enemies":"3 Byrds","floor":20,"turns":4},{"damage":19,"enemies":"Centurion and Healer","floor":21,"turns":5},{"damage":25,"enemies":"Sentry and Sphere","floor":22,"turns":4},{"damage":15,"enemies":"Book of Stabbing","floor":24,"turns":5},{"damage":0,"enemies":"Snake Plant","floor":27,"turns":2},{"damage":9,"enemies":"Slavers","floor":28,"turns":1}],"seed_played":"-4851840668309669649","potions_obtained":[{"floor":3,"key":"FocusPotion"},{"floor":4,"key":"FearPotion"},{"floor":8,"key":"EntropicBrew"},{"floor":12,"key":"Energy Potion"},{"floor":18,"key":"Dexterity Potion"},{"floor":22,"key":"Swift Potion"},{"floor":24,"key":"Fire Potion"}],"is_trial":false,"path_per_floor":["M","?","M","M","M","R","M","E","T","R","$","M","?","T","R","B",null,"M","$","M","M","M","R","E","R","T","M","E"],"character_chosen":"DEFECT","items_purchased":["Matryoshka"],"campfire_rested":0,"item_purchase_floors":[19],"current_hp_per_floor":[82,89,84,77,56,56,50,34,34,34,34,46,46,46,46,27,89,89,89,66,47,22,22,7,7,7,7,0],"gold":157,"neow_bonus":"TEN_PERCENT_HP_BONUS","is_prod":false,"is_daily":false,"chose_seed":false,"campfire_upgraded":5,"win_rate":0,"timestamp":1548989059,"path_taken":["M","?","M","?","M","R","M","E","T","R","$","M","?","?","R","BOSS","M","$","M","M","M","R","E","R","T","?","E"],"build_version":"2019-01-23","purchased_purges":1,"victory":false,"max_hp_per_floor":[82,89,89,89,89,89,89,89,89,89,89,89,89,89,89,89,89,89,89,89,89,89,89,89,89,89,89,89],"card_choices":[{"not_picked":["Streamline","Barrage"],"picked":"Coolheaded","floor":1},{"not_picked":["Sweeping Beam","Auto Shields"],"picked":"Cold Snap","floor":3},{"not_picked":["Rebound","Turbo"],"picked":"Ball Lightning","floor":4},{"not_picked":["Turbo","FTL"],"picked":"Ball Lightning","floor":5},{"not_picked":["Double Energy","Auto Shields"],"picked":"Stack","floor":7},{"not_picked":["All For One","Storm"],"picked":"Cold Snap","floor":8},{"not_picked":["Cold Snap","Storm"],"picked":"Coolheaded","floor":12},{"not_picked":["Multi-Cast","Electrodynamics"],"picked":"Biased Cognition","floor":16},{"not_picked":["Compile Driver","Beam Cell","Barrage"],"picked":"SKIP","floor":18},{"not_picked":["Redo","Beam Cell","Streamline"],"picked":"SKIP","floor":20},{"not_picked":["Streamline","Gash","Barrage"],"picked":"SKIP","floor":21},{"not_picked":["Rebound","Beam Cell"],"picked":"Turbo","floor":22},{"not_picked":["Lockon","Steam"],"picked":"Self Repair+1","floor":24},{"not_picked":["Redo","Rebound"],"picked":"Buffer","floor":27}],"player_experience":119540,"relics_obtained":[{"floor":8,"key":"Bottled Lightning"},{"floor":9,"key":"Boot"},{"floor":14,"key":"Ancient Tea Set"},{"floor":24,"key":"Omamori"},{"floor":26,"key":"Pocketwatch"},{"floor":26,"key":"Centennial Puzzle"}],"event_choices":[{"damage_healed":0,"gold_gain":0,"player_choice":"Paid Gold","damage_taken":0,"relics_obtained":["Strawberry"],"max_hp_gain":0,"max_hp_loss":0,"event_name":"WeMeetAgain","floor":2,"gold_loss":106},{"damage_healed":0,"gold_gain":0,"player_choice":"Take Wound","damage_taken":0,"relics_obtained":["Golden Idol"],"max_hp_gain":0,"max_hp_loss":0,"event_name":"Golden Idol","floor":13,"gold_loss":0,"cards_obtained":["Injury"]}],"is_beta":false,"boss_relics":[{"not_picked":["Black Star","Orrery"],"picked":"Pandora\u0027s Box"}],"items_purged_floors":[11],"is_endless":false,"potions_floor_spawned":[3,4,8,12,18,22,24],"killed_by":"Slavers","ascension_level":4}