{"gold_per_floor":[115,133,159,169,180,180,214,214,241,241,301,332,347,347,347,347],"floor_reached":16,"playtime":584,"items_purged":[],"score":204,"play_id":"fb9fd91c-d780-4e8c-82aa-434e7e0cd59c","local_time":"20181201160036","is_ascension_mode":true,"campfire_choices":[{"data":"Neutralize","floor":6,"key":"SMITH"},{"data":"Dagger Spray","floor":10,"key":"SMITH"},{"data":"Survivor","floor":15,"key":"SMITH"}],"neow_cost":"NONE","seed_source_timestamp":1546880399392748,"circlet_count":0,"master_deck":["AscendersBane","Defend_G","Defend_G","Defend_G","Defend_G","Defend_G+1","Strike_G","Strike_G","Strike_G","Strike_G","Strike_G","Survivor+1","Neutralize+1","Dagger Spray+1","Flying Knee+1","Endless Agony","Dagger Throw","Poisoned Stab"],"relics":["Ring of the Snake","Potion Belt","Bag of Marbles","Dream Catcher","Bottled Flame"],"potions_floor_usage":[4,7,16,16],"damage_taken":[{"damage":1,"enemies":"Cultist","floor":1,"turns":4},{"damage":1,"enemies":"2 Louse","floor":2,"turns":3},{"damage":0,"enemies":"Small Slimes","floor":4,"turns":2},{"damage":1,"enemies":"Exordium Thugs","floor":5,"turns":4},{"damage":10,"enemies":"3 Sentries","floor":7,"turns":6},{"damage":4,"enemies":"Gremlin Nob","floor":12,"turns":3},{"damage":0,"enemies":"Large Slime","floor":13,"turns":4},{"damage":30,"enemies":"The Guardian","floor":16,"turns":6}],"seed_played":"-3626983657095120806","potions_obtained":[{"floor":1,"key":"SteroidPotion"},{"floor":4,"key":"Explosive Potion"},{"floor":5,"key":"Dexterity Potion"},{"floor":13,"key":"GhostInAJar"}],"is_trial":false,"path_per_floor":["M","M","T","M","M","R","E","?","T","R","?","E","M","?","R","B"],"character_chosen":"THE_SILENT","items_purchased":[],"campfire_rested":0,"item_purchase_floors":[],"current_hp_per_floor":[58,57,57,57,56,56,46,26,26,26,26,22,22,22,22,0],"gold":347,"neow_bonus":"THREE_CARDS","is_prod":false,"is_daily":false,"chose_seed":false,"campfire_upgraded":3,"win_rate":0,"timestamp":1543705236,"path_taken":["M","M","?","M","M","R","E","?","T","R","?","E","M","?","R","BOSS"],"build_version":"2018-11-15","purchased_purges":0,"victory":false,"max_hp_per_floor":[66,66,66,66,66,66,66,66,66,66,66,66,66,66,66,66],"card_choices":[{"not_picked":["Calculated Gamble","Flying Knee"],"picked":"Dagger Spray","floor":0},{"not_picked":["Setup","Eviscerate"],"picked":"Flying Knee","floor":1},{"not_picked":["Underhanded Strike","Bouncing Flask"],"picked":"Endless Agony","floor":2},{"not_picked":["Acrobatics","Heel Hook","Prepared"],"picked":"SKIP","floor":4},{"not_picked":["Heel Hook","Masterful Stab"],"picked":"Dagger Throw","floor":5},{"not_picked":["Backflip","Reflex"],"picked":"Poisoned Stab","floor":7},{"not_picked":["Backflip","Reflex","Eviscerate"],"picked":"SKIP","floor":12},{"not_picked":["All Out Attack","Bane","Blade Dance"],"picked":"SKIP","floor":13}],"player_experience":1144837,"relics_obtained":[{"floor":3,"key":"Potion Belt"},{"floor":7,"key":"Bag of Marbles"},{"floor":9,"key":"Dream Catcher"},{"floor":12,"key":"Bottled Flame"}],"event_choices":[{"damage_healed":0,"gold_gain":0,"player_choice":"Entered Light","damage_taken":20,"max_hp_gain":0,"max_hp_loss":0,"event_name":"Shining Light","floor":8,"gold_loss":0,"cards_upgraded":["Defend_G","Flying Knee"]},{"damage_healed":0,"gold_gain":60,"player_choice":"Gained Gold","damage_taken":0,"max_hp_gain":0,"max_hp_loss":0,"event_name":"Golden Wing","floor":11,"gold_loss":0},{"damage_healed":0,"gold_gain":0,"player_choice":"Ignored","damage_taken":0,"max_hp_gain":0,"max_hp_loss":0,"event_name":"Liars Game","floor":14,"gold_loss":0}],"is_beta":true,"boss_relics":[],"items_purged_floors":[],"is_endless":false,"potions_floor_spawned":[1,4,5,13],"killed_by":"The Guardian","ascension_level":17}