{"gold_per_floor":[368,368,25,25,25,25,25,49,76,92,10,10,10,44,44,138,138,152,152,152,152,92,92,133,151,228,228,242,266,266,289,289,385,385,408,422,144,144,159,159,174,194,194,194,227,49,49,69,69,69,69],"floor_reached":52,"playtime":2955,"items_purged":["Strike_B","Strike_B"],"score":1971,"play_id":"f2dafc51-3f37-4201-a748-b96b6e11ce21","local_time":"20190219215429","is_ascension_mode":true,"campfire_choices":[{"data":"Zap","floor":6,"key":"SMITH"},{"data":"Biased Cognition","floor":12,"key":"SMITH"},{"data":"Darkness","floor":15,"key":"SMITH"},{"floor":23,"key":"REST"},{"floor":27,"key":"REST"},{"data":"Buffer","floor":32,"key":"SMITH"},{"data":"Capacitor","floor":40,"key":"SMITH"},{"data":"Go for the Eyes","floor":44,"key":"SMITH"},{"data":"Echo Form","floor":47,"key":"SMITH"},{"data":"Dualcast","floor":49,"key":"SMITH"}],"neow_cost":"PERCENT_DAMAGE","seed_source_timestamp":525152094014400,"circlet_count":0,"master_deck":["AscendersBane","Defend_B","Defend_B","Defend_B","Defend_B","Zap+1","Dualcast+1","Chill","Biased Cognition+1","Doom and Gloom","Ball Lightning","Cold Snap","Darkness+1","Buffer+1","Ghostly","Ghostly","Ghostly","Core Surge","Cold Snap","Heatsinks","Go for the Eyes+1","Capacitor+1","Echo Form+1","Chill","Conserve Battery+1","Lockon+1","Self Repair+1","Heatsinks+1","White Noise+1"],"relics":["Cracked Core","Golden Idol","DataDisk","The Courier","Potion Belt","Emotion Chip","Philosopher\u0027s Stone","Nilry\u0027s Codex","Omamori","Tiny Chest","Eternal Feather","Bronze Scales","Calipers","Frozen Egg 2","Letter Opener"],"potions_floor_usage":[18,24,24,28,33,33,33,35,39,45,48,50,51,51],"damage_taken":[{"damage":13,"enemies":"Small Slimes","floor":1,"turns":3},{"damage":0,"enemies":"Jaw Worm","floor":8,"turns":3},{"damage":0,"enemies":"2 Louse","floor":10,"turns":3},{"damage":14,"enemies":"Gremlin Nob","floor":14,"turns":4},{"damage":20,"enemies":"The Guardian","floor":16,"turns":7},{"damage":14,"enemies":"Shell Parasite","floor":18,"turns":4},{"damage":30,"enemies":"Gremlin Leader","floor":24,"turns":9},{"damage":0,"enemies":"Spheric Guardian","floor":25,"turns":4},{"damage":0,"enemies":"Centurion and Healer","floor":28,"turns":5},{"damage":0,"enemies":"Cultist and Chosen","floor":29,"turns":4},{"damage":0,"enemies":"Snecko","floor":31,"turns":6},{"damage":0,"enemies":"Automaton","floor":33,"turns":10},{"damage":0,"enemies":"Orb Walker","floor":35,"turns":3},{"damage":2,"enemies":"3 Darklings","floor":36,"turns":6},{"damage":4,"enemies":"Jaw Worm Horde","floor":39,"turns":6},{"damage":0,"enemies":"Writhing Mass","floor":41,"turns":7},{"damage":16,"enemies":"Spire Growth","floor":42,"turns":4},{"damage":15,"enemies":"Reptomancer","floor":45,"turns":7},{"damage":0,"enemies":"Jaw Worm Horde","floor":48,"turns":7},{"damage":0,"enemies":"Donu and Deca","floor":50,"turns":8},{"damage":3,"enemies":"Time Eater","floor":51,"turns":11}],"seed_played":"-4103775281067941516","potions_obtained":[{"floor":8,"key":"Energy Potion"},{"floor":10,"key":"Regen Potion"},{"floor":16,"key":"SkillPotion"},{"floor":21,"key":"Ancient Potion"},{"floor":21,"key":"Regen Potion"},{"floor":29,"key":"Block Potion"},{"floor":31,"key":"SpeedPotion"},{"floor":33,"key":"Swift Potion"},{"floor":41,"key":"Explosive Potion"},{"floor":42,"key":"Weak Potion"},{"floor":45,"key":"Weak Potion"},{"floor":48,"key":"AttackPotion"}],"is_trial":false,"path_per_floor":["M","?","$","?","?","R","$","M","T","M","$","R","$","E","R","B",null,"M","?","?","?","$","R","E","M","T","R","M","M","?","M","R","B",null,"M","M","$","?","M","R","M","M","T","R","E","$","R","M","R","B","B",null],"character_chosen":"DEFECT","items_purchased":["DataDisk","Biased Cognition","Ball Lightning","Cold Snap","Bronze Scales","Ancient Potion","AttackPotion","Dexterity Potion","Self Repair+1","Heatsinks+1"],"campfire_rested":2,"item_purchase_floors":[3,3,11,11,37,37,46,46,46,46],"current_hp_per_floor":[33,33,33,54,49,49,49,49,49,49,49,49,49,35,35,15,52,38,32,11,11,11,20,5,5,5,14,14,14,14,14,14,14,28,28,26,26,26,22,32,32,16,16,31,16,16,31,32,32,32,29],"gold":69,"neow_bonus":"TWO_FIFTY_GOLD","is_prod":false,"is_daily":false,"chose_seed":true,"campfire_upgraded":8,"win_rate":0,"timestamp":1550638469,"path_taken":["M","?","$","?","?","R","$","M","T","M","$","R","?","E","R","BOSS","M","?","?","?","$","R","E","M","T","R","M","?","?","M","R","BOSS","M","M","$","?","M","R","?","M","T","R","E","$","R","?","R","BOSS","BOSS"],"build_version":"2019-02-06","purchased_purges":2,"victory":true,"max_hp_per_floor":[71,64,64,64,64,64,64,64,64,64,64,64,64,64,64,64,64,64,32,32,32,32,32,32,32,32,32,32,32,32,32,32,32,32,32,32,32,32,32,32,32,32,32,32,32,32,32,32,32,32,32],"card_choices":[{"not_picked":["Compile Driver","Streamline"],"picked":"Chill","floor":1},{"not_picked":["Redo","Stack"],"picked":"Doom and Gloom","floor":8},{"not_picked":["Doom and Gloom","Sweeping Beam","Scrape"],"picked":"SKIP","floor":10},{"not_picked":["Rainbow","Sweeping Beam"],"picked":"Darkness","floor":14},{"not_picked":["Thunder Strike","Meteor Strike"],"picked":"Buffer","floor":16},{"not_picked":["Stack","Hologram","Turbo"],"picked":"SKIP","floor":18},{"not_picked":["Compile Driver","Barrage"],"picked":"Core Surge","floor":24},{"not_picked":["Turbo","Hello World","Steam"],"picked":"SKIP","floor":25},{"not_picked":["Barrage+1","Stack"],"picked":"Conserve Battery","floor":28},{"not_picked":["Coolheaded","Steam Power"],"picked":"Cold Snap","floor":29},{"not_picked":["Compile Driver","Seek"],"picked":"Capacitor","floor":31},{"not_picked":["Multi-Cast","Amplify"],"picked":"Echo Form","floor":33},{"not_picked":["Melter","Gash"],"picked":"Chill","floor":35},{"not_picked":["Redo","Steam","Self Repair"],"picked":"SKIP","floor":36},{"not_picked":["Steam","Stack+1"],"picked":"Conserve Battery+1","floor":39},{"not_picked":["Melter+1","Steam","Redo"],"picked":"SKIP","floor":41},{"not_picked":["Hello World","Sweeping Beam"],"picked":"Lockon+1","floor":42},{"not_picked":["Sweeping Beam","Heatsinks+1","Rainbow"],"picked":"SKIP","floor":45},{"not_picked":["Tempest","Steam Power+1"],"picked":"White Noise+1","floor":48}],"player_experience":1356039,"relics_obtained":[{"floor":9,"key":"Potion Belt"},{"floor":14,"key":"Emotion Chip"},{"floor":20,"key":"Nilry\u0027s Codex"},{"floor":24,"key":"Omamori"},{"floor":26,"key":"Tiny Chest"},{"floor":43,"key":"Frozen Egg 2"},{"floor":45,"key":"Letter Opener"}],"event_choices":[{"damage_healed":0,"gold_gain":0,"player_choice":"Lose Max HP","damage_taken":0,"relics_obtained":["Golden Idol"],"max_hp_gain":0,"max_hp_loss":7,"event_name":"Golden Idol","floor":2,"gold_loss":0},{"damage_healed":21,"gold_gain":0,"player_choice":"Banana","damage_taken":0,"max_hp_gain":0,"max_hp_loss":0,"event_name":"Big Fish","floor":4,"gold_loss":0},{"damage_healed":0,"gold_gain":0,"player_choice":"Success","damage_taken":5,"relics_obtained":["The Courier"],"max_hp_gain":0,"max_hp_loss":0,"event_name":"Scrap Ooze","floor":5,"gold_loss":0},{"damage_healed":0,"gold_gain":0,"player_choice":"Became a Ghost","damage_taken":0,"max_hp_gain":0,"max_hp_loss":32,"event_name":"Ghosts","floor":19,"gold_loss":0,"cards_obtained":["Ghostly","Ghostly","Ghostly"]},{"damage_healed":0,"gold_gain":0,"player_choice":"Obtained Book","damage_taken":21,"max_hp_gain":0,"max_hp_loss":0,"event_name":"Cursed Tome","floor":20,"gold_loss":0},{"damage_healed":0,"gold_gain":0,"player_choice":"Got Potions","damage_taken":0,"max_hp_gain":0,"max_hp_loss":0,"event_name":"Lab","floor":21,"gold_loss":0},{"damage_healed":0,"gold_gain":0,"cards_transformed":["Strike_B","Strike_B"],"player_choice":"Became Test Subject","damage_taken":0,"max_hp_gain":0,"max_hp_loss":0,"event_name":"Drug Dealer","floor":30,"gold_loss":0,"cards_obtained":["Heatsinks","Go for the Eyes"]},{"cards_removed":["Conserve Battery"],"damage_healed":0,"gold_gain":0,"player_choice":"Gave Card","damage_taken":0,"relics_obtained":["Calipers"],"max_hp_gain":0,"max_hp_loss":0,"event_name":"WeMeetAgain","floor":38,"gold_loss":0}],"is_beta":true,"boss_relics":[{"not_picked":["Coffee Dripper","Runic Pyramid"],"picked":"Philosopher\u0027s Stone"},{"not_picked":["White Beast Statue","Black Star"],"picked":"Eternal Feather"}],"items_purged_floors":[22,37],"is_endless":false,"potions_floor_spawned":[8,10,16,29,31,33,41,42,45,48],"ascension_level":20}