{"gold_per_floor":[115,130,140,65,140,140,171,271,271,290,302,302,328,340,352,364],"floor_reached":16,"playtime":12701,"items_purged":["Strike_R"],"score":152,"play_id":"908c158a-da09-4340-97f9-c0c839c50725","local_time":"20190219182825","is_ascension_mode":true,"campfire_choices":[{"data":"Anger","floor":6,"key":"SMITH"},{"data":"Rampage","floor":15,"key":"SMITH"}],"neow_cost":"PERCENT_DAMAGE","seed_source_timestamp":2704592791768160,"circlet_count":0,"master_deck":["Strike_R","Defend_R","Defend_R","Defend_R","Defend_R","Bash","Battle Trance","Iron Wave","Anger+1","Rampage+1","Inflame"],"relics":["Burning Blood","Mummified Hand","Pear","MawBank"],"potions_floor_usage":[13,16],"damage_taken":[{"damage":10,"enemies":"Small Slimes","floor":1,"turns":5},{"damage":6,"enemies":"Cultist","floor":2,"turns":4},{"damage":2,"enemies":"2 Louse","floor":3,"turns":3},{"damage":25,"enemies":"3 Sentries","floor":7,"turns":9},{"damage":2,"enemies":"2 Fungi Beasts","floor":10,"turns":4},{"damage":0,"enemies":"Large Slime","floor":11,"turns":2},{"damage":10,"enemies":"Lagavulin","floor":13,"turns":6},{"damage":43,"enemies":"Slime Boss","floor":16,"turns":8}],"seed_played":"4964250047180361288","potions_obtained":[{"floor":2,"key":"Weak Potion"},{"floor":7,"key":"SneckoOil"}],"is_trial":false,"path_per_floor":["M","M","M","$","?","R","E","?","T","M","M","?","E","?","R","B"],"character_chosen":"IRONCLAD","items_purchased":[],"campfire_rested":0,"item_purchase_floors":[],"current_hp_per_floor":[52,52,56,56,45,45,26,26,36,40,46,51,47,40,40,0],"gold":364,"neow_bonus":"REMOVE_TWO","is_prod":false,"is_daily":false,"chose_seed":false,"campfire_upgraded":2,"win_rate":0,"timestamp":1550600905,"path_taken":["M","M","M","$","?","R","E","?","T","M","?","?","E","?","R","BOSS"],"build_version":"2019-01-23","purchased_purges":1,"victory":false,"max_hp_per_floor":[80,80,80,80,80,80,80,80,90,90,90,95,95,95,95,95],"card_choices":[{"not_picked":["Sword Boomerang","Pommel Strike"],"picked":"Battle Trance","floor":1},{"not_picked":["Perfected Strike","Burning Pact"],"picked":"Iron Wave","floor":2},{"not_picked":["Sentinel","Pommel Strike"],"picked":"Anger","floor":3},{"not_picked":["Twin Strike","Entrench","Sword Boomerang"],"picked":"SKIP","floor":7},{"not_picked":["Combust","Dropkick"],"picked":"Rampage","floor":10},{"not_picked":["Sword Boomerang","Uppercut","Headbutt"],"picked":"SKIP","floor":11},{"not_picked":["Dropkick","Warcry"],"picked":"Inflame","floor":13}],"player_experience":1002372,"relics_obtained":[{"floor":7,"key":"Mummified Hand"},{"floor":9,"key":"Pear"},{"floor":13,"key":"MawBank"}],"event_choices":[{"damage_healed":0,"gold_gain":75,"player_choice":"Gather Gold","damage_taken":11,"max_hp_gain":0,"max_hp_loss":0,"event_name":"World of Goop","floor":5,"gold_loss":0},{"damage_healed":0,"gold_gain":100,"player_choice":"Pray","damage_taken":0,"max_hp_gain":0,"max_hp_loss":0,"event_name":"Golden Shrine","floor":8,"gold_loss":0},{"damage_healed":0,"gold_gain":0,"player_choice":"Donut","damage_taken":0,"max_hp_gain":5,"max_hp_loss":0,"event_name":"Big Fish","floor":12,"gold_loss":0},{"cards_removed":["Strike_R"],"damage_healed":0,"gold_gain":0,"player_choice":"Card Removal","damage_taken":7,"max_hp_gain":0,"max_hp_loss":0,"event_name":"Golden Wing","floor":14,"gold_loss":0}],"is_beta":false,"boss_relics":[],"items_purged_floors":[4],"is_endless":false,"potions_floor_spawned":[2,7],"killed_by":"Slime Boss","ascension_level":3}