{"gold_per_floor":[115,129,146,1,1,1,101,113,113,127,127,143,143,155,155,253,253,269,287,167,167,167,167,167,167,167,67,78,78,89,289,289,385,385,399,411,430,447,291,291,124,139,139,139,139,13,45,45,45,45],"floor_reached":50,"playtime":1909,"items_purged":["Strike_B","Strike_B+1"],"score":462,"play_id":"b9314562-9e5d-49ed-be6b-33aab2c48f86","local_time":"20190131230759","is_ascension_mode":false,"campfire_choices":[{"data":"Zap","floor":6.0,"key":"SMITH"},{"data":"Go for the Eyes","floor":11.0,"key":"SMITH"},{"data":"Scrape","floor":13.0,"key":"SMITH"},{"data":"Dualcast","floor":15.0,"key":"SMITH"},{"data":"Steam","floor":23.0,"key":"SMITH"},{"data":"J.A.X.","floor":25.0,"key":"SMITH"},{"data":"Coolheaded","floor":29.0,"key":"SMITH"},{"data":"Defragment","floor":32.0,"key":"SMITH"},{"data":"Capacitor","floor":40.0,"key":"SMITH"},{"floor":44.0,"key":"REST"},{"floor":49,"key":"REST"}],"neow_cost":"NONE","seed_source_timestamp":98775203936030,"circlet_count":0,"master_deck":["Strike_B+1","Strike_B+1","Defend_B+1","Defend_B+1","Defend_B+1","Defend_B+1","Zap+1","Dualcast+1","Scrape+1","BootSequence+1","Go for the Eyes+1","Auto Shields","Reboot","Cold Snap","Ball Lightning","Seek","Hologram","Defragment+1","Steam+1","Capacitor+1","J.A.X.+1","Coolheaded+1","Defragment+1","Seek","Blizzard+1","Sweeping Beam","Coolheaded","Capacitor","Mayhem","Madness","Madness","Gash","FTL","Compile Driver+1"],"special_seed":0,"relics":["Cracked Core"],"potions_floor_usage":[50],"damage_taken":[{"damage":1.0,"enemies":"Cultist","floor":1.0,"turns":3.0},{"damage":9.0,"enemies":"2 Louse","floor":2.0,"turns":3.0},{"damage":0.0,"enemies":"Small Slimes","floor":3.0,"turns":4.0},{"damage":8.0,"enemies":"Gremlin Gang","floor":8.0,"turns":6.0},{"damage":0.0,"enemies":"Looter","floor":10.0,"turns":3.0},{"damage":0.0,"enemies":"3 Louse","floor":12.0,"turns":3.0},{"damage":0.0,"enemies":"2 Fungi Beasts","floor":14.0,"turns":2.0},{"damage":4.0,"enemies":"Slime Boss","floor":16.0,"turns":8.0},{"damage":0.0,"enemies":"Shell Parasite","floor":18.0,"turns":3.0},{"damage":0.0,"enemies":"2 Thieves","floor":19.0,"turns":4.0},{"damage":13.0,"enemies":"Centurion and Healer","floor":28.0,"turns":6.0},{"damage":19.0,"enemies":"Sentry and Sphere","floor":30.0,"turns":4.0},{"damage":22.0,"enemies":"Champ","floor":33.0,"turns":10.0},{"damage":3.0,"enemies":"3 Shapes","floor":35.0,"turns":5.0},{"damage":9.0,"enemies":"Orb Walker","floor":36.0,"turns":4.0},{"damage":11.0,"enemies":"Transient","floor":37.0,"turns":5.0},{"damage":12.0,"enemies":"Sphere and 2 Shapes","floor":38.0,"turns":4.0},{"damage":13.0,"enemies":"4 Shapes","floor":42.0,"turns":8.0},{"damage":28.0,"enemies":"Giant Head","floor":47.0,"turns":9.0},{"damage":25,"enemies":"Donu and Deca","floor":50,"turns":3}],"seed_played":"-1313441040317634156","potions_obtained":[{"floor":2.0,"key":"Block Potion"},{"floor":10.0,"key":"Dexterity Potion"},{"floor":14.0,"key":"SteroidPotion"},{"floor":16.0,"key":"Fire Potion"},{"floor":30.0,"key":"FairyPotion"},{"floor":33.0,"key":"Weak Potion"},{"floor":35.0,"key":"Poison Potion"},{"floor":37.0,"key":"Strength Potion"}],"is_trial":false,"path_per_floor":["M","M","M","$","?","R","?","M","T","M","R","M","R","M","R","B",null,"M","M","$","?","?","R","?","R","T","$","M","R","M","?","R","B",null,"M","M","M","M","$","R","$","M","T","R","?","$","E","?","R","B"],"character_chosen":"DEFECT","items_purchased":["Auto Shields","Steam","Capacitor","Capacitor","FocusPotion","Mayhem","Gash","FTL"],"campfire_rested":2,"item_purchase_floors":[4,20,20,39,39,41,46,46],"current_hp_per_floor":[81,72,72,72,56,56,56,48,48,48,48,48,48,48,48,44,82,82,82,82,82,82,82,82,82,82,82,69,69,50,50,50,28,82,79,70,59,47,47,47,47,34,34,58,48,48,20,20,44,19],"gold":45,"neow_bonus":"TEN_PERCENT_HP_BONUS","is_prod":false,"is_daily":false,"chose_seed":false,"campfire_upgraded":9,"win_rate":0,"timestamp":1549001279,"path_taken":["M","M","M","$","?","R","?","M","T","M","R","M","R","M","R","BOSS","M","M","$","?","?","R","?","R","T","$","M","R","M","?","R","BOSS","M","M","M","M","$","R","$","?","T","R","?","$","E","?","R","BOSS"],"build_version":"2019-01-23","purchased_purges":2,"victory":false,"max_hp_per_floor":[82,82,82,82,82,82,82,82,82,82,82,82,82,82,82,82,82,82,82,82,82,82,82,82,82,82,82,82,82,82,82,82,82,82,82,82,82,82,82,82,82,82,82,82,82,82,82,82,82,82],"card_choices":[{"not_picked":["Redo","Steam"],"picked":"Scrape","floor":1.0},{"not_picked":["Reprogram","Steam Power"],"picked":"BootSequence","floor":2.0},{"not_picked":["White Noise","Compile Driver"],"picked":"Go for the Eyes","floor":3.0},{"not_picked":["Streamline","Loop"],"picked":"Reboot","floor":8.0},{"not_picked":["Hello World","Self Repair","Barrage"],"picked":"SKIP","floor":10.0},{"not_picked":["Hologram","Force Field"],"picked":"Cold Snap","floor":12.0},{"not_picked":["Hologram","Static Discharge"],"picked":"Ball Lightning","floor":14.0},{"not_picked":["Multi-Cast","Machine Learning"],"picked":"Seek","floor":16.0},{"not_picked":["Rebound","Go for the Eyes"],"picked":"Hologram","floor":18.0},{"not_picked":["Conserve Battery","Leap"],"picked":"Defragment+1","floor":19.0},{"not_picked":["Go for the Eyes","Sweeping Beam"],"picked":"Coolheaded","floor":28.0},{"not_picked":["Turbo","Streamline+1"],"picked":"Defragment","floor":30.0},{"not_picked":["Meteor Strike","Hyperbeam"],"picked":"Seek","floor":33.0},{"not_picked":["Barrage","Lockon+1","Go for the Eyes+1"],"picked":"SKIP","floor":35.0},{"not_picked":["Rebound+1","Fusion"],"picked":"Blizzard+1","floor":36.0},{"not_picked":["Hologram","Self Repair"],"picked":"Sweeping Beam","floor":37.0},{"not_picked":["Heatsinks","Sunder"],"picked":"Coolheaded","floor":38.0},{"not_picked":["Heatsinks+1","Steam Power+1","Hologram"],"picked":"SKIP","floor":42.0},{"not_picked":["Thunder Strike","Recycle"],"picked":"Compile Driver+1","floor":47}],"player_experience":1287655,"relics_obtained":[],"event_choices":[{"damage_healed":0.0,"max_hp_gain":0.0,"max_hp_loss":0.0,"gold_gain":0.0,"event_name":"Shining Light","player_choice":"Entered Light","floor":5.0,"gold_loss":0.0,"damage_taken":16.0,"cards_upgraded":["BootSequence","Strike_B"]},{"damage_healed":0.0,"max_hp_gain":0.0,"max_hp_loss":0.0,"gold_gain":100.0,"event_name":"Wheel of Change","player_choice":"Gold","floor":7.0,"gold_loss":0.0,"damage_taken":0.0},{"damage_healed":0.0,"max_hp_gain":0.0,"max_hp_loss":0.0,"gold_gain":0.0,"event_name":"Back to Basics","player_choice":"Simplicity","floor":21.0,"gold_loss":0.0,"damage_taken":0.0,"cards_upgraded":["Strike_B","Strike_B","Defend_B","Defend_B","Defend_B","Defend_B"]},{"damage_healed":0.0,"max_hp_gain":0.0,"max_hp_loss":0.0,"gold_gain":0.0,"event_name":"Vampires","player_choice":"Ignored","floor":22.0,"gold_loss":0.0,"damage_taken":0.0},{"damage_healed":0.0,"max_hp_gain":0.0,"max_hp_loss":0.0,"gold_gain":0.0,"event_name":"Drug Dealer","player_choice":"Obtain J.A.X.","floor":24.0,"gold_loss":0.0,"damage_taken":0.0,"cards_obtained":["J.A.X."]},{"damage_healed":0.0,"max_hp_gain":0.0,"max_hp_loss":0.0,"gold_gain":250.0,"event_name":"The Joust","player_choice":"Bet on Owner","floor":31.0,"gold_loss":50.0,"damage_taken":0.0},{"damage_healed":0.0,"max_hp_gain":0.0,"max_hp_loss":0.0,"gold_gain":0.0,"event_name":"Winding Halls","player_choice":"Embrace Madness","floor":45.0,"gold_loss":0.0,"damage_taken":10.0,"cards_obtained":["Madness","Madness"]},{"damage_healed":0,"gold_gain":0,"player_choice":"Ignored","damage_taken":0,"max_hp_gain":0,"max_hp_loss":0,"event_name":"Mysterious Sphere","floor":48,"gold_loss":0}],"is_beta":true,"boss_relics":[{"not_picked":["Astrolabe","Snecko Eye","Calling Bell"]},{"not_picked":["Coffee Dripper","Orrery","Black Star"]}],"items_purged_floors":[4,27],"is_endless":false,"potions_floor_spawned":[2,10,14,16,30,33,35,37,42],"killed_by":"Donu and Deca","ascension_level":0}