{"gold_per_floor":[112,122,142,155,12,38,38,65,65,65,95,95,95,114,114,114],"floor_reached":16,"playtime":741,"items_purged":["Strike_R"],"score":138,"play_id":"160b094c-aec0-47b9-9ce4-85f6f10478ab","local_time":"20181206124246","is_ascension_mode":true,"campfire_choices":[{"floor":7,"key":"REST"},{"floor":10,"key":"REST"},{"data":"Hemokinesis","floor":12,"key":"SMITH"},{"floor":15,"key":"REST"}],"neow_cost":"NONE","seed_source_timestamp":46150230807197,"circlet_count":0,"master_deck":["Strike_R","Strike_R","Strike_R","Strike_R","Defend_R","Defend_R","Defend_R","Defend_R","Bash","Clothesline","Headbutt","Feed","True Grit","Metallicize","Corruption","Hemokinesis+1"],"relics":["Burning Blood","The Courier","Unceasing Top","Dodecahedron","Letter Opener","Golden Idol"],"potions_floor_usage":[4,14],"damage_taken":[{"damage":1,"enemies":"Cultist","floor":1,"turns":3},{"damage":6,"enemies":"2 Louse","floor":2,"turns":3},{"damage":3,"enemies":"Small Slimes","floor":3,"turns":3},{"damage":33,"enemies":"Exordium Thugs","floor":4,"turns":5},{"damage":47,"enemies":"3 Sentries","floor":6,"turns":11},{"damage":39,"enemies":"Gremlin Nob","floor":8,"turns":6},{"damage":30,"enemies":"Lagavulin","floor":11,"turns":9},{"damage":28,"enemies":"Lots of Slimes","floor":14,"turns":6},{"damage":52,"enemies":"Slime Boss","floor":16,"turns":5}],"seed_played":"-8536898302742587453","potions_obtained":[{"floor":3,"key":"SteroidPotion"},{"floor":8,"key":"Swift Potion"}],"is_trial":false,"path_per_floor":["M","M","M","M","$","E","R","E","T","R","E","R","?","M","R","B"],"character_chosen":"IRONCLAD","items_purchased":["Metallicize"],"campfire_rested":3,"item_purchase_floors":[5],"current_hp_per_floor":[88,88,88,64,64,26,54,24,24,53,32,32,32,10,37,0],"gold":114,"neow_bonus":"TEN_PERCENT_HP_BONUS","is_prod":false,"is_daily":false,"chose_seed":false,"campfire_upgraded":1,"win_rate":0,"timestamp":1544107366,"path_taken":["M","M","M","M","?","E","R","E","T","R","E","R","?","M","R","BOSS"],"build_version":"2018-11-15","purchased_purges":1,"victory":false,"max_hp_per_floor":[88,88,88,91,91,94,94,97,97,97,100,100,92,92,92,92],"card_choices":[{"not_picked":["Burning Pact","Perfected Strike"],"picked":"Clothesline","floor":1},{"not_picked":["Sword Boomerang","Thunderclap"],"picked":"Headbutt","floor":2},{"not_picked":["Perfected Strike","Shrug It Off"],"picked":"Feed","floor":3},{"not_picked":["Flex","Clothesline"],"picked":"True Grit","floor":4},{"not_picked":["Wild Strike","Thunderclap"],"picked":"Corruption","floor":6},{"not_picked":["Berserk","Second Wind"],"picked":"Hemokinesis","floor":8},{"not_picked":["Sever Soul","Headbutt","Thunderclap"],"picked":"SKIP","floor":11},{"not_picked":["Infernal Blade","Perfected Strike","Flex"],"picked":"SKIP","floor":14}],"player_experience":193000,"relics_obtained":[{"floor":6,"key":"The Courier"},{"floor":8,"key":"Unceasing Top"},{"floor":9,"key":"Dodecahedron"},{"floor":11,"key":"Letter Opener"}],"event_choices":[{"damage_healed":0,"gold_gain":0,"player_choice":"Lose Max HP","damage_taken":0,"relics_obtained":["Golden Idol"],"max_hp_gain":0,"max_hp_loss":8,"event_name":"Golden Idol","floor":13,"gold_loss":0}],"is_beta":false,"boss_relics":[],"items_purged_floors":[5],"is_endless":false,"potions_floor_spawned":[3,8],"killed_by":"Slime Boss","ascension_level":3}