{"gold_per_floor":[116,129,142,142,158,158,186,186,263,276,276,276,12,32,32,106,106,123,23,39,39,55,83,83,83],"floor_reached":25,"playtime":1159,"items_purged":["Strike_B"],"score":466,"play_id":"97ad33f9-ed72-40ee-b150-3f52b2355466","local_time":"20190101225218","is_ascension_mode":true,"campfire_choices":[{"data":"Defragment","floor":6,"key":"SMITH"},{"data":"Zap","floor":8,"key":"SMITH"},{"data":"Ball Lightning","floor":12,"key":"SMITH"},{"data":"Loop","floor":15,"key":"SMITH"},{"floor":24,"key":"REST"}],"neow_cost":"NONE","seed_source_timestamp":788056612951102,"circlet_count":0,"master_deck":["AscendersBane","Strike_B","Strike_B","Strike_B","Defend_B","Defend_B","Defend_B","Defend_B","Zap+1","Dualcast","Amplify","Defragment+1","White Noise","Glacier","Chill","Genetic Algorithm","Ball Lightning+1","Glacier","Loop+1","White Noise","Biased Cognition","Blizzard","Capacitor","Ball Lightning","Coolheaded+1","Conserve Battery"],"relics":["Cracked Core","Turnip","Mercury Hourglass","Runic Dome","Enchiridion","Pen Nib"],"potions_floor_usage":[7,11,16,16,25],"damage_taken":[{"damage":4,"enemies":"Jaw Worm","floor":1,"turns":4},{"damage":2,"enemies":"2 Louse","floor":2,"turns":2},{"damage":8,"enemies":"Small Slimes","floor":3,"turns":3},{"damage":2,"enemies":"2 Fungi Beasts","floor":5,"turns":3},{"damage":4,"enemies":"3 Sentries","floor":7,"turns":12},{"damage":1,"enemies":"Large Slime","floor":10,"turns":6},{"damage":0,"enemies":"Gremlin Nob","floor":11,"turns":3},{"damage":3,"enemies":"3 Louse","floor":14,"turns":2},{"damage":12,"enemies":"Slime Boss","floor":16,"turns":6},{"damage":2,"enemies":"Chosen","floor":18,"turns":7},{"damage":11,"enemies":"Shell Parasite","floor":20,"turns":5},{"damage":0,"enemies":"3 Cultists","floor":22,"turns":4},{"damage":12,"enemies":"Book of Stabbing","floor":23,"turns":5},{"damage":45,"enemies":"Gremlin Leader","floor":25,"turns":8}],"seed_played":"8729041362796919647","potions_obtained":[{"floor":1,"key":"SmokeBomb"},{"floor":5,"key":"FocusPotion"},{"floor":7,"key":"Fire Potion"},{"floor":23,"key":"Poison Potion"}],"is_trial":false,"path_per_floor":["M","M","M","?","M","R","E","R","T","M","E","R","$","M","R","B",null,"M","$","M","?","M","E","R","E"],"character_chosen":"DEFECT","items_purchased":["Glacier","Loop","Block Potion","Capacitor","Ball Lightning"],"campfire_rested":1,"item_purchase_floors":[13,13,13,19,19],"current_hp_per_floor":[60,58,50,71,69,69,65,65,65,64,64,64,64,61,61,49,66,64,64,53,32,32,20,41,0],"gold":83,"neow_bonus":"ONE_RANDOM_RARE_CARD","is_prod":false,"is_daily":false,"chose_seed":false,"campfire_upgraded":4,"win_rate":0,"timestamp":1546408338,"path_taken":["M","M","M","?","M","R","E","R","T","M","E","R","$","M","R","BOSS","M","$","M","?","M","E","R","E"],"build_version":"2019-01-01","purchased_purges":1,"victory":false,"max_hp_per_floor":[71,71,71,71,71,71,71,71,71,71,71,71,71,71,71,71,71,71,71,71,71,71,71,71,71],"card_choices":[{"not_picked":["Cold Snap","Sunder"],"picked":"Defragment","floor":1},{"not_picked":["Turbo","Conserve Battery"],"picked":"White Noise","floor":2},{"not_picked":["Chaos","Conserve Battery"],"picked":"Glacier","floor":3},{"not_picked":["Compile Driver","Sweeping Beam"],"picked":"Chill","floor":5},{"not_picked":["All For One","Rebound"],"picked":"Genetic Algorithm","floor":7},{"not_picked":["Hello World","Coolheaded"],"picked":"Ball Lightning","floor":10},{"not_picked":["Steam","Consume"],"picked":"White Noise","floor":14},{"not_picked":["Thunder Strike","Core Surge"],"picked":"Biased Cognition","floor":16},{"not_picked":["Conserve Battery","Doom and Gloom"],"picked":"Blizzard","floor":18},{"not_picked":["Rebound","Streamline","Sweeping Beam"],"picked":"SKIP","floor":20},{"not_picked":["Rebound","Static Discharge"],"picked":"Coolheaded+1","floor":22},{"not_picked":["Redo","Leap"],"picked":"Conserve Battery","floor":23}],"player_experience":1187295,"relics_obtained":[{"floor":7,"key":"Turnip"},{"floor":9,"key":"Mercury Hourglass"},{"floor":21,"key":"Enchiridion"},{"floor":23,"key":"Pen Nib"}],"event_choices":[{"damage_healed":23,"gold_gain":0,"player_choice":"Banana","damage_taken":0,"max_hp_gain":0,"max_hp_loss":0,"event_name":"Big Fish","floor":4,"gold_loss":0},{"damage_healed":0,"gold_gain":0,"player_choice":"Obtained Book","damage_taken":21,"max_hp_gain":0,"max_hp_loss":0,"event_name":"Cursed Tome","floor":21,"gold_loss":0}],"is_beta":true,"boss_relics":[{"not_picked":["FrozenCore","Empty Cage"],"picked":"Runic Dome"}],"items_purged_floors":[13],"is_endless":false,"potions_floor_spawned":[1,5,7,10,23],"killed_by":"Gremlin Leader","ascension_level":20}