{"gold_per_floor":[118,118,118,134,86,124,124,148,174,174,174],"floor_reached":11,"playtime":347,"items_purged":[],"score":99,"play_id":"e08ad7eb-f5fa-41b3-a470-6afea9382e3d","local_time":"20190211104250","is_ascension_mode":true,"campfire_choices":[{"floor":7.0,"key":"REST"},{"data":"Zap","floor":10.0,"key":"SMITH"}],"neow_cost":"NONE","seed_source_timestamp":994993704959261,"circlet_count":0,"master_deck":["Strike_B","Strike_B","Strike_B","Strike_B","Defend_B","Defend_B+1","Defend_B","Defend_B","Zap+1","Dualcast","Darkness+1","Sweeping Beam","Leap","Coolheaded","Coolheaded","BootSequence"],"special_seed":0,"relics":["Cracked Core","Smiling Mask","Golden Idol","Dream Catcher","Pen Nib"],"potions_floor_usage":[11,11],"damage_taken":[{"damage":12.0,"enemies":"Small Slimes","floor":1.0,"turns":4.0},{"damage":7.0,"enemies":"Jaw Worm","floor":4.0,"turns":3.0},{"damage":14.0,"enemies":"3 Sentries","floor":6.0,"turns":6.0},{"damage":0.0,"enemies":"Cultist","floor":8.0,"turns":3.0},{"damage":53,"enemies":"Gremlin Nob","floor":11,"turns":5}],"seed_played":"-1711541763727130269","potions_obtained":[{"floor":1.0,"key":"SkillPotion"},{"floor":4.0,"key":"Strength Potion"},{"floor":6.0,"key":"Swift Potion"}],"is_trial":false,"path_per_floor":["M","?","?","M","$","E","R","M","T","R","E"],"character_chosen":"DEFECT","items_purchased":["Leap"],"campfire_rested":1,"item_purchase_floors":[5],"current_hp_per_floor":[56,56,42,35,35,21,41,41,41,41,0],"gold":174,"neow_bonus":"RANDOM_COMMON_RELIC","is_prod":false,"is_daily":false,"chose_seed":false,"campfire_upgraded":1,"win_rate":0,"timestamp":1549888970,"path_taken":["M","?","?","M","?","E","R","M","T","R","E"],"build_version":"2019-01-23","purchased_purges":0,"victory":false,"max_hp_per_floor":[75,69,69,69,69,69,69,69,69,69,69],"card_choices":[{"not_picked":["Rip and Tear","Reinforced Body"],"picked":"Darkness","floor":1.0},{"not_picked":["Go for the Eyes","Barrage"],"picked":"Sweeping Beam","floor":4.0},{"not_picked":["Beam Cell","Undo"],"picked":"Coolheaded","floor":6.0},{"not_picked":["Sweeping Beam","Gash"],"picked":"Coolheaded","floor":7.0},{"not_picked":["Static Discharge","Coolheaded"],"picked":"BootSequence","floor":8.0}],"player_experience":303533,"relics_obtained":[{"floor":6.0,"key":"Dream Catcher"},{"floor":9.0,"key":"Pen Nib"}],"event_choices":[{"damage_healed":0.0,"max_hp_gain":0.0,"max_hp_loss":6.0,"gold_gain":0.0,"event_name":"Golden Idol","player_choice":"Lose Max HP","floor":2.0,"gold_loss":0.0,"damage_taken":0.0,"relics_obtained":["Golden Idol"]},{"damage_healed":0.0,"max_hp_gain":0.0,"max_hp_loss":0.0,"gold_gain":0.0,"event_name":"Shining Light","player_choice":"Entered Light","floor":3.0,"gold_loss":0.0,"damage_taken":14.0,"cards_upgraded":["Defend_B","Darkness"]}],"is_beta":false,"boss_relics":[],"items_purged_floors":[],"is_endless":false,"potions_floor_spawned":[1,4,6],"killed_by":"Gremlin Nob","ascension_level":8}