{"gold_per_floor":[119,119,137,150,18,18,28,57,57,87,87,102,102,117,117,191,191,204,122,132,144,144,144,159,159],"floor_reached":25,"playtime":1090,"items_purged":["Pain"],"score":419,"play_id":"95e75132-309f-4ff4-9935-75e14d9cf36d","local_time":"20181205221820","is_ascension_mode":true,"campfire_choices":[{"data":"True Grit","floor":6,"key":"SMITH"},{"data":"Perfected Strike","floor":15,"key":"SMITH"},{"data":"Demon Form","floor":23,"key":"SMITH"}],"neow_cost":"NONE","seed_source_timestamp":1914639281949765,"circlet_count":0,"master_deck":["AscendersBane","Strike_R","Strike_R","Strike_R","Strike_R","Defend_R","Defend_R","Defend_R","Defend_R","Bash","True Grit+1","Shockwave","Battle Trance","Shrug It Off","Pommel Strike","Perfected Strike+1","Disarm","Pommel Strike","Shrug It Off","Demon Form+1","Twin Strike"],"relics":["Burning Blood","Potion Belt","WarpedTongs","Dream Catcher","Incense Burner","Busted Crown","Pocketwatch"],"potions_floor_usage":[8,8,10,10,12],"damage_taken":[{"damage":6,"enemies":"Cultist","floor":1,"turns":3},{"damage":13,"enemies":"2 Louse","floor":3,"turns":3},{"damage":6,"enemies":"Jaw Worm","floor":4,"turns":4},{"damage":5,"enemies":"Blue Slaver","floor":7,"turns":5},{"damage":8,"enemies":"Gremlin Nob","floor":8,"turns":3},{"damage":30,"enemies":"Lagavulin","floor":10,"turns":8},{"damage":1,"enemies":"3 Louse","floor":12,"turns":3},{"damage":19,"enemies":"Lots of Slimes","floor":14,"turns":6},{"damage":4,"enemies":"Slime Boss","floor":16,"turns":9},{"damage":28,"enemies":"Shell Parasite","floor":18,"turns":4},{"damage":1,"enemies":"2 Thieves","floor":20,"turns":4},{"damage":13,"enemies":"Centurion and Healer","floor":21,"turns":6},{"damage":32,"enemies":"Sentry and Sphere","floor":24,"turns":7},{"damage":21,"enemies":"Gremlin Leader","floor":25,"turns":2}],"seed_played":"4414181783805373276","potions_obtained":[{"floor":3,"key":"Block Potion"},{"floor":4,"key":"Strength Potion"},{"floor":7,"key":"Fire Potion"},{"floor":8,"key":"Strength Potion"},{"floor":10,"key":"AttackPotion"},{"floor":24,"key":"Energy Potion"}],"is_trial":false,"path_per_floor":["M","?","M","M","$","R","M","E","T","E","?","M","?","M","R","B",null,"M","?","M","M","$","R","M","E"],"character_chosen":"IRONCLAD","items_purchased":["Shrug It Off"],"campfire_rested":0,"item_purchase_floors":[5],"current_hp_per_floor":[68,68,61,61,61,61,62,60,60,36,29,34,59,46,46,48,68,46,46,51,44,44,44,18,0],"gold":159,"neow_bonus":"RANDOM_COMMON_RELIC","is_prod":false,"is_daily":false,"chose_seed":false,"campfire_upgraded":3,"win_rate":0,"timestamp":1544073500,"path_taken":["M","?","M","M","$","R","?","E","T","E","?","M","?","M","R","BOSS","M","?","M","?","$","R","M","E"],"build_version":"2018-12-05","purchased_purges":1,"victory":false,"max_hp_per_floor":[75,75,75,75,75,75,75,75,75,75,75,75,75,75,75,75,75,75,75,75,75,75,75,75,75],"card_choices":[{"not_picked":["Dual Wield","Sentinel"],"picked":"True Grit","floor":1},{"not_picked":["Entrench","Shrug It Off"],"picked":"Shockwave","floor":3},{"not_picked":["Warcry","Rupture"],"picked":"Battle Trance","floor":4},{"not_picked":["Wild Strike","Armaments"],"picked":"Pommel Strike","floor":7},{"not_picked":["Body Slam","Flame Barrier"],"picked":"Perfected Strike","floor":8},{"not_picked":["Carnage","Sever Soul"],"picked":"Disarm","floor":10},{"not_picked":["Havoc","Evolve"],"picked":"Pommel Strike","floor":12},{"not_picked":["Pummel","Sword Boomerang"],"picked":"Shrug It Off","floor":14},{"not_picked":["Bludgeon","Berserk"],"picked":"Demon Form","floor":16},{"not_picked":[],"picked":"Twin Strike","floor":18},{"not_picked":["Dual Wield"],"picked":"SKIP","floor":20},{"not_picked":["Thunderclap"],"picked":"SKIP","floor":21},{"not_picked":["Clash"],"picked":"SKIP","floor":24}],"player_experience":1172065,"relics_obtained":[{"floor":8,"key":"Dream Catcher"},{"floor":10,"key":"Incense Burner"}],"event_choices":[{"damage_healed":0,"gold_gain":0,"player_choice":"Rummage","damage_taken":0,"relics_obtained":["WarpedTongs"],"max_hp_gain":0,"max_hp_loss":0,"event_name":"Accursed Blacksmith","floor":2,"gold_loss":0,"cards_obtained":["Pain"]},{"cards_removed":["Strike_R"],"damage_healed":0,"gold_gain":0,"player_choice":"Card Removal","damage_taken":7,"max_hp_gain":0,"max_hp_loss":0,"event_name":"Golden Wing","floor":11,"gold_loss":0},{"damage_healed":25,"gold_gain":0,"player_choice":"Banana","damage_taken":0,"max_hp_gain":0,"max_hp_loss":0,"event_name":"Big Fish","floor":13,"gold_loss":0},{"damage_healed":0,"gold_gain":0,"player_choice":"Paid Gold","damage_taken":0,"relics_obtained":["Pocketwatch"],"max_hp_gain":0,"max_hp_loss":0,"event_name":"WeMeetAgain","floor":19,"gold_loss":82}],"is_beta":true,"boss_relics":[{"not_picked":["Orrery","White Beast Statue"],"picked":"Busted Crown"}],"items_purged_floors":[5],"is_endless":false,"potions_floor_spawned":[3,4,7,8,10,24],"killed_by":"Gremlin Leader","ascension_level":19}