{"gold_per_floor":[115,129,139,139,149,149,149,180,180,180,230,256,269,281,281,281],"floor_reached":16,"playtime":759,"items_purged":[],"score":213,"play_id":"7b61ca40-faef-4176-a68e-aac88ddf5e56","local_time":"20181226230008","is_ascension_mode":true,"campfire_choices":[{"data":"Neutralize","floor":6,"key":"SMITH"},{"data":"Poisoned Stab","floor":10,"key":"SMITH"},{"data":"Noxious Fumes","floor":15,"key":"SMITH"}],"neow_cost":"NONE","seed_source_timestamp":270525329652549,"circlet_count":0,"master_deck":["AscendersBane","Defend_G","Defend_G","Defend_G","Defend_G","Defend_G","Strike_G","Strike_G","Strike_G","Strike_G","Strike_G","Survivor","Neutralize+1","Riddle With Holes","Poisoned Stab+1","Well Laid Plans","Crippling Poison","Poisoned Stab","Noxious Fumes+1"],"relics":["Ring of the Snake","Vajra","Question Card","Darkstone Periapt","Kunai","Art of War","Paper Crane"],"potions_floor_usage":[12,14,14],"damage_taken":[{"damage":9,"enemies":"Small Slimes","floor":1,"turns":5},{"damage":0,"enemies":"Jaw Worm","floor":2,"turns":6},{"damage":0,"enemies":"Cultist","floor":3,"turns":4},{"damage":3,"enemies":"Blue Slaver","floor":5,"turns":3},{"damage":23,"enemies":"Lagavulin","floor":8,"turns":7},{"damage":34,"enemies":"3 Sentries","floor":12,"turns":11},{"damage":0,"enemies":"2 Fungi Beasts","floor":13,"turns":3},{"damage":0,"enemies":"Large Slime","floor":14,"turns":5},{"damage":13,"enemies":"Slime Boss","floor":16,"turns":6}],"seed_played":"6514170769834633729","potions_obtained":[{"floor":5,"key":"GamblersBrew"},{"floor":8,"key":"FearPotion"},{"floor":13,"key":"Regen Potion"}],"is_trial":false,"path_per_floor":["M","M","M","?","M","R","?","E","T","R","T","E","M","M","R","B"],"character_chosen":"THE_SILENT","items_purchased":[],"campfire_rested":0,"item_purchase_floors":[],"current_hp_per_floor":[50,50,50,66,63,63,58,35,35,35,35,1,1,15,15,2],"gold":281,"neow_bonus":"RANDOM_COMMON_RELIC","is_prod":false,"is_daily":false,"chose_seed":false,"campfire_upgraded":3,"win_rate":0,"timestamp":1545890408,"path_taken":["M","M","M","?","M","R","?","E","T","R","?","E","M","M","R","BOSS"],"build_version":"2018-12-25","purchased_purges":0,"victory":false,"max_hp_per_floor":[66,66,66,66,66,66,66,66,66,66,66,66,66,66,66,66],"card_choices":[{"not_picked":["Deflect","Deadly Poison","Underhanded Strike"],"picked":"SKIP","floor":1},{"not_picked":["Quick Slash","Escape Plan"],"picked":"Riddle With Holes","floor":2},{"not_picked":["Distraction","Doppelganger"],"picked":"Poisoned Stab","floor":3},{"not_picked":["Acrobatics","Skewer"],"picked":"Well Laid Plans","floor":5},{"not_picked":["Deflect","Expertise","Reflex","Acrobatics"],"picked":"SKIP","floor":8},{"not_picked":["Masterful Stab","Deflect","Predator"],"picked":"Crippling Poison","floor":12},{"not_picked":["Blur","Calculated Gamble","Finisher"],"picked":"Poisoned Stab","floor":13},{"not_picked":["Heel Hook","Calculated Gamble","Underhanded Strike"],"picked":"Noxious Fumes","floor":14}],"player_experience":1176571,"relics_obtained":[{"floor":8,"key":"Darkstone Periapt"},{"floor":9,"key":"Kunai"},{"floor":11,"key":"Art of War"},{"floor":12,"key":"Paper Crane"}],"event_choices":[{"damage_healed":22,"gold_gain":0,"player_choice":"Banana","damage_taken":0,"max_hp_gain":0,"max_hp_loss":0,"event_name":"Big Fish","floor":4,"gold_loss":0},{"damage_healed":0,"gold_gain":0,"player_choice":"Success","damage_taken":5,"relics_obtained":["Question Card"],"max_hp_gain":0,"max_hp_loss":0,"event_name":"Scrap Ooze","floor":7,"gold_loss":0}],"is_beta":true,"boss_relics":[],"items_purged_floors":[],"is_endless":false,"potions_floor_spawned":[5,8,13],"killed_by":"Slime Boss","ascension_level":18}