{"gold_per_floor":[212,212,212,227,237,272,18,33,33,33,68,68,100,111,111,184,184,199,7,7,7,7,7,36,50,73,104,116,144,182,207,219,308,320,349,372,237,217,232,232,244,277,277,84,84,84,84,0,0,0],"floor_reached":51,"playtime":2427,"items_purged":["Strike_G","Strike_G","Strike_G+1","Strike_G+1","Strike_G+1"],"score":1439,"play_id":"71d0d21a-aadc-466d-aa18-b1e4d02b8a70","local_time":"20180821111524","is_ascension_mode":true,"campfire_choices":[{"floor":10,"key":"REST"},{"data":"Cloak And Dagger","floor":12,"key":"SMITH"},{"data":"Cloak And Dagger","floor":15,"key":"SMITH"},{"floor":23,"key":"REST"},{"data":"Cloak And Dagger","floor":28,"key":"SMITH"},{"floor":32,"key":"REST"},{"data":"Blade Dance","floor":40,"key":"SMITH"},{"floor":47,"key":"REST"},{"floor":49,"key":"REST"}],"neow_cost":"NONE","seed_source_timestamp":559606160319579,"circlet_count":0,"master_deck":["Defend_G+1","Defend_G+1","Defend_G+1","Defend_G+1","Defend_G+1","Survivor","Neutralize+1","AscendersBane","Riddle With Holes","Crippling Poison","Poisoned Stab","Well Laid Plans+1","Cloak And Dagger+1","Blur","Glass Knife","Cloak And Dagger+1","Burst","Endless Agony","Slice","Accuracy+1","Cloak And Dagger+1","Infinite Blades+1","Adrenaline","Blade Dance+1","PiercingWail","Leg Sweep","Swift Strike","Infinite Blades+1","Backstab","Cloak And Dagger+1","Adrenaline","Finesse","Footwork+1"],"relics":["Ring of the Snake","Frozen Egg 2","Happy Flower","Bottled Lightning","Shuriken","The Courier","WristBlade","Smiling Mask","MawBank","Darkstone Periapt","Orrery","Oddly Smooth Stone","Ninja Scroll"],"potions_floor_usage":[13,16,24,30,31,31,35,42],"damage_taken":[{"damage":0,"enemies":"Jaw Worm","floor":1,"turns":4},{"damage":0,"enemies":"2 Louse","floor":4,"turns":2},{"damage":0,"enemies":"Cultist","floor":5,"turns":4},{"damage":12,"enemies":"3 Sentries","floor":6,"turns":12},{"damage":9,"enemies":"Lots of Slimes","floor":8,"turns":4},{"damage":7,"enemies":"Lagavulin","floor":11,"turns":8},{"damage":0,"enemies":"3 Sentries","floor":13,"turns":11},{"damage":0,"enemies":"Red Slaver","floor":14,"turns":2},{"damage":0,"enemies":"The Guardian","floor":16,"turns":11},{"damage":0,"enemies":"Spheric Guardian","floor":18,"turns":4},{"damage":3,"enemies":"Gremlin Leader","floor":24,"turns":7},{"damage":0,"enemies":"Chosen","floor":25,"turns":4},{"damage":15,"enemies":"Snecko","floor":27,"turns":5},{"damage":2,"enemies":"Snake Plant","floor":29,"turns":4},{"damage":17,"enemies":"Book of Stabbing","floor":30,"turns":5},{"damage":20,"enemies":"Shelled Parasite and Fungi","floor":31,"turns":5},{"damage":9,"enemies":"Champ","floor":33,"turns":12},{"damage":10,"enemies":"3 Darklings","floor":35,"turns":4},{"damage":0,"enemies":"Orb Walker","floor":36,"turns":3},{"damage":8,"enemies":"4 Shapes","floor":39,"turns":4},{"damage":12,"enemies":"Flame Bruiser 2 Orb","floor":41,"turns":6},{"damage":23,"enemies":"2 Orb Walkers","floor":42,"turns":4},{"damage":25,"enemies":"Donu and Deca","floor":50,"turns":6}],"seed_played":"2714366716613240000","potions_obtained":[{"floor":1,"key":"Ancient Potion"},{"floor":11,"key":"SkillPotion"},{"floor":13,"key":"Swift Potion"},{"floor":14,"key":"GamblersBrew"},{"floor":16,"key":"Swift Potion"},{"floor":18,"key":"LiquidBronze"},{"floor":29,"key":"FearPotion"},{"floor":30,"key":"Regen Potion"},{"floor":33,"key":"Explosive Potion"},{"floor":36,"key":"Weak Potion"},{"floor":38,"key":"FairyPotion"},{"floor":42,"key":"FairyPotion"}],"is_trial":false,"path_per_floor":["M","?","?","M","M","E","$","M","T","R","E","R","E","M","R","B",null,"M","$","?","$","?","R","E","M","T","M","R","M","E","M","R","B",null,"M","M","$","?","M","R","M","E","T","$","?","?","R","$","R","B"],"character_chosen":"THE_SILENT","items_purchased":["Happy Flower","Slice","Accuracy+1","Swift Strike","Adrenaline","Footwork+1"],"campfire_rested":5,"item_purchase_floors":[7,19,19,37,44,48],"current_hp_per_floor":[59,39,39,39,39,27,27,18,18,37,30,30,30,30,30,30,57,57,57,57,57,39,60,57,57,57,42,42,40,23,15,36,27,60,50,50,50,50,42,42,30,7,7,7,7,7,28,28,49,24],"gold":0,"neow_bonus":"HUNDRED_GOLD","is_prod":false,"is_daily":false,"chose_seed":false,"campfire_upgraded":4,"win_rate":0,"timestamp":1534871724,"path_taken":["M","?","?","?","M","E","$","M","T","R","E","R","E","M","R","BOSS","M","$","?","$","?","R","E","?","T","M","R","M","E","M","R","BOSS","M","M","$","?","M","R","M","E","T","$","?","?","R","?","R","BOSS"],"build_version":"2018-08-20","purchased_purges":5,"victory":true,"max_hp_per_floor":[66,66,66,66,66,66,66,66,66,66,66,66,66,66,66,66,66,66,66,66,66,71,71,71,71,71,71,71,71,71,71,71,71,71,71,71,71,71,71,71,71,71,71,71,71,71,71,71,71,71],"card_choices":[{"not_picked":["Masterful Stab","Sucker Punch"],"picked":"Riddle With Holes","floor":1},{"not_picked":["Dodge and Roll","Dagger Throw"],"picked":"Crippling Poison","floor":4},{"not_picked":["Concentrate","Backstab"],"picked":"Poisoned Stab","floor":5},{"not_picked":["Bouncing Flask","Predator"],"picked":"Well Laid Plans","floor":6},{"not_picked":["Quick Slash","Backflip"],"picked":"Cloak And Dagger","floor":8},{"not_picked":["Sucker Punch","Prepared"],"picked":"Blur","floor":11},{"not_picked":["PiercingWail","Blur"],"picked":"Glass Knife","floor":13},{"not_picked":["Well Laid Plans+1","PiercingWail"],"picked":"Cloak And Dagger","floor":14},{"not_picked":["Wraith Form v2+1","Glass Knife"],"picked":"Burst","floor":16},{"not_picked":["Accuracy+1","Bane"],"picked":"Endless Agony","floor":18},{"not_picked":["Eviscerate","Escape Plan","Poisoned Stab"],"picked":"SKIP","floor":24},{"not_picked":["Dagger Throw","Dagger Spray"],"picked":"Cloak And Dagger","floor":25},{"not_picked":["Sucker Punch","Quick Slash"],"picked":"Infinite Blades+1","floor":27},{"not_picked":["Bane","Expertise","Riddle With Holes"],"picked":"SKIP","floor":29},{"not_picked":["All Out Attack","Setup","Outmaneuver"],"picked":"SKIP","floor":30},{"not_picked":["Flying Knee+1","Bullet Time","Sucker Punch"],"picked":"SKIP","floor":31},{"not_picked":["Tools of the Trade+1","Unload"],"picked":"Adrenaline","floor":33},{"not_picked":["Backflip","Tactician"],"picked":"Blade Dance","floor":34},{"not_picked":["Acrobatics","Skewer"],"picked":"PiercingWail","floor":34},{"not_picked":["Distraction","Sucker Punch"],"picked":"Leg Sweep","floor":34},{"not_picked":["Expertise+1","PiercingWail","Outmaneuver"],"picked":"SKIP","floor":35},{"not_picked":["Crippling Poison","Acrobatics","Quick Slash+1"],"picked":"SKIP","floor":36},{"not_picked":["Cloak And Dagger","Prepared+1"],"picked":"Infinite Blades+1","floor":39},{"not_picked":["Bouncing Flask","Prepared"],"picked":"Backstab","floor":41},{"not_picked":["Malaise","Heel Hook"],"picked":"Cloak And Dagger+1","floor":42},{"not_picked":["Discovery","Jack Of All Trades"],"picked":"Finesse","floor":45}],"player_experience":985861,"relics_obtained":[{"floor":6,"key":"Frozen Egg 2"},{"floor":9,"key":"Bottled Lightning"},{"floor":11,"key":"Shuriken"},{"floor":13,"key":"The Courier"},{"floor":24,"key":"Smiling Mask"},{"floor":26,"key":"MawBank"},{"floor":30,"key":"Darkstone Periapt"},{"floor":42,"key":"Oddly Smooth Stone"},{"floor":43,"key":"Ninja Scroll"}],"event_choices":[{"event_name":"Shining Light","player_choice":"Entered Light","floor":2,"damage_taken":0},{"event_name":"Upgrade Shrine","player_choice":"Upgraded","floor":3,"damage_taken":0},{"event_name":"Back to Basics","player_choice":"Simplicity","floor":20,"damage_taken":0},{"event_name":"Forgotten Altar","player_choice":"Shed Blood","floor":22,"damage_taken":0},{"event_name":"The Woman in Blue","player_choice":"Bought 1 Potion","floor":38,"damage_taken":0},{"event_name":"SensoryStone","player_choice":"Memory 1","floor":45,"damage_taken":0},{"event_name":"Mysterious Sphere","player_choice":"Ignore","floor":46,"damage_taken":0}],"is_beta":true,"boss_relics":[{"not_picked":["Lizard Tail","HoveringKite"],"picked":"WristBlade"},{"not_picked":["Coffee Dripper","Calling Bell"],"picked":"Orrery"}],"items_purged_floors":[7,19,37,44,48],"is_endless":false,"potions_floor_spawned":[1,11,13,14,16,18,29,30,33,36,42],"ascension_level":16}