{"gold_per_floor":[109,34,34,34,53,53,80,80,103,128,128,148,148,160,160,232,232,252,55,71,71,82,82,82,82,105,105,105,137,156,20,20,98,98,117,117,131,36,50,79,79,110,134,134,168,19,19,30,30,30],"floor_reached":51,"playtime":2532,"items_purged":["Strike_G","Strike_G"],"score":1403,"play_id":"af7ffe22-31c6-4476-8efc-1bb5cc1ddebf","local_time":"20180715154818","is_ascension_mode":true,"campfire_choices":[{"data":"Glass Knife","floor":6,"key":"SMITH"},{"data":"Sucker Punch","floor":8,"key":"SMITH"},{"data":"Cloak And Dagger","floor":13,"key":"SMITH"},{"data":"Cloak And Dagger","floor":15,"key":"SMITH"},{"data":"Well Laid Plans","floor":23,"key":"SMITH"},{"data":"Endless Agony","floor":25,"key":"SMITH"},{"data":"Neutralize","floor":27,"key":"SMITH"},{"data":"Caltrops","floor":32,"key":"SMITH"},{"floor":41,"key":"REST"},{"floor":44,"key":"REST"},{"floor":49,"key":"REST"}],"neow_cost":"","seed_source_timestamp":402623950423023,"circlet_count":0,"master_deck":["Defend_G","Defend_G","Defend_G","Defend_G","Defend_G","Strike_G+1","Strike_G+1","Survivor","Neutralize+1","AscendersBane","Cloak And Dagger+1","Glass Knife+1","Dash","Sucker Punch+1","Riddle With Holes","Backflip","Cloak And Dagger+1","Adrenaline","Quick Slash","Well Laid Plans+1","Deflect","Flying Knee","Endless Agony+1","Caltrops+1","PiercingWail","Envenom","After Image","Sucker Punch+1","Terror","Caltrops","Acrobatics","Glass Knife","Footwork","Caltrops","Backstab+1","Burst","Cloak And Dagger","Accuracy","Accuracy+1","Burst"],"relics":["Ring of the Serpent","Bag of Marbles","Bag of Preparation","Whetstone","Mercury Hourglass","Anchor","Question Card","Fusion Hammer","Letter Opener","Orichalcum","Dream Catcher","Gremlin Horn","Meat on the Bone"],"potions_floor_usage":[10,16,16,33,33,50,50],"damage_taken":[{"damage":0,"enemies":"Small Slimes","floor":1,"turns":5},{"damage":0,"enemies":"Cultist","floor":5,"turns":4},{"damage":17,"enemies":"Gremlin Nob","floor":7,"turns":5},{"damage":0,"enemies":"3 Sentries","floor":10,"turns":6},{"damage":0,"enemies":"2 Louse","floor":12,"turns":1},{"damage":0,"enemies":"2 Fungi Beasts","floor":14,"turns":2},{"damage":1,"enemies":"Hexaghost","floor":16,"turns":9},{"damage":0,"enemies":"Chosen","floor":18,"turns":4},{"damage":0,"enemies":"Shell Parasite","floor":20,"turns":3},{"damage":8,"enemies":"Snecko","floor":22,"turns":4},{"damage":0,"enemies":"Gremlin Leader","floor":29,"turns":7},{"damage":0,"enemies":"Chosen and Byrds","floor":30,"turns":4},{"damage":40,"enemies":"Collector","floor":33,"turns":10},{"damage":0,"enemies":"3 Shapes","floor":35,"turns":3},{"damage":6,"enemies":"3 Darklings","floor":37,"turns":5},{"damage":7,"enemies":"Transient","floor":39,"turns":5},{"damage":28,"enemies":"Giant Head","floor":40,"turns":8},{"damage":23,"enemies":"2 Orb Walkers","floor":42,"turns":5},{"damage":12,"enemies":"Nemesis","floor":45,"turns":7},{"damage":16,"enemies":"Sphere and 2 Shapes","floor":48,"turns":4},{"damage":27,"enemies":"Donu and Deca","floor":50,"turns":10}],"seed_played":"-2910405902219617903","potions_obtained":[{"floor":7,"key":"Explosive Potion"},{"floor":10,"key":"Strength Potion"},{"floor":14,"key":"Energy Potion"},{"floor":29,"key":"AttackPotion"},{"floor":30,"key":"PowerPotion"},{"floor":37,"key":"Ancient Potion"},{"floor":45,"key":"Strength Potion"},{"floor":48,"key":"Dexterity Potion"}],"is_trial":false,"path_per_floor":["M","$","?","?","M","R","E","R","T","E","?","M","R","M","R","B",null,"M","$","M","?","M","R","?","R","T","R","?","E","M","$","R","B",null,"M","?","M","$","M","E","R","E","T","R","E","$","T","M","R","B"],"character_chosen":"THE_SILENT","items_purchased":["Well Laid Plans","Deflect","Envenom","Caltrops","Acrobatics","Dexterity Potion","Cloak And Dagger","Accuracy"],"campfire_rested":3,"item_purchase_floors":[19,19,31,38,38,46,46,46],"current_hp_per_floor":[59,59,64,64,64,64,47,47,47,47,36,36,36,36,36,35,62,62,62,62,62,54,54,54,54,54,54,68,68,68,68,68,28,60,60,60,54,54,47,19,40,17,17,38,26,26,26,22,43,28],"gold":30,"neow_bonus":"","is_prod":false,"is_daily":false,"chose_seed":false,"campfire_upgraded":8,"win_rate":0,"timestamp":1531691298,"path_taken":["M","$","?","?","M","R","E","R","T","E","?","M","R","M","R","BOSS","M","$","M","?","M","R","?","R","T","R","?","E","M","$","R","BOSS","M","?","M","$","M","E","R","E","T","R","E","$","?","M","R","BOSS"],"build_version":"2018-07-13","purchased_purges":2,"victory":true,"max_hp_per_floor":[66,66,71,71,71,71,71,71,71,71,71,71,71,71,71,71,71,71,71,71,71,71,71,71,71,71,71,71,71,71,71,71,71,71,71,71,71,71,71,71,71,71,71,71,71,71,71,71,71,71],"card_choices":[{"not_picked":["Acrobatics","Riddle With Holes"],"picked":"Cloak And Dagger","floor":1},{"not_picked":["Prepared","Expertise"],"picked":"Dash","floor":5},{"not_picked":["Underhanded Strike","Choke"],"picked":"Sucker Punch","floor":7},{"not_picked":["Outmaneuver","Corpse Explosion"],"picked":"Riddle With Holes","floor":10},{"not_picked":["Bane","Distraction"],"picked":"Backflip","floor":12},{"not_picked":["Deadly Poison","Acrobatics"],"picked":"Cloak And Dagger","floor":14},{"not_picked":["Unload","Venomology"],"picked":"Adrenaline","floor":16},{"not_picked":["Poisoned Stab","Acrobatics"],"picked":"Quick Slash","floor":18},{"not_picked":["PiercingWail","Dodge and Roll"],"picked":"Flying Knee","floor":20},{"not_picked":["Backflip","Deflect"],"picked":"Endless Agony","floor":22},{"not_picked":["Quick Slash","Predator"],"picked":"Caltrops","floor":29},{"not_picked":["Leg Sweep","Deflect","Concentrate"],"picked":"PiercingWail","floor":30},{"not_picked":["Doppelganger","Grand Finale","A Thousand Cuts"],"picked":"After Image","floor":33},{"not_picked":["Deadly Poison","Quick Slash","Underhanded Strike+1"],"picked":"Sucker Punch+1","floor":35},{"not_picked":["Bane","Dagger Throw","Outmaneuver"],"picked":"Terror","floor":37},{"not_picked":["Outmaneuver","Acrobatics","Well Laid Plans"],"picked":"Glass Knife","floor":39},{"not_picked":["Deflect+1","Accuracy","Prepared"],"picked":"Footwork","floor":40},{"not_picked":["Slice","Flying Knee+1","Setup"],"picked":"Caltrops","floor":42},{"not_picked":["Dagger Spray+1","Storm of Steel","Slice"],"picked":"Backstab+1","floor":44},{"not_picked":["Well Laid Plans","Deflect","Eviscerate"],"picked":"Burst","floor":45},{"not_picked":["Acrobatics+1","Flechettes","Terror"],"picked":"Accuracy+1","floor":48},{"not_picked":["Dagger Throw","Flechettes+1","Deadly Poison"],"picked":"Burst","floor":49}],"player_experience":776832,"relics_obtained":[{"floor":7,"key":"Bag of Marbles"},{"floor":9,"key":"Bag of Preparation"},{"floor":10,"key":"Whetstone"},{"floor":26,"key":"Anchor"},{"floor":29,"key":"Question Card"},{"floor":40,"key":"Letter Opener"},{"floor":42,"key":"Orichalcum"},{"floor":43,"key":"Dream Catcher"},{"floor":45,"key":"Gremlin Horn"},{"floor":47,"key":"Meat on the Bone"}],"event_choices":[{"event_name":"Big Fish","player_choice":"Donut","floor":3,"damage_taken":0},{"event_name":"Transmorgrifier","player_choice":"Transform","floor":4,"damage_taken":0},{"event_name":"Scrap Ooze","player_choice":"success","floor":11,"damage_taken":11},{"event_name":"The Mausoleum","player_choice":"No","floor":21,"damage_taken":0},{"event_name":"Ghosts","player_choice":"Ignored","floor":24,"damage_taken":0},{"event_name":"The Library","player_choice":"Heal","floor":28,"damage_taken":0},{"event_name":"Tomb of Lord Red Mask","player_choice":"Ignored","floor":36,"damage_taken":0}],"boss_relics":[{"not_picked":["Busted Crown","Eternal Feather"],"picked":"Ring of the Serpent"},{"not_picked":["Calling Bell","Orrery"],"picked":"Fusion Hammer"}],"items_purged_floors":[2,19],"is_endless":false,"potions_floor_spawned":[7,10,14,29,30,37,45,48],"ascension_level":15}