{"gold_per_floor":[117,134,144,154,170,204,204,204,204,231,246,246,259,275,275,376,376,389,304,315,315,103,103,135,135,135,164,175,175],"floor_reached":29,"playtime":1392,"items_purged":["Strike_G"],"score":291,"play_id":"cfc0e49b-497f-4dc4-9f6f-d5e27d740052","local_time":"20181119091401","is_ascension_mode":true,"campfire_choices":[{"floor":7,"key":"RECALL"},{"floor":8,"key":"REST"},{"data":"Noxious Fumes","floor":15,"key":"SMITH"},{"data":"Glass Knife","floor":23,"key":"SMITH"}],"neow_cost":"TEN_PERCENT_HP_LOSS","seed_source_timestamp":1662245007774,"circlet_count":0,"master_deck":["Defend_G","Defend_G","Defend_G","Defend_G","Defend_G+1","Strike_G","Strike_G","Strike_G","Survivor","Neutralize","Blur","Noxious Fumes+1","Cloak And Dagger","Deadly Poison","Dagger Throw","Backstab","Dagger Spray","Escape Plan","After Image","Backflip+1","Tactician+1","Glass Knife+1","Dagger Throw"],"relics":["Ring of the Snake","Ginger","WingedGreaves","Bag of Marbles","Philosopher\u0027s Stone","Shovel","Ancient Tea Set","MutagenicStrength","War Paint","Tough Bandages"],"potions_floor_usage":[16,24,27,27,29],"damage_taken":[{"damage":1,"enemies":"Cultist","floor":1,"turns":4},{"damage":2,"enemies":"Jaw Worm","floor":2,"turns":5},{"damage":0,"enemies":"Small Slimes","floor":3,"turns":4},{"damage":11,"enemies":"Exordium Wildlife","floor":4,"turns":7},{"damage":0,"enemies":"Looter","floor":5,"turns":4},{"damage":21,"enemies":"Lagavulin","floor":6,"turns":9},{"damage":17,"enemies":"3 Sentries","floor":10,"turns":8},{"damage":1,"enemies":"2 Fungi Beasts","floor":11,"turns":3},{"damage":0,"enemies":"Red Slaver","floor":13,"turns":4},{"damage":0,"enemies":"Looter","floor":14,"turns":2},{"damage":14,"enemies":"Hexaghost","floor":16,"turns":10},{"damage":6,"enemies":"Shell Parasite","floor":18,"turns":6},{"damage":4,"enemies":"Spheric Guardian","floor":20,"turns":5},{"damage":14,"enemies":"Book of Stabbing","floor":24,"turns":6},{"damage":23,"enemies":"Slavers","floor":27,"turns":5},{"damage":13,"enemies":"Snake Plant","floor":28,"turns":3},{"damage":6,"enemies":"Sentry and Sphere","floor":29,"turns":3}],"seed_played":"9022579115119320502","potions_obtained":[{"floor":1,"key":"Weak Potion"},{"floor":4,"key":"Regen Potion"},{"floor":5,"key":"Swift Potion"},{"floor":11,"key":"GhostInAJar"},{"floor":18,"key":"Energy Potion"},{"floor":20,"key":"SpeedPotion"},{"floor":28,"key":"AttackPotion"}],"is_trial":false,"path_per_floor":["M","M","M","M","M","E","R","R","T","E","M","?","M","M","R","B",null,"M","?","M","?","$","R","E","?","T","E","M","M"],"character_chosen":"THE_SILENT","items_purchased":["Glass Knife"],"campfire_rested":1,"item_purchase_floors":[22],"current_hp_per_floor":[62,60,60,49,49,28,28,46,46,29,28,28,28,28,28,29,63,57,57,53,53,53,53,39,39,39,16,3,0],"gold":175,"neow_bonus":"ONE_RARE_RELIC","is_prod":false,"is_daily":false,"chose_seed":false,"campfire_upgraded":2,"win_rate":0,"timestamp":1542626041,"path_taken":["M","?","M","M","M","E","R","R","T","E","M","?","M","?","R","BOSS","M","?","M","?","$","R","E","?","T","E","M","M"],"build_version":"2018-11-15","purchased_purges":1,"victory":false,"max_hp_per_floor":[63,63,63,63,63,63,63,63,63,63,63,63,63,63,63,63,63,63,63,63,63,63,63,63,63,63,63,63,63],"card_choices":[{"not_picked":["Slice","Deflect"],"picked":"Blur","floor":1},{"not_picked":["Bane","Dodge and Roll"],"picked":"Noxious Fumes","floor":2},{"not_picked":["Terror","Reflex"],"picked":"Cloak And Dagger","floor":3},{"not_picked":["PiercingWail","Predator"],"picked":"Deadly Poison","floor":4},{"not_picked":["Flying Knee","Blade Dance","Expertise"],"picked":"SKIP","floor":5},{"not_picked":["Terror","Flying Knee"],"picked":"Dagger Throw","floor":6},{"not_picked":["Underhanded Strike","Choke"],"picked":"Backstab","floor":10},{"not_picked":["Masterful Stab","Infinite Blades","Concentrate"],"picked":"SKIP","floor":11},{"not_picked":["Bane","Backflip"],"picked":"Dagger Spray","floor":13},{"not_picked":["Storm of Steel","Crippling Poison"],"picked":"Escape Plan","floor":14},{"not_picked":["Burst","Die Die Die"],"picked":"After Image","floor":16},{"not_picked":["Blade Dance+1","Underhanded Strike"],"picked":"Backflip+1","floor":18},{"not_picked":["Poisoned Stab+1","Deflect"],"picked":"Tactician","floor":20},{"not_picked":["Expertise","Deflect"],"picked":"Dagger Throw","floor":24},{"not_picked":["Flying Knee","PiercingWail","Quick Slash"],"picked":"SKIP","floor":27},{"not_picked":["Prepared","Wraith Form v2","Setup"],"picked":"SKIP","floor":28}],"player_experience":137845,"relics_obtained":[{"floor":6,"key":"WingedGreaves"},{"floor":10,"key":"Bag of Marbles"},{"floor":24,"key":"Ancient Tea Set"},{"floor":26,"key":"War Paint"},{"floor":27,"key":"Tough Bandages"}],"event_choices":[{"cards_removed":["Strike_G"],"damage_healed":0,"gold_gain":0,"player_choice":"Offered Basic","damage_taken":0,"max_hp_gain":0,"max_hp_loss":0,"event_name":"Bonfire Elementals","floor":12,"gold_loss":0},{"damage_healed":0,"gold_gain":0,"player_choice":"Obtained Relic","damage_taken":0,"relics_obtained":["Shovel"],"max_hp_gain":0,"max_hp_loss":0,"event_name":"Addict","floor":19,"gold_loss":85},{"damage_healed":0,"gold_gain":0,"player_choice":"Ignored","damage_taken":0,"max_hp_gain":0,"max_hp_loss":0,"event_name":"Ghosts","floor":21,"gold_loss":0},{"damage_healed":0,"gold_gain":0,"player_choice":"Inject Mutagens","damage_taken":0,"relics_obtained":["MutagenicStrength"],"max_hp_gain":0,"max_hp_loss":0,"event_name":"Drug Dealer","floor":25,"gold_loss":0}],"is_beta":false,"boss_relics":[{"not_picked":["Empty Cage","Orrery"],"picked":"Philosopher\u0027s Stone"}],"items_purged_floors":[22],"is_endless":false,"potions_floor_spawned":[1,4,5,6,11,18,20,28],"killed_by":"Sentry and Sphere","ascension_level":1}