{"gold_per_floor":[169,94,110,121,196,196,231,231,255,255,255,255,22,63,63,188,188,208,2,2,2,23,23,58,78,78,78],"floor_reached":27,"playtime":1206,"items_purged":["Strike_B","Defend_B","Defend_B"],"score":328,"play_id":"55cca54f-b596-4f94-a9b3-5ed249d0b376","local_time":"20190203192407","is_ascension_mode":true,"campfire_choices":[{"data":"Redo","floor":6,"key":"SMITH"},{"data":"Darkness","floor":8,"key":"SMITH"},{"floor":10,"key":"REST"},{"data":"Loop","floor":12,"key":"SMITH"},{"data":"Redo","floor":15,"key":"SMITH"},{"data":"Dualcast","floor":23,"key":"SMITH"}],"neow_cost":"NONE","seed_source_timestamp":968616474862220,"circlet_count":0,"master_deck":["Strike_B","Strike_B+1","Defend_B","Dualcast+1","Darkness+1","Leap","Redo+1","Steam","Loop+1","Consume","Redo+1","Undo","Amplify","Loop","Darkness","Undo","Hologram","Reinforced Body+1","Aggregate","Doubt"],"relics":["Tiny House","Regal Pillow","Golden Idol","Peace Pipe","Cursed Key","WingedGreaves","Question Card"],"potions_floor_usage":[14,14,16,18,24,27],"damage_taken":[{"damage":1,"enemies":"Cultist","floor":1,"turns":4},{"damage":10,"enemies":"Small Slimes","floor":3,"turns":4},{"damage":0,"enemies":"Jaw Worm","floor":4,"turns":4},{"damage":27,"enemies":"Gremlin Nob","floor":7,"turns":4},{"damage":21,"enemies":"3 Sentries","floor":14,"turns":5},{"damage":17,"enemies":"The Guardian","floor":16,"turns":7},{"damage":3,"enemies":"Shell Parasite","floor":18,"turns":7},{"damage":0,"enemies":"3 Byrds","floor":22,"turns":5},{"damage":22,"enemies":"Book of Stabbing","floor":24,"turns":5},{"damage":16,"enemies":"Snake Plant","floor":25,"turns":5},{"damage":30,"enemies":"Gremlin Leader","floor":27,"turns":3}],"seed_played":"1715111689032198123","potions_obtained":[{"floor":0,"key":"Ancient Potion"},{"floor":7,"key":"Regen Potion"},{"floor":14,"key":"SteroidPotion"},{"floor":16,"key":"Weak Potion"},{"floor":18,"key":"PowerPotion"},{"floor":24,"key":"Ancient Potion"},{"floor":25,"key":"Energy Potion"}],"is_trial":false,"path_per_floor":["M","$","M","M","?","R","E","R","T","R","?","R","$","E","R","B",null,"M","$","?","?","M","R","E","M","T","E"],"character_chosen":"DEFECT","items_purchased":["Consume","Redo","Loop"],"campfire_rested":1,"item_purchase_floors":[13,13,19],"current_hp_per_floor":[79,79,69,69,58,58,31,31,31,70,70,70,70,62,62,45,67,64,64,64,64,64,64,42,26,26,0],"gold":78,"neow_bonus":"BOSS_RELIC","is_prod":false,"is_daily":false,"chose_seed":false,"campfire_upgraded":5,"win_rate":0,"timestamp":1549218247,"path_taken":["M","$","M","M","?","R","E","R","T","R","?","R","$","E","R","BOSS","M","$","?","?","M","R","E","M","T","E"],"build_version":"2019-01-23","purchased_purges":3,"victory":false,"max_hp_per_floor":[80,80,80,80,80,80,80,80,80,80,74,74,74,74,74,74,74,74,74,74,74,74,74,74,74,74,74],"card_choices":[{"not_picked":["Conserve Battery","Turbo"],"picked":"Darkness","floor":0},{"not_picked":["Go for the Eyes","Streamline"],"picked":"Leap","floor":1},{"not_picked":["Chill","Cold Snap"],"picked":"Redo","floor":3},{"not_picked":["Conserve Battery","Blizzard"],"picked":"Steam","floor":4},{"not_picked":["White Noise","Machine Learning"],"picked":"Loop","floor":7},{"not_picked":["Glacier","Chaos"],"picked":"Undo","floor":14},{"not_picked":["Core Surge","Electrodynamics"],"picked":"Amplify","floor":16},{"not_picked":["Turbo","Ball Lightning","Redo"],"picked":"SKIP","floor":18},{"not_picked":["Coolheaded","Stack"],"picked":"Hologram","floor":22},{"not_picked":["Genetic Algorithm","Redo"],"picked":"Reinforced Body+1","floor":24},{"not_picked":["Cold Snap+1","Leap"],"picked":"Aggregate","floor":25}],"player_experience":141136,"relics_obtained":[{"floor":7,"key":"Regal Pillow"},{"floor":14,"key":"Peace Pipe"},{"floor":24,"key":"WingedGreaves"},{"floor":26,"key":"Question Card"}],"event_choices":[{"damage_healed":0,"gold_gain":75,"player_choice":"Gather Gold","damage_taken":11,"max_hp_gain":0,"max_hp_loss":0,"event_name":"World of Goop","floor":5,"gold_loss":0},{"damage_healed":0,"gold_gain":0,"player_choice":"Lose Max HP","damage_taken":0,"relics_obtained":["Golden Idol"],"max_hp_gain":0,"max_hp_loss":6,"event_name":"Golden Idol","floor":11,"gold_loss":0},{"cards_removed":["Zap"],"damage_healed":0,"gold_gain":0,"player_choice":"Elegance","damage_taken":0,"max_hp_gain":0,"max_hp_loss":0,"event_name":"Back to Basics","floor":20,"gold_loss":0},{"damage_healed":0,"gold_gain":0,"cards_transformed":["Strike_B","Defend_B"],"player_choice":"Became Test Subject","damage_taken":0,"max_hp_gain":0,"max_hp_loss":0,"event_name":"Drug Dealer","floor":21,"gold_loss":0,"cards_obtained":["Darkness","Undo"]}],"is_beta":false,"boss_relics":[{"not_picked":["Eternal Feather","White Beast Statue"],"picked":"Cursed Key"}],"items_purged_floors":[2,13,19],"is_endless":false,"potions_floor_spawned":[7,14,16,18,24,25],"killed_by":"Gremlin Leader","ascension_level":5}