{"gold_per_floor":[366,346,362,372,266,266,294,40,40,50,63,63,63,83,83,180,180,190,190,208,89,4,4,30,30,30,30,30,64,83,99,99,203,203,218,158,169,30,46,46,71,71,71,33,47,82,82,109,109,109],"floor_reached":51,"playtime":2609,"items_purged":["Strike_G"],"score":979,"play_id":"202bb1fc-1994-4b30-a032-0d5a1b2a0bf0","local_time":"20181216224145","is_ascension_mode":true,"campfire_choices":[{"data":"Neutralize","floor":6,"key":"SMITH"},{"data":"Noxious Fumes","floor":13,"key":"SMITH"},{"floor":15,"key":"REST"},{"floor":23,"key":"REST"},{"data":"Footwork","floor":28,"key":"SMITH"},{"floor":32,"key":"REST"},{"floor":40,"key":"REST"},{"floor":47,"key":"REST"},{"data":"Adrenaline","floor":49,"key":"SMITH"}],"neow_cost":"PERCENT_DAMAGE","seed_source_timestamp":53293306160785,"circlet_count":0,"master_deck":["Defend_G","Defend_G","Defend_G","Defend_G","Defend_G","Strike_G","Survivor","Neutralize+1","Cloak And Dagger","Backstab","Dagger Spray","Well Laid Plans","Blade Dance","Cloak And Dagger","Footwork+1","Noxious Fumes+1","PiercingWail","A Thousand Cuts","Necronomicurse","Finisher","Accuracy","Predator","Choke","Dodge and Roll","Infinite Blades","Corpse Explosion","Backstab+1","Adrenaline+1","Dodge and Roll","Backflip+1","Backflip","Dash+1","Cloak And Dagger","Dash+1","Acrobatics","Leg Sweep+1","Catalyst"],"relics":["Ring of the Snake","Question Card","Membership Card","Ninja Scroll","Cursed Key","Necronomicon","Oddly Smooth Stone","Omamori","Dream Catcher","MutagenicStrength","Torii","Shovel","Black Star","Kunai","Ornamental Fan","Bag of Preparation","Pear","Ancient Tea Set","Prayer Wheel","Blue Candle","Art of War"],"potions_floor_usage":[7,29,33,33,33,33,45,48,50,50],"damage_taken":[{"damage":7,"enemies":"2 Louse","floor":1,"turns":4},{"damage":0,"enemies":"Cultist","floor":3,"turns":4},{"damage":0,"enemies":"Small Slimes","floor":4,"turns":3},{"damage":32,"enemies":"Gremlin Nob","floor":7,"turns":5},{"damage":0,"enemies":"2 Fungi Beasts","floor":10,"turns":2},{"damage":0,"enemies":"Looter","floor":11,"turns":2},{"damage":0,"enemies":"Large Slime","floor":14,"turns":5},{"damage":16,"enemies":"Slime Boss","floor":16,"turns":11},{"damage":7,"enemies":"Shell Parasite","floor":18,"turns":5},{"damage":5,"enemies":"Chosen","floor":20,"turns":6},{"damage":1,"enemies":"Gremlin Leader","floor":24,"turns":8},{"damage":27,"enemies":"Book of Stabbing","floor":29,"turns":5},{"damage":14,"enemies":"Shelled Parasite and Fungi","floor":30,"turns":4},{"damage":1,"enemies":"Snecko","floor":31,"turns":4},{"damage":17,"enemies":"Automaton","floor":33,"turns":9},{"damage":14,"enemies":"Orb Walker","floor":35,"turns":3},{"damage":1,"enemies":"3 Darklings","floor":37,"turns":3},{"damage":28,"enemies":"Writhing Mass","floor":39,"turns":6},{"damage":6,"enemies":"Reptomancer","floor":41,"turns":10},{"damage":1,"enemies":"Spire Growth","floor":45,"turns":5},{"damage":1,"enemies":"Giant Head","floor":46,"turns":8},{"damage":9,"enemies":"Nemesis","floor":48,"turns":7},{"damage":25,"enemies":"Awakened One","floor":50,"turns":16}],"seed_played":"-8549486299463418241","potions_obtained":[{"floor":2,"key":"Ancient Potion"},{"floor":3,"key":"SpeedPotion"},{"floor":11,"key":"Explosive Potion"},{"floor":16,"key":"EntropicBrew"},{"floor":39,"key":"Strength Potion"},{"floor":41,"key":"SpeedPotion"},{"floor":46,"key":"Block Potion"}],"is_trial":false,"path_per_floor":["M","?","M","M","$","R","E","$","T","M","M","?","R","M","R","B",null,"M","?","M","$","?","R","E","?","T","?","R","E","M","M","R","B",null,"M","?","M","$","M","R","E","?","T","$","M","E","R","E","R","B",null],"character_chosen":"THE_SILENT","items_purchased":["Well Laid Plans","Blade Dance","Membership Card","Cloak And Dagger","GhostInAJar","Oddly Smooth Stone","Accuracy","Kunai","Backflip"],"campfire_rested":5,"item_purchase_floors":[5,5,8,8,8,21,21,38,38],"current_hp_per_floor":[42,42,42,42,42,42,10,10,10,10,10,33,33,33,54,38,62,55,39,34,34,34,55,54,54,54,54,54,27,13,12,33,16,57,43,43,42,42,14,35,29,29,39,39,38,37,61,52,52,27],"gold":109,"neow_bonus":"TWO_FIFTY_GOLD","is_prod":false,"is_daily":false,"chose_seed":false,"campfire_upgraded":4,"win_rate":0,"timestamp":1545007305,"path_taken":["M","?","M","?","$","R","E","$","T","M","M","?","R","M","R","BOSS","M","?","M","$","?","R","E","?","T","?","R","E","M","M","R","BOSS","M","?","?","$","M","R","E","?","T","?","M","E","R","E","R","BOSS"],"build_version":"2018-12-13","purchased_purges":1,"victory":true,"max_hp_per_floor":[70,70,70,70,70,70,70,70,70,70,70,70,70,70,70,70,70,70,70,70,70,70,70,70,70,70,70,70,70,70,70,70,70,70,70,70,70,70,70,70,70,70,80,80,80,80,80,80,80,80],"card_choices":[{"not_picked":["Finisher","Dagger Throw"],"picked":"Cloak And Dagger","floor":1},{"not_picked":["Backflip","Poisoned Stab"],"picked":"Backstab","floor":3},{"not_picked":["PiercingWail","Heel Hook"],"picked":"Dagger Spray","floor":4},{"not_picked":["Outmaneuver","Flying Knee","Terror"],"picked":"SKIP","floor":7},{"not_picked":["Cloak And Dagger","Predator","PiercingWail"],"picked":"Footwork","floor":10},{"not_picked":["Deadly Poison","Dagger Spray","Skewer"],"picked":"Noxious Fumes","floor":11},{"not_picked":["Blade Dance","Terror","Endless Agony"],"picked":"PiercingWail","floor":14},{"not_picked":["Die Die Die","Venomology","Grand Finale"],"picked":"A Thousand Cuts","floor":16},{"not_picked":["Dagger Spray","Concentrate","Blade Dance","Predator"],"picked":"SKIP","floor":18},{"not_picked":["Bane","Blade Dance","Bouncing Flask"],"picked":"Finisher","floor":20},{"not_picked":["Underhanded Strike","Setup","Noxious Fumes"],"picked":"Predator","floor":24},{"not_picked":["All Out Attack+1","Doppelganger","Outmaneuver"],"picked":"Choke","floor":29},{"not_picked":["Well Laid Plans","Calculated Gamble","Deflect"],"picked":"Dodge and Roll","floor":30},{"not_picked":["Heel Hook","Acrobatics","Dodge and Roll"],"picked":"Infinite Blades","floor":31},{"not_picked":["Bullet Time","Die Die Die","Wraith Form v2"],"picked":"Corpse Explosion","floor":33},{"not_picked":["Endless Agony","Poisoned Stab","Underhanded Strike+1"],"picked":"Backstab+1","floor":35},{"not_picked":["Blade Dance+1","Skewer","Crippling Poison+1"],"picked":"Backflip+1","floor":37},{"not_picked":["Bane","Underhanded Strike+1","Slice+1"],"picked":"Dash+1","floor":39},{"not_picked":["Sucker Punch+1","Quick Slash","Prepared+1"],"picked":"Cloak And Dagger","floor":40},{"not_picked":["Unload","Prepared+1","Noxious Fumes"],"picked":"Dash+1","floor":41},{"not_picked":["Deflect","Slice+1","Underhanded Strike"],"picked":"Acrobatics","floor":45},{"not_picked":["Storm of Steel","PiercingWail","Dodge and Roll+1"],"picked":"Leg Sweep+1","floor":46},{"not_picked":["Dagger Spray+1","Noxious Fumes+1","Dagger Throw+1"],"picked":"Catalyst","floor":48}],"player_experience":259017,"relics_obtained":[{"floor":7,"key":"Question Card"},{"floor":9,"key":"Ninja Scroll"},{"floor":19,"key":"Necronomicon"},{"floor":24,"key":"Dream Catcher"},{"floor":26,"key":"Torii"},{"floor":29,"key":"Shovel"},{"floor":41,"key":"Ornamental Fan"},{"floor":41,"key":"Bag of Preparation"},{"floor":43,"key":"Pear"},{"floor":46,"key":"Ancient Tea Set"},{"floor":46,"key":"Prayer Wheel"},{"floor":48,"key":"Blue Candle"},{"floor":48,"key":"Art of War"}],"event_choices":[{"damage_healed":0,"gold_gain":0,"player_choice":"Bought 1 Potion","damage_taken":0,"max_hp_gain":0,"max_hp_loss":0,"event_name":"The Woman in Blue","floor":2,"gold_loss":0},{"damage_healed":23,"gold_gain":0,"player_choice":"Banana","damage_taken":0,"max_hp_gain":0,"max_hp_loss":0,"event_name":"Big Fish","floor":12,"gold_loss":0},{"damage_healed":0,"gold_gain":0,"player_choice":"Obtained Book","damage_taken":16,"max_hp_gain":0,"max_hp_loss":0,"event_name":"Cursed Tome","floor":19,"gold_loss":0},{"damage_healed":0,"gold_gain":0,"player_choice":"Obtained Relic","damage_taken":0,"relics_obtained":["Omamori"],"max_hp_gain":0,"max_hp_loss":0,"event_name":"Addict","floor":22,"gold_loss":85},{"damage_healed":0,"gold_gain":0,"player_choice":"Inject Mutagens","damage_taken":0,"relics_obtained":["MutagenicStrength"],"max_hp_gain":0,"max_hp_loss":0,"event_name":"Drug Dealer","floor":25,"gold_loss":0},{"damage_healed":0,"gold_gain":0,"player_choice":"Ignored","damage_taken":0,"max_hp_gain":0,"max_hp_loss":0,"event_name":"Ghosts","floor":27,"gold_loss":0},{"damage_healed":0,"gold_gain":0,"cards_transformed":["Strike_G","Strike_G"],"player_choice":"Transformed Cards","damage_taken":0,"max_hp_gain":0,"max_hp_loss":0,"event_name":"Designer","floor":36,"gold_loss":60,"cards_obtained":["Adrenaline","Dodge and Roll"]},{"cards_removed":["Strike_G"],"damage_healed":0,"gold_gain":0,"player_choice":"Purged","damage_taken":0,"max_hp_gain":0,"max_hp_loss":0,"event_name":"Purifier","floor":42,"gold_loss":0}],"is_beta":false,"boss_relics":[{"not_picked":["Fusion Hammer","Runic Dome"],"picked":"Cursed Key"},{"not_picked":["Orrery","Velvet Choker"],"picked":"Black Star"}],"items_purged_floors":[44],"is_endless":false,"potions_floor_spawned":[3,11,14,16,18,20,39,41,46],"ascension_level":5}