{"gold_per_floor":[142,152,152,168,27,27,63,63,63,63,94,94,129,148,148,148],"floor_reached":16,"playtime":581,"items_purged":[],"score":236,"play_id":"0f5153ec-490a-4950-b636-0b388cbfb4e4","local_time":"20190127183946","is_ascension_mode":true,"campfire_choices":[{"data":"Zap","floor":6,"key":"SMITH"},{"data":"Streamline","floor":10,"key":"SMITH"},{"data":"Strike_B","floor":12,"key":"PURGE"},{"data":"Strike_B","floor":15,"key":"PURGE"}],"neow_cost":"NONE","seed_source_timestamp":1558096977069456,"circlet_count":0,"master_deck":["AscendersBane","Strike_B","Defend_B","Defend_B","Defend_B","Defend_B","Zap+1","Dualcast","Streamline+1","Gash","Leap","Glacier","Gash","Genetic Algorithm","Compile Driver","Reboot","Compile Driver"],"relics":["Cracked Core","Tiny Chest","Golden Idol","WingedGreaves","Dead Branch","Peace Pipe","Torii"],"potions_floor_usage":[11,11,16],"damage_taken":[{"damage":0,"enemies":"2 Louse","floor":1,"turns":2},{"damage":7,"enemies":"Small Slimes","floor":2,"turns":3},{"damage":1,"enemies":"Cultist","floor":4,"turns":3},{"damage":12,"enemies":"Lagavulin","floor":7,"turns":9},{"damage":17,"enemies":"Gremlin Nob","floor":11,"turns":4},{"damage":8,"enemies":"Lagavulin","floor":13,"turns":7},{"damage":1,"enemies":"Large Slime","floor":14,"turns":4},{"damage":18,"enemies":"Hexaghost","floor":16,"turns":9}],"seed_played":"8766182992500241401","potions_obtained":[{"floor":1,"key":"Energy Potion"},{"floor":7,"key":"Ancient Potion"},{"floor":14,"key":"AttackPotion"}],"is_trial":false,"path_per_floor":["M","M","?","M","$","R","E","?","T","R","E","R","E","M","R","B"],"character_chosen":"DEFECT","items_purchased":["Glacier","Gash"],"campfire_rested":0,"item_purchase_floors":[5,5],"current_hp_per_floor":[64,57,57,56,56,56,44,44,44,44,27,27,19,18,18,0],"gold":148,"neow_bonus":"RANDOM_COMMON_RELIC","is_prod":false,"is_daily":false,"chose_seed":false,"campfire_upgraded":2,"win_rate":0,"timestamp":1548639586,"path_taken":["M","M","?","M","$","R","E","?","T","R","E","R","E","M","R","BOSS"],"build_version":"2019-01-23","purchased_purges":0,"victory":false,"max_hp_per_floor":[71,71,64,64,64,64,64,64,64,64,64,64,64,64,64,64],"card_choices":[{"not_picked":["Scrape","Hello World"],"picked":"Streamline","floor":1},{"not_picked":["Redo","Compile Driver"],"picked":"Gash","floor":2},{"not_picked":["Turbo","Heatsinks"],"picked":"Leap","floor":4},{"not_picked":["Barrage","Sunder"],"picked":"Genetic Algorithm","floor":7},{"not_picked":["Ball Lightning","Streamline"],"picked":"Compile Driver","floor":11},{"not_picked":["Lockon","Stack"],"picked":"Reboot","floor":13},{"not_picked":["Doom and Gloom","White Noise"],"picked":"Compile Driver","floor":14}],"player_experience":1275961,"relics_obtained":[{"floor":7,"key":"WingedGreaves"},{"floor":9,"key":"Dead Branch"},{"floor":11,"key":"Peace Pipe"},{"floor":13,"key":"Torii"}],"event_choices":[{"damage_healed":0,"gold_gain":0,"player_choice":"Lose Max HP","damage_taken":0,"relics_obtained":["Golden Idol"],"max_hp_gain":0,"max_hp_loss":7,"event_name":"Golden Idol","floor":3,"gold_loss":0},{"cards_removed":["Strike_B"],"damage_healed":0,"gold_gain":0,"player_choice":"Purged","damage_taken":0,"max_hp_gain":0,"max_hp_loss":0,"event_name":"Purifier","floor":8,"gold_loss":0}],"is_beta":true,"boss_relics":[],"items_purged_floors":[],"is_endless":false,"potions_floor_spawned":[1,7,14],"killed_by":"Hexaghost","ascension_level":20}