{"gold_per_floor":[111,121,121,6,17,17,46,65,65,65,65,6,39,50,50,123,123,137,148,167,18,32,32,47,47,73,73,86,103,103,103,103,103],"floor_reached":33,"playtime":1245,"items_purged":["Strike_G","Strike_G"],"score":453,"play_id":"b84ba37e-923b-44e0-bdae-2aac9edf0ae8","local_time":"20180723092317","is_ascension_mode":true,"campfire_choices":[{"data":"Backflip","floor":6,"key":"SMITH"},{"data":"Noxious Fumes","floor":10,"key":"SMITH"},{"data":"Survivor","floor":15,"key":"SMITH"},{"data":"After Image","floor":23,"key":"SMITH"},{"floor":30,"key":"REST"},{"data":"Noxious Fumes","floor":32,"key":"SMITH"}],"neow_cost":"NONE","seed_source_timestamp":1072024565436362,"circlet_count":0,"master_deck":["Defend_G","Defend_G","Defend_G","Defend_G","Defend_G","Strike_G","Strike_G","Survivor+1","Neutralize+1","AscendersBane","Noxious Fumes+1","Caltrops","Noxious Fumes+1","Backflip+1","Cloak And Dagger","Backstab","After Image+1","Deadly Poison","Bouncing Flask+1","Backflip","Noxious Fumes","Storm of Steel","Dodge and Roll"],"relics":["Ring of the Snake","Boot","Oddly Smooth Stone","Mummified Hand","Snake Skull","Velvet Choker","Regal Pillow"],"potions_floor_usage":[8,8,20,22,22,33],"damage_taken":[{"damage":0,"enemies":"Cultist","floor":1,"turns":5},{"damage":0,"enemies":"Small Slimes","floor":2,"turns":3},{"damage":8,"enemies":"2 Louse","floor":5,"turns":4},{"damage":7,"enemies":"Lagavulin","floor":7,"turns":7},{"damage":12,"enemies":"Exordium Wildlife","floor":8,"turns":6},{"damage":13,"enemies":"Gremlin Nob","floor":13,"turns":5},{"damage":6,"enemies":"3 Louse","floor":14,"turns":3},{"damage":15,"enemies":"The Guardian","floor":16,"turns":10},{"damage":24,"enemies":"2 Thieves","floor":18,"turns":4},{"damage":0,"enemies":"3 Byrds","floor":19,"turns":4},{"damage":0,"enemies":"Centurion and Healer","floor":20,"turns":7},{"damage":5,"enemies":"Snake Plant","floor":22,"turns":3},{"damage":11,"enemies":"Slaver and Parasite","floor":24,"turns":5},{"damage":6,"enemies":"Centurion and Healer","floor":28,"turns":5},{"damage":1,"enemies":"Snake Plant","floor":29,"turns":4},{"damage":65,"enemies":"Champ","floor":33,"turns":8}],"seed_played":"5715269300477699607","potions_obtained":[{"floor":1,"key":"GamblersBrew"},{"floor":5,"key":"AttackPotion"},{"floor":7,"key":"Regen Potion"},{"floor":18,"key":"GhostInAJar"},{"floor":19,"key":"PowerPotion"},{"floor":20,"key":"SkillPotion"},{"floor":24,"key":"SpeedPotion"}],"is_trial":false,"path_per_floor":["M","M","?","$","M","R","E","M","T","R","?","?","E","M","R","B",null,"M","M","M","$","M","R","M","?","T","?","M","M","R","?","R"],"character_chosen":"THE_SILENT","items_purchased":["Noxious Fumes","Swift Potion"],"campfire_rested":1,"item_purchase_floors":[4,21],"current_hp_per_floor":[59,59,59,59,51,51,44,47,47,47,47,47,34,28,28,13,53,29,29,29,29,24,24,13,13,13,13,7,6,40,40,40,0],"gold":103,"neow_bonus":"UPGRADE_CARD","is_prod":false,"is_daily":false,"chose_seed":false,"campfire_upgraded":5,"win_rate":0,"timestamp":1532359397,"path_taken":["M","M","?","$","M","R","E","M","T","R","?","?","E","M","R","BOSS","M","M","M","$","M","R","M","?","T","?","M","M","R","?","R","BOSS"],"build_version":"2018-07-19","purchased_purges":2,"victory":false,"max_hp_per_floor":[66,66,66,66,66,66,66,66,66,66,66,66,66,66,66,66,66,66,66,66,66,66,66,66,66,66,66,66,66,66,66,66,66],"card_choices":[{"not_picked":["Expertise","Underhanded Strike"],"picked":"Noxious Fumes","floor":1},{"not_picked":["Dagger Throw","Slice"],"picked":"Caltrops","floor":2},{"not_picked":["Poisoned Stab","Setup"],"picked":"Backflip","floor":5},{"not_picked":["Expertise","Outmaneuver","Reflex"],"picked":"SKIP","floor":7},{"not_picked":["Terror","Sucker Punch"],"picked":"Cloak And Dagger","floor":8},{"not_picked":["Venomology","Eviscerate"],"picked":"Backstab","floor":13},{"not_picked":["Deflect","Dagger Throw","Bane"],"picked":"SKIP","floor":14},{"not_picked":["Adrenaline","Wraith Form v2"],"picked":"After Image","floor":16},{"not_picked":["Dagger Throw","Flying Knee+1","Accuracy"],"picked":"SKIP","floor":18},{"not_picked":["Underhanded Strike","Leg Sweep+1"],"picked":"Deadly Poison","floor":19},{"not_picked":["Eviscerate","Cloak And Dagger+1"],"picked":"Bouncing Flask+1","floor":20},{"not_picked":["Deadly Poison+1","Calculated Gamble"],"picked":"Backflip","floor":22},{"not_picked":["Sucker Punch","Endless Agony"],"picked":"Noxious Fumes","floor":24},{"not_picked":["Finisher","Bane","Masterful Stab"],"picked":"SKIP","floor":28},{"not_picked":["Underhanded Strike+1","Infinite Blades"],"picked":"Dodge and Roll","floor":29}],"player_experience":828462,"relics_obtained":[{"floor":7,"key":"Boot"},{"floor":9,"key":"Oddly Smooth Stone"},{"floor":13,"key":"Snake Skull"},{"floor":26,"key":"Regal Pillow"}],"event_choices":[{"event_name":"Golden Idol","player_choice":"Ignored","floor":3,"damage_taken":0},{"event_name":"Liars Game","player_choice":"disagreed","floor":11,"damage_taken":0},{"event_name":"WeMeetAgain","player_choice":"Gold","floor":12,"damage_taken":0},{"event_name":"Cursed Tome","player_choice":"Ignored","floor":25,"damage_taken":0},{"event_name":"Transmorgrifier","player_choice":"Transform","floor":27,"damage_taken":0},{"event_name":"Drug Dealer","player_choice":"Ignored","floor":31,"damage_taken":0}],"is_beta":true,"boss_relics":[{"not_picked":["Busted Crown","Snecko Eye"],"picked":"Velvet Choker"}],"items_purged_floors":[4,21],"is_endless":false,"potions_floor_spawned":[1,5,7,18,19,20,24],"killed_by":"Champ","ascension_level":15}