{"gold_per_floor":[111,130,1,18,18,18,33,33,86,106,106,124,164,179,179,179],"floor_reached":16,"playtime":474,"items_purged":["Strike_G"],"score":203,"play_id":"21db9177-b66a-41a3-b0ca-6837a92bee19","local_time":"20190119115807","is_ascension_mode":true,"campfire_choices":[{"data":"Neutralize","floor":6,"key":"SMITH"},{"data":"Dagger Spray","floor":8,"key":"SMITH"},{"data":"Dodge and Roll","floor":11,"key":"SMITH"},{"floor":15,"key":"REST"}],"neow_cost":"NONE","seed_source_timestamp":842905479458233,"circlet_count":0,"master_deck":["AscendersBane","Defend_G","Defend_G","Defend_G","Defend_G","Defend_G","Strike_G","Strike_G","Strike_G","Strike_G","Survivor","Neutralize+1","Dagger Spray+1","Dodge and Roll+1","Slice","PiercingWail","Dagger Throw","Backflip","PiercingWail","Crippling Poison"],"relics":["Ring of the Snake","Bag of Marbles","Golden Idol","Dream Catcher","Juzu Bracelet"],"potions_floor_usage":[7,13],"damage_taken":[{"damage":6,"enemies":"Jaw Worm","floor":1,"turns":6},{"damage":0,"enemies":"Small Slimes","floor":2,"turns":2},{"damage":0,"enemies":"Cultist","floor":4,"turns":4},{"damage":31,"enemies":"Gremlin Gang","floor":7,"turns":4},{"damage":0,"enemies":"3 Louse","floor":10,"turns":1},{"damage":0,"enemies":"Exordium Wildlife","floor":12,"turns":2},{"damage":12,"enemies":"Gremlin Nob","floor":13,"turns":4},{"damage":2,"enemies":"Blue Slaver","floor":14,"turns":5},{"damage":21,"enemies":"The Guardian","floor":16,"turns":13}],"seed_played":"836163297974187122","potions_obtained":[{"floor":1,"key":"FearPotion"},{"floor":12,"key":"SmokeBomb"}],"is_trial":false,"path_per_floor":["M","M","$","M","?","R","M","R","T","M","R","M","E","M","R","B"],"character_chosen":"THE_SILENT","items_purchased":["Fire Potion"],"campfire_rested":1,"item_purchase_floors":[3],"current_hp_per_floor":[53,53,53,53,53,53,22,22,22,22,22,22,10,8,26,5],"gold":179,"neow_bonus":"RANDOM_COMMON_RELIC","is_prod":false,"is_daily":false,"chose_seed":false,"campfire_upgraded":3,"win_rate":0,"timestamp":1547924287,"path_taken":["M","M","$","M","?","R","M","R","T","M","R","M","E","M","R","BOSS"],"build_version":"2019-01-17","purchased_purges":1,"victory":false,"max_hp_per_floor":[66,66,66,66,60,60,60,60,60,60,60,60,60,60,60,60],"card_choices":[{"not_picked":["Endless Agony","Acrobatics"],"picked":"Dagger Spray","floor":1},{"not_picked":["Deflect","Calculated Gamble"],"picked":"Dodge and Roll","floor":2},{"not_picked":["Deadly Poison","Blade Dance"],"picked":"Slice","floor":4},{"not_picked":["Sucker Punch","Bouncing Flask"],"picked":"PiercingWail","floor":7},{"not_picked":["Eviscerate","Deadly Poison"],"picked":"Dagger Throw","floor":10},{"not_picked":["Deadly Poison","Infinite Blades","Expertise"],"picked":"SKIP","floor":12},{"not_picked":["All Out Attack","Deadly Poison"],"picked":"Backflip","floor":13},{"not_picked":["Deadly Poison","Doppelganger"],"picked":"PiercingWail","floor":14},{"not_picked":["Dodge and Roll","Cloak And Dagger"],"picked":"Crippling Poison","floor":15}],"player_experience":1233178,"relics_obtained":[{"floor":9,"key":"Dream Catcher"},{"floor":13,"key":"Juzu Bracelet"}],"event_choices":[{"damage_healed":0,"gold_gain":0,"player_choice":"Lose Max HP","damage_taken":0,"relics_obtained":["Golden Idol"],"max_hp_gain":0,"max_hp_loss":6,"event_name":"Golden Idol","floor":5,"gold_loss":0}],"is_beta":true,"boss_relics":[],"items_purged_floors":[3],"is_endless":false,"potions_floor_spawned":[1,12],"killed_by":"The Guardian","ascension_level":19}