{"gold_per_floor":[114,39,39,56,131,131,165,165,165,165,180,197,210,234,234,333,333,345,345,361,381,92,92,104,122,122,140,140],"floor_reached":28,"playtime":1995,"items_purged":["Strike_B","Strike_B"],"score":272,"play_id":"796af464-0a3b-4cd4-8543-87b235514728","local_time":"20181013170922","is_ascension_mode":false,"campfire_choices":[{"data":"Defragment","floor":6,"key":"SMITH"},{"data":"Turbo","floor":15,"key":"SMITH"},{"data":"White Noise","floor":23,"key":"SMITH"}],"neow_cost":"NONE","seed_source_timestamp":6665829366818,"circlet_count":0,"master_deck":["Strike_B","Strike_B","Defend_B","Defend_B","Defend_B","Defend_B","Zap","Dualcast+1","Defragment+1","Cold Snap","Double Energy","Turbo+1","Cold Snap","Darkness","Amplify","Glacier","White Noise+1","Defragment","Gash","Gash"],"relics":["Cracked Core","Letter Opener","Bottled Tornado","Dodecahedron","Lantern","Coffee Dripper","Omamori","Darkstone Periapt"],"potions_floor_usage":[7,16,18,27,28,28],"damage_taken":[{"damage":11,"enemies":"Jaw Worm","floor":1,"turns":3},{"damage":2,"enemies":"2 Louse","floor":4,"turns":3},{"damage":9,"enemies":"3 Sentries","floor":7,"turns":8},{"damage":5,"enemies":"Small Slimes","floor":11,"turns":2},{"damage":1,"enemies":"Looter","floor":12,"turns":3},{"damage":7,"enemies":"Large Slime","floor":13,"turns":5},{"damage":0,"enemies":"Slime Boss","floor":16,"turns":10},{"damage":8,"enemies":"2 Thieves","floor":18,"turns":3},{"damage":19,"enemies":"3 Byrds","floor":20,"turns":5},{"damage":22,"enemies":"3 Cultists","floor":21,"turns":7},{"damage":3,"enemies":"Centurion and Healer","floor":24,"turns":8},{"damage":0,"enemies":"Sentry and Sphere","floor":25,"turns":4},{"damage":19,"enemies":"Cultist and Chosen","floor":27,"turns":7},{"damage":15,"enemies":"Snake Plant","floor":28,"turns":2}],"seed_played":"-4086639365049899845","potions_obtained":[{"floor":1,"key":"Explosive Potion"},{"floor":7,"key":"Block Potion"},{"floor":10,"key":"Ancient Potion"},{"floor":10,"key":"SpeedPotion"},{"floor":12,"key":"PowerPotion"},{"floor":20,"key":"SteroidPotion"},{"floor":24,"key":"Poison Potion"}],"is_trial":false,"path_per_floor":["M","$","?","M","?","R","E","T","T","?","M","M","M","T","R","B",null,"M","?","M","M","$","R","M","M","T","M"],"character_chosen":"DEFECT","items_purchased":["Defragment","Omamori"],"campfire_rested":0,"item_purchase_floors":[22,22],"current_hp_per_floor":[64,64,69,67,56,56,47,47,47,47,42,41,34,34,34,34,80,72,72,53,31,31,31,28,28,28,9,0],"gold":140,"neow_bonus":"UPGRADE_CARD","is_prod":false,"is_daily":false,"chose_seed":false,"campfire_upgraded":3,"win_rate":0,"timestamp":1539461362,"path_taken":["M","$","?","M","?","R","E","?","T","?","M","?","?","?","R","BOSS","M","?","M","M","$","R","M","M","T","M","?"],"build_version":"2018-10-11","purchased_purges":2,"victory":false,"max_hp_per_floor":[75,75,80,80,80,80,80,80,80,80,80,80,80,80,80,80,80,80,80,80,80,80,80,80,80,80,80,80],"card_choices":[{"not_picked":["Conserve Battery","Ball Lightning"],"picked":"Defragment","floor":1},{"not_picked":["Barrage","Auto Shields"],"picked":"Cold Snap","floor":4},{"not_picked":["Biased Cognition","Go for the Eyes"],"picked":"Double Energy","floor":7},{"not_picked":["Cold Snap","Glacier"],"picked":"Turbo","floor":11},{"not_picked":["Steam","BootSequence"],"picked":"Cold Snap","floor":12},{"not_picked":["Streamline","Steam Power"],"picked":"Darkness","floor":13},{"not_picked":["Thunder Strike","Meteor Strike"],"picked":"Amplify","floor":16},{"not_picked":["Go for the Eyes","Cold Snap"],"picked":"Glacier","floor":18},{"not_picked":["Leap","Scrape","Barrage+1"],"picked":"SKIP","floor":20},{"not_picked":["Rebound","Conserve Battery"],"picked":"White Noise","floor":21},{"not_picked":["Turbo","Reinforced Body"],"picked":"Gash","floor":24},{"not_picked":["Leap","Conserve Battery"],"picked":"Gash","floor":25},{"not_picked":["Gash","Conserve Battery","Rainbow"],"picked":"SKIP","floor":27}],"player_experience":40949,"relics_obtained":[{"floor":7,"key":"Letter Opener"},{"floor":8,"key":"Bottled Tornado"},{"floor":9,"key":"Dodecahedron"},{"floor":14,"key":"Lantern"},{"floor":26,"key":"Darkstone Periapt"}],"event_choices":[{"event_name":"Big Fish","player_choice":"Donut","floor":3,"damage_taken":0},{"event_name":"World of Goop","player_choice":"Gather Gold","floor":5,"damage_taken":0},{"event_name":"The Lab","player_choice":"Got Potions","floor":10,"damage_taken":0},{"event_name":"Vampires","player_choice":"Ignored","floor":19,"damage_taken":0}],"is_beta":false,"boss_relics":[{"not_picked":["Lizard Tail","Sozu"],"picked":"Coffee Dripper"}],"items_purged_floors":[2,22],"is_endless":false,"potions_floor_spawned":[1,7,12,20,24],"killed_by":"Snake Plant","ascension_level":0}