{"gold_per_floor":[118,134,134,134,145,145,178,178,178,148,148,148,148,161,161,256,256,272,282,282,296,296,296,325,325,403,403,417,447,447,372,372,474,474,488,1,1,20,20,20,45,45,45,45,267,287,89,89],"floor_reached":48,"playtime":3275,"items_purged":["Strike_R+1","Defend_R","Evolve"],"score":547,"play_id":"2c349c8f-7dd8-4321-b4c0-649605ce1017","local_time":"20181014132715","is_ascension_mode":true,"campfire_choices":[{"data":"True Grit","floor":6,"key":"SMITH"},{"data":"True Grit","floor":13,"key":"SMITH"},{"data":"Bash","floor":15,"key":"SMITH"},{"data":"Spot Weakness","floor":23,"key":"SMITH"},{"data":"Entrench","floor":27,"key":"SMITH"},{"data":"Body Slam","floor":30,"key":"SMITH"},{"data":"Flex","floor":32,"key":"SMITH"},{"data":"Barricade","floor":40,"key":"SMITH"},{"data":"Metallicize","floor":42,"key":"SMITH"},{"data":"Impervious","floor":44,"key":"SMITH"}],"neow_cost":"NONE","seed_source_timestamp":10976811123864,"circlet_count":0,"master_deck":["Strike_R+1","Defend_R","Defend_R","Defend_R","Bash+1","True Grit+1","Entrench+1","Spot Weakness+1","True Grit+1","Impervious+1","Whirlwind+1","Flex+1","Body Slam+1","Barricade+1","Headbutt+1","Metallicize+1","Inflame+1","Body Slam+1"],"relics":["Burning Blood","Meat on the Bone","Whetstone","Dream Catcher","Kunai","Velvet Choker","Boot","Paper Frog","Red Mask","White Beast Statue","Ginger","Dodecahedron","Darkstone Periapt"],"potions_floor_usage":[16,24,33,46,46,48,48],"damage_taken":[{"damage":6,"enemies":"Jaw Worm","floor":1,"turns":5},{"damage":1,"enemies":"2 Louse","floor":2,"turns":3},{"damage":5,"enemies":"Cultist","floor":5,"turns":5},{"damage":38,"enemies":"3 Sentries","floor":7,"turns":15},{"damage":12,"enemies":"Looter","floor":10,"turns":4},{"damage":0,"enemies":"Red Slaver","floor":14,"turns":5},{"damage":47,"enemies":"The Guardian","floor":16,"turns":11},{"damage":14,"enemies":"Shell Parasite","floor":18,"turns":8},{"damage":0,"enemies":"Spheric Guardian","floor":19,"turns":5},{"damage":18,"enemies":"Snake Plant","floor":21,"turns":6},{"damage":48,"enemies":"Slavers","floor":24,"turns":6},{"damage":4,"enemies":"3 Cultists","floor":28,"turns":4},{"damage":0,"enemies":"Masked Bandits","floor":29,"turns":2},{"damage":42,"enemies":"Collector","floor":33,"turns":8},{"damage":13,"enemies":"3 Darklings","floor":35,"turns":5},{"damage":0,"enemies":"3 Shapes","floor":38,"turns":3},{"damage":42,"enemies":"Nemesis","floor":41,"turns":7},{"damage":23,"enemies":"Sphere and 2 Shapes","floor":46,"turns":8},{"damage":67,"enemies":"Mysterious Sphere","floor":48,"turns":6}],"seed_played":"-7614543356723484767","potions_obtained":[{"floor":2,"key":"Poison Potion"},{"floor":7,"key":"SteroidPotion"},{"floor":14,"key":"Regen Potion"},{"floor":19,"key":"Regen Potion"},{"floor":24,"key":"EssenceOfSteel"},{"floor":35,"key":"Energy Potion"},{"floor":38,"key":"Weak Potion"},{"floor":41,"key":"SkillPotion"},{"floor":46,"key":"PowerPotion"}],"is_trial":false,"path_per_floor":["M","M","?","?","M","R","E","?","T","M","?","?","R","M","R","B",null,"M","M","?","M","?","R","E","?","T","R","M","?","R","$","R","B",null,"M","$","?","M","?","R","E","R","T","R","?","M","$"],"character_chosen":"IRONCLAD","items_purchased":["Metallicize","Ginger","BloodPotion"],"campfire_rested":0,"item_purchase_floors":[36,36,47],"current_hp_per_floor":[80,80,80,80,80,80,48,48,48,54,54,47,47,53,53,24,80,72,78,78,66,66,66,51,51,51,51,53,59,59,59,59,35,80,73,73,73,79,79,79,55,55,55,55,55,50,50,0],"gold":89,"neow_bonus":"TRANSFORM_CARD","is_prod":false,"is_daily":false,"chose_seed":false,"campfire_upgraded":10,"win_rate":0,"timestamp":1539534435,"path_taken":["M","M","?","?","M","R","E","?","T","?","?","?","R","M","R","BOSS","M","M","?","M","?","R","E","?","T","R","M","?","R","$","R","BOSS","M","$","?","M","?","R","E","R","T","R","?","?","?","?"],"build_version":"2018-10-11","purchased_purges":3,"victory":false,"max_hp_per_floor":[80,80,80,80,80,80,80,80,80,80,80,80,80,80,80,80,80,80,80,80,80,80,80,80,80,80,80,80,80,80,80,80,80,80,80,80,80,80,80,80,80,80,80,80,80,80,80,80],"card_choices":[{"not_picked":["Twin Strike","Sword Boomerang"],"picked":"True Grit","floor":1},{"not_picked":["Thunderclap","Dual Wield","Reckless Charge"],"picked":"SKIP","floor":2},{"not_picked":["Perfected Strike","Armaments"],"picked":"Entrench","floor":5},{"not_picked":["Combust","Anger"],"picked":"Spot Weakness","floor":7},{"not_picked":["Sword Boomerang","Anger"],"picked":"True Grit","floor":10},{"not_picked":["Feed","Rage"],"picked":"Cleave","floor":14},{"not_picked":["Double Tap","Bludgeon"],"picked":"Impervious","floor":16},{"not_picked":["Infernal Blade+1","Clash","Battle Trance"],"picked":"SKIP","floor":18},{"not_picked":["Fire Breathing","Headbutt","Twin Strike+1"],"picked":"SKIP","floor":19},{"not_picked":["Rupture+1","Evolve+1","Headbutt"],"picked":"SKIP","floor":21},{"not_picked":["Headbutt","Armaments","Dark Embrace"],"picked":"SKIP","floor":24},{"not_picked":["Perfected Strike","Ghostly Armor"],"picked":"Flex","floor":28},{"not_picked":["Anger+1","Shrug It Off"],"picked":"Body Slam","floor":29},{"not_picked":["Impervious","Limit Break"],"picked":"Barricade","floor":33},{"not_picked":["Anger+1","Armaments"],"picked":"Headbutt+1","floor":35},{"not_picked":["Iron Wave+1","Cleave+1"],"picked":"Inflame+1","floor":38},{"not_picked":["Sword Boomerang+1","Body Slam","Infernal Blade"],"picked":"SKIP","floor":41},{"not_picked":["Sever Soul","Disarm+1"],"picked":"Body Slam+1","floor":46}],"player_experience":62713,"relics_obtained":[{"floor":7,"key":"Whetstone"},{"floor":9,"key":"Kunai"},{"floor":24,"key":"Boot"},{"floor":26,"key":"Paper Frog"},{"floor":29,"key":"Red Mask"},{"floor":41,"key":"Dodecahedron"},{"floor":43,"key":"Darkstone Periapt"}],"event_choices":[{"event_name":"Liars Game","player_choice":"disagreed","floor":3,"damage_taken":0},{"event_name":"WeMeetAgain","player_choice":"Potion","floor":4,"damage_taken":0},{"event_name":"Big Fish","player_choice":"Box","floor":8,"damage_taken":0},{"event_name":"Purifier","player_choice":"One Purge","floor":11,"damage_taken":0},{"event_name":"Golden Wing","player_choice":"Card Removal","floor":12,"damage_taken":0},{"event_name":"The Library","player_choice":"Read","floor":20,"damage_taken":0},{"event_name":"Accursed Blacksmith","player_choice":"Forge","floor":22,"damage_taken":0},{"event_name":"Back to Basics","player_choice":"Elegance","floor":25,"damage_taken":0},{"event_name":"Masked Bandits","player_choice":"Fought Bandits","floor":29,"damage_taken":0},{"event_name":"Falling","player_choice":"Removed Attack","floor":37,"damage_taken":0},{"event_name":"SensoryStone","player_choice":"Memory 1","floor":39,"damage_taken":0},{"event_name":"Tomb of Lord Red Mask","player_choice":"Wore Mask","floor":45,"damage_taken":0},{"event_name":"Mysterious Sphere","player_choice":"Fight","floor":48,"damage_taken":0}],"is_beta":false,"boss_relics":[{"not_picked":["Calling Bell","Busted Crown"],"picked":"Velvet Choker"},{"not_picked":["Fusion Hammer","Cursed Key"],"picked":"White Beast Statue"}],"items_purged_floors":[31,36,47],"is_endless":false,"potions_floor_spawned":[2,7,14,19,24,35,38,41,46],"killed_by":"Mysterious Sphere","ascension_level":1}