{"gold_per_floor":[118,137,8,25,25,25,25,61,109,101,154,189,201,234,246,258],"floor_reached":16,"playtime":628,"items_purged":[],"score":204,"play_id":"2d481e34-45c2-4e14-b9fa-1c080aa98a68","local_time":"20181102234755","is_ascension_mode":true,"campfire_choices":[{"data":"Footwork","floor":6,"key":"SMITH"},{"data":"Poisoned Stab","floor":13,"key":"SMITH"},{"data":"Dagger Spray","floor":15,"key":"SMITH"}],"neow_cost":"NONE","seed_source_timestamp":561659218108892,"circlet_count":0,"master_deck":["AscendersBane","Defend_G","Defend_G","Defend_G+1","Defend_G","Defend_G","Strike_G","Strike_G","Strike_G","Strike_G","Strike_G","Survivor","Neutralize+1","Slice","Cloak And Dagger+1","Footwork+1","Dagger Spray+1","Backflip","Dash","Poisoned Stab+1","Dodge and Roll","Dash"],"relics":["Ring of the Snake","Golden Idol","Bronze Scales","MawBank","War Paint"],"potions_floor_usage":[4,8,11,16],"damage_taken":[{"damage":0,"enemies":"Cultist","floor":1,"turns":4},{"damage":1,"enemies":"Jaw Worm","floor":2,"turns":4},{"damage":0,"enemies":"2 Louse","floor":4,"turns":1},{"damage":2,"enemies":"Lagavulin","floor":8,"turns":10},{"damage":23,"enemies":"Gremlin Nob","floor":11,"turns":4},{"damage":0,"enemies":"Gremlin Gang","floor":12,"turns":5},{"damage":1,"enemies":"Blue Slaver","floor":14,"turns":3},{"damage":15,"enemies":"Slime Boss","floor":16,"turns":7}],"seed_played":"-1502084619344210556","potions_obtained":[{"floor":2,"key":"Fire Potion"},{"floor":4,"key":"Strength Potion"},{"floor":10,"key":"Poison Potion"},{"floor":12,"key":"FearPotion"}],"is_trial":false,"path_per_floor":["M","M","$","M","?","R","$","E","T","?","E","M","R","M","R","B"],"character_chosen":"THE_SILENT","items_purchased":["Footwork","Dagger Spray"],"campfire_rested":0,"item_purchase_floors":[3,3],"current_hp_per_floor":[59,58,58,58,58,58,58,56,56,56,33,33,33,32,32,17],"gold":258,"neow_bonus":"UPGRADE_CARD","is_prod":false,"is_daily":false,"chose_seed":false,"campfire_upgraded":3,"win_rate":0,"timestamp":1541224075,"path_taken":["M","M","?","M","?","R","$","E","T","?","E","M","R","?","R","BOSS"],"build_version":"2018-11-01v2","purchased_purges":0,"victory":false,"max_hp_per_floor":[66,66,66,66,60,60,60,60,60,60,60,60,60,60,60,60],"card_choices":[{"not_picked":["Deadly Poison","Dodge and Roll"],"picked":"Slice","floor":1},{"not_picked":["Bane","Dagger Throw"],"picked":"Cloak And Dagger","floor":2},{"not_picked":["Dagger Spray","Quick Slash"],"picked":"Backflip","floor":4},{"not_picked":["Bane","Deadly Poison"],"picked":"Dash","floor":8},{"not_picked":["Phantasmal Killer","Dagger Throw"],"picked":"Poisoned Stab","floor":11},{"not_picked":["All Out Attack","Concentrate"],"picked":"Dodge and Roll","floor":12},{"not_picked":["Dagger Spray","Phantasmal Killer"],"picked":"Dash","floor":14}],"player_experience":1076722,"relics_obtained":[{"floor":8,"key":"Bronze Scales"},{"floor":9,"key":"MawBank"},{"floor":11,"key":"War Paint"}],"event_choices":[{"damage_healed":0,"gold_gain":0,"player_choice":"Lose Max HP","damage_taken":0,"relics_obtained":["Golden Idol"],"max_hp_gain":0,"max_hp_loss":6,"event_name":"Golden Idol","floor":5,"gold_loss":0},{"damage_healed":0,"gold_gain":0,"player_choice":"Bought 1 Potion","damage_taken":0,"max_hp_gain":0,"max_hp_loss":0,"event_name":"The Woman in Blue","floor":10,"gold_loss":0}],"is_beta":true,"boss_relics":[],"items_purged_floors":[],"is_endless":false,"potions_floor_spawned":[2,4,12],"killed_by":"Slime Boss","ascension_level":17}