{"gold_per_floor":[118,133,149,99,99,99,119,139,139,139,15,25,25,35,35,135,135,151,168,179,197,171,171,171,194,194,194,213,36,49,63,63,166,166,176,12,29,46,59,59,59,76,76,105,17,36,56,70,70,70],"floor_reached":51,"playtime":2140,"items_purged":["Strike_B","Strike_B","Defend_B"],"score":679,"play_id":"19997134-d098-4d51-a346-b9a43594d104","local_time":"20190202114547","is_ascension_mode":false,"campfire_choices":[{"data":"Go for the Eyes","floor":6,"key":"SMITH"},{"data":"Auto Shields","floor":13,"key":"SMITH"},{"data":"Dualcast","floor":15,"key":"SMITH"},{"data":"Ball Lightning","floor":23,"key":"SMITH"},{"data":"Chill","floor":27,"key":"SMITH"},{"data":"Capacitor","floor":32,"key":"SMITH"},{"data":"Defragment","floor":40,"key":"SMITH"},{"data":"Defragment","floor":49,"key":"SMITH"}],"neow_cost":"NONE","seed_source_timestamp":230416009294137,"circlet_count":0,"master_deck":["Defend_B","Defend_B","Defend_B","Zap+1","Dualcast+1","Go for the Eyes+1","Auto Shields+1","Compile Driver","Cold Snap+1","Compile Driver","Electrodynamics","Capacitor+1","Chill+1","Cold Snap+1","Ball Lightning+1","Capacitor+1","Doom and Gloom","Biased Cognition","Redo+1","Defragment+1","Darkness+1","Recycle+1","Chaos+1","Defragment+1","Redo+1","White Noise+1"],"relics":["FrozenCore"],"potions_floor_usage":[8,16,19,21,31,33,33,33,33,42,46,46,50],"damage_taken":[{"damage":1,"enemies":"Jaw Worm","floor":1,"turns":3},{"damage":0,"enemies":"Small Slimes","floor":2,"turns":2},{"damage":1,"enemies":"Cultist","floor":3,"turns":3},{"damage":0,"enemies":"Looter","floor":7,"turns":4},{"damage":5,"enemies":"Gremlin Gang","floor":8,"turns":3},{"damage":2,"enemies":"Blue Slaver","floor":12,"turns":3},{"damage":6,"enemies":"Exordium Wildlife","floor":14,"turns":4},{"damage":7,"enemies":"The Guardian","floor":16,"turns":12},{"damage":0,"enemies":"Shell Parasite","floor":18,"turns":6},{"damage":0,"enemies":"Chosen","floor":19,"turns":4},{"damage":0,"enemies":"Centurion and Healer","floor":20,"turns":7},{"damage":2,"enemies":"Snecko","floor":21,"turns":5},{"damage":4,"enemies":"Snake Plant","floor":28,"turns":4},{"damage":6,"enemies":"Cultist and Chosen","floor":30,"turns":4},{"damage":21,"enemies":"3 Cultists","floor":31,"turns":5},{"damage":39,"enemies":"Automaton","floor":33,"turns":8},{"damage":6,"enemies":"Orb Walker","floor":35,"turns":6},{"damage":0,"enemies":"3 Shapes","floor":37,"turns":6},{"damage":8,"enemies":"Jaw Worm Horde","floor":38,"turns":4},{"damage":2,"enemies":"Sphere and 2 Shapes","floor":39,"turns":4},{"damage":5,"enemies":"3 Darklings","floor":42,"turns":7},{"damage":11,"enemies":"Nemesis","floor":44,"turns":7},{"damage":6,"enemies":"Transient","floor":46,"turns":5},{"damage":3,"enemies":"4 Shapes","floor":47,"turns":4},{"damage":12,"enemies":"3 Darklings","floor":48,"turns":5},{"damage":9,"enemies":"Donu and Deca","floor":50,"turns":9}],"seed_played":"1154960765660464867","potions_obtained":[{"floor":1,"key":"PowerPotion"},{"floor":2,"key":"SpeedPotion"},{"floor":3,"key":"EssenceOfSteel"},{"floor":16,"key":"Explosive Potion"},{"floor":18,"key":"AttackPotion"},{"floor":20,"key":"FearPotion"},{"floor":28,"key":"PowerPotion"},{"floor":30,"key":"EntropicBrew"},{"floor":35,"key":"Weak Potion"},{"floor":44,"key":"Regen Potion"},{"floor":47,"key":"PowerPotion"},{"floor":48,"key":"SteroidPotion"}],"is_trial":false,"path_per_floor":["M","M","M","?","?","R","M","M","T","?","$","M","R","M","R","B",null,"M","M","M","M","$","R","?","T","T","R","M","$","M","M","R","B",null,"M","$","M","M","M","R","?","M","T","E","$","M","M","M","R","B",null],"character_chosen":"DEFECT","items_purchased":["PowerPotion","Ball Lightning","Capacitor","Defragment","Defragment","Energy Potion"],"campfire_rested":0,"item_purchase_floors":[11,22,29,36,45,45],"current_hp_per_floor":[74,74,73,73,73,73,73,68,68,68,68,66,66,60,60,53,75,75,75,75,73,73,73,73,73,73,73,69,69,63,42,42,3,75,69,69,69,61,59,59,59,54,54,43,43,52,49,37,37,28],"gold":70,"neow_bonus":"UPGRADE_CARD","is_prod":false,"is_daily":false,"chose_seed":false,"campfire_upgraded":8,"win_rate":0,"timestamp":1549133147,"path_taken":["M","M","M","?","?","R","?","M","T","?","$","M","R","M","R","BOSS","M","M","?","M","$","R","?","?","T","R","?","$","M","M","R","BOSS","M","$","M","M","M","R","?","M","T","E","$","M","M","M","R","BOSS"],"build_version":"2019-01-23","purchased_purges":3,"victory":true,"max_hp_per_floor":[75,75,75,75,75,75,75,75,75,75,75,75,75,75,75,75,75,75,75,75,75,75,75,75,75,75,75,75,75,75,75,75,75,75,75,75,75,75,75,75,75,75,75,75,75,75,75,75,75,75],"card_choices":[{"not_picked":["Double Energy","Coolheaded","Turbo"],"picked":"SKIP","floor":1},{"not_picked":["Barrage","Fusion"],"picked":"Go for the Eyes","floor":2},{"not_picked":["Conserve Battery","Sweeping Beam"],"picked":"Auto Shields","floor":3},{"not_picked":["Go for the Eyes","Rebound"],"picked":"Compile Driver","floor":7},{"not_picked":["Skim","Streamline"],"picked":"Cold Snap","floor":8},{"not_picked":["Static Discharge","Beam Cell"],"picked":"Compile Driver","floor":12},{"not_picked":["Steam Power","Lockon"],"picked":"Gash","floor":14},{"not_picked":["Buffer","Thunder Strike"],"picked":"Electrodynamics","floor":16},{"not_picked":["Stack","Steam"],"picked":"Capacitor+1","floor":18},{"not_picked":["Undo","Streamline"],"picked":"Chill","floor":19},{"not_picked":["Chaos","Heatsinks","Streamline+1"],"picked":"SKIP","floor":20},{"not_picked":["Coolheaded","Skim"],"picked":"Cold Snap+1","floor":21},{"not_picked":["Go for the Eyes+1","Streamline","Hello World"],"picked":"SKIP","floor":28},{"not_picked":["Double Energy+1","Rebound","Streamline+1"],"picked":"SKIP","floor":30},{"not_picked":["Auto Shields","Rip and Tear"],"picked":"Doom and Gloom","floor":31},{"not_picked":["Hyperbeam","Reboot"],"picked":"Biased Cognition","floor":33},{"not_picked":["Hologram+1","Force Field"],"picked":"Redo+1","floor":35},{"not_picked":["Ball Lightning","Streamline","Turbo+1"],"picked":"SKIP","floor":37},{"not_picked":["Sunder","Ball Lightning+1"],"picked":"Darkness+1","floor":38},{"not_picked":["Double Energy","Stack+1","Skim+1"],"picked":"SKIP","floor":39},{"not_picked":["Barrage+1","Sweeping Beam"],"picked":"Recycle+1","floor":42},{"not_picked":["Ball Lightning+1","Compile Driver"],"picked":"Chaos+1","floor":44},{"not_picked":["Coolheaded","Ball Lightning"],"picked":"Redo+1","floor":46},{"not_picked":["Coolheaded+1","Machine Learning"],"picked":"White Noise+1","floor":47},{"not_picked":["Rebound","Streamline+1","Turbo"],"picked":"SKIP","floor":48}],"player_experience":1295781,"relics_obtained":[],"event_choices":[{"cards_removed":["Strike_B"],"damage_healed":0,"gold_gain":0,"player_choice":"Card Removal","damage_taken":0,"max_hp_gain":0,"max_hp_loss":0,"event_name":"The Cleric","floor":4,"gold_loss":50},{"cards_removed":["Strike_B"],"damage_healed":0,"gold_gain":0,"player_choice":"Card Removal","damage_taken":0,"max_hp_gain":0,"max_hp_loss":0,"event_name":"Wheel of Change","floor":5,"gold_loss":0},{"damage_healed":0,"gold_gain":0,"player_choice":"Upgraded","damage_taken":0,"max_hp_gain":0,"max_hp_loss":0,"event_name":"Upgrade Shrine","floor":10,"gold_loss":0,"cards_upgraded":["Cold Snap"]},{"damage_healed":0,"gold_gain":0,"player_choice":"Ignored","damage_taken":0,"max_hp_gain":0,"max_hp_loss":0,"event_name":"Beggar","floor":24,"gold_loss":0},{"cards_removed":["Gash"],"damage_healed":0,"gold_gain":0,"player_choice":"Removed Attack","damage_taken":0,"max_hp_gain":0,"max_hp_loss":0,"event_name":"Falling","floor":41,"gold_loss":0}],"is_beta":true,"boss_relics":[{"not_picked":["Snecko Eye","White Beast Statue","Runic Dome"]},{"not_picked":["Nuclear Battery","Astrolabe"],"picked":"FrozenCore"}],"items_purged_floors":[11,29,36],"is_endless":false,"potions_floor_spawned":[1,2,3,16,18,20,28,30,35,44,47,48],"ascension_level":0}