{"gold_per_floor":[119,135,135,60,74,74,109,109,109,34,34,61,71,71,71,145,145,156,156,172,172],"floor_reached":21,"playtime":865,"items_purged":["Strike_B"],"score":371,"play_id":"8bffb446-d256-4d88-96fa-92cd5d062b3f","local_time":"20180721131802","is_ascension_mode":true,"campfire_choices":[{"data":"Sunder","floor":6,"key":"SMITH"},{"data":"Ball Lightning","floor":8,"key":"SMITH"},{"data":"Defragment","floor":15,"key":"SMITH"}],"neow_cost":"NONE","seed_source_timestamp":913688129161625,"circlet_count":0,"master_deck":["Strike_B","Defend_B","Defend_B","Defend_B","Defend_B","Zap+1","Dualcast","AscendersBane","Sunder+1","Cold Snap","Reinforced Body","Ball Lightning+1","Sweeping Beam","Defragment+1","All For One","Cold Snap","RitualDagger","FTL+1"],"relics":["Cracked Core","Vajra","Ornamental Fan","Singing Bowl","Shovel","Dream Catcher","Eternal Feather"],"potions_floor_usage":[7,20],"damage_taken":[{"damage":1,"enemies":"Cultist","floor":1,"turns":3},{"damage":7,"enemies":"Small Slimes","floor":2,"turns":2},{"damage":0,"enemies":"Jaw Worm","floor":5,"turns":3},{"damage":0,"enemies":"Lagavulin","floor":7,"turns":6},{"damage":11,"enemies":"3 Sentries","floor":12,"turns":6},{"damage":0,"enemies":"Exordium Wildlife","floor":13,"turns":2},{"damage":11,"enemies":"The Guardian","floor":16,"turns":9},{"damage":21,"enemies":"2 Thieves","floor":18,"turns":4},{"damage":14,"enemies":"3 Byrds","floor":20,"turns":4},{"damage":20,"enemies":"Centurion and Healer","floor":21,"turns":4}],"seed_played":"-376450733806143255","potions_obtained":[{"floor":1,"key":"Dexterity Potion"},{"floor":7,"key":"AttackPotion"},{"floor":16,"key":"Energy Potion"}],"is_trial":false,"path_per_floor":["M","M","?","?","M","R","E","R","T","$","?","E","M","T","R","B",null,"M","?","M"],"character_chosen":"DEFECT","items_purchased":[],"campfire_rested":0,"item_purchase_floors":[],"current_hp_per_floor":[63,56,49,49,49,49,49,49,49,49,49,38,38,38,38,27,60,39,33,19,0],"gold":172,"neow_bonus":"UPGRADE_CARD","is_prod":false,"is_daily":false,"chose_seed":false,"campfire_upgraded":3,"win_rate":0,"timestamp":1532200682,"path_taken":["M","M","?","?","M","R","E","R","T","$","?","E","M","?","R","BOSS","M","?","?","M"],"build_version":"2018-07-19","purchased_purges":1,"victory":false,"max_hp_per_floor":[71,71,71,71,71,71,71,71,71,71,71,71,71,71,71,71,71,71,71,71,71],"card_choices":[{"not_picked":["Stack","Cold Snap"],"picked":"Sunder","floor":1},{"not_picked":["Ball Lightning","Gash"],"picked":"Cold Snap","floor":2},{"not_picked":["Hologram","Barrage"],"picked":"Reinforced Body","floor":5},{"not_picked":["Rebound","Hologram"],"picked":"Ball Lightning","floor":7},{"not_picked":["Melter","Sunder"],"picked":"Sweeping Beam","floor":12},{"not_picked":["Heatsinks","Rebound"],"picked":"Defragment","floor":13},{"not_picked":["Fission","Core Surge"],"picked":"All For One","floor":16},{"not_picked":["Ball Lightning","Blizzard"],"picked":"Cold Snap","floor":18},{"not_picked":["Beam Cell","Scrape"],"picked":"FTL+1","floor":20}],"player_experience":817809,"relics_obtained":[{"floor":7,"key":"Vajra"},{"floor":9,"key":"Ornamental Fan"},{"floor":12,"key":"Shovel"},{"floor":14,"key":"Dream Catcher"}],"event_choices":[{"event_name":"Golden Wing","player_choice":"Card Removal","floor":3,"damage_taken":0},{"event_name":"The Cleric","player_choice":"Card Removal","floor":4,"damage_taken":0},{"event_name":"WeMeetAgain","player_choice":"Potion","floor":11,"damage_taken":0},{"event_name":"Nest","player_choice":"Joined the Cult","floor":19,"damage_taken":0}],"is_beta":true,"boss_relics":[{"not_picked":["Calling Bell","Philosopher\u0027s Stone"],"picked":"Eternal Feather"}],"items_purged_floors":[10],"is_endless":false,"potions_floor_spawned":[1,7,16],"killed_by":"Centurion and Healer","ascension_level":15}