{"gold_per_floor":[110,128,51,1,1,1,1,15,15,40,78,101,101,115,115,238,238,251,67,88,88,88,124,124,142,142,142,142,162,162,7,7,7],"floor_reached":33,"playtime":3249,"items_purged":["Injury"],"score":263,"play_id":"464e5def-1ec0-4d7e-b941-aad994828135","local_time":"20190205235545","is_ascension_mode":false,"campfire_choices":[{"floor":13,"key":"REST"},{"data":"Infinite Blades","floor":15,"key":"SMITH"},{"floor":24,"key":"REST"},{"floor":28,"key":"REST"},{"data":"Bouncing Flask","floor":32,"key":"SMITH"}],"neow_cost":"NONE","seed_source_timestamp":16383945081900,"circlet_count":0,"master_deck":["Defend_G","Defend_G","Defend_G","Defend_G","Defend_G","Strike_G","Strike_G","Strike_G","Survivor","Neutralize","Caltrops","Sucker Punch","Infinite Blades+1","Leg Sweep","Acrobatics","Well Laid Plans","Poisoned Stab","Glass Knife","Bouncing Flask+1","Footwork","Backflip","Quick Slash"],"relics":["Ring of the Snake","Orichalcum","PreservedInsect","Bloody Idol","Gremlin Horn","Lantern","Ancient Tea Set","Busted Crown","MutagenicStrength","Centennial Puzzle","Boot","Pantograph","WingedGreaves","Bag of Marbles"],"potions_floor_usage":[16,16,16,23,33],"damage_taken":[{"damage":2,"enemies":"Jaw Worm","floor":1,"turns":5},{"damage":2,"enemies":"Small Slimes","floor":2,"turns":5},{"damage":0,"enemies":"2 Louse","floor":8,"turns":4},{"damage":0,"enemies":"Blue Slaver","floor":10,"turns":4},{"damage":18,"enemies":"3 Sentries","floor":11,"turns":8},{"damage":0,"enemies":"Exordium Wildlife","floor":14,"turns":4},{"damage":41,"enemies":"Slime Boss","floor":16,"turns":19},{"damage":2,"enemies":"Shell Parasite","floor":18,"turns":6},{"damage":0,"enemies":"Chosen","floor":20,"turns":3},{"damage":36,"enemies":"Slavers","floor":23,"turns":5},{"damage":9,"enemies":"Snake Plant","floor":25,"turns":4},{"damage":6,"enemies":"3 Cultists","floor":29,"turns":5},{"damage":70,"enemies":"Collector","floor":33,"turns":6}],"seed_played":"-5024848303462352362","potions_obtained":[{"floor":1,"key":"GamblersBrew"},{"floor":10,"key":"Energy Potion"},{"floor":11,"key":"EntropicBrew"},{"floor":14,"key":"Swift Potion"}],"is_trial":false,"path_per_floor":["M","M","$","?","?","?","?","M","T","M","E","T","R","M","R","B",null,"M","$","M","?","T","E","R","M","T","?","R","M","T","$","R","B"],"character_chosen":"THE_SILENT","items_purchased":["Infinite Blades","Bouncing Flask","Footwork","Bag of Marbles"],"campfire_rested":3,"item_purchase_floors":[3,19,19,31],"current_hp_per_floor":[68,66,66,66,59,52,52,52,52,52,34,34,55,55,55,14,70,68,68,68,68,68,32,53,44,44,44,65,64,64,64,64,0],"gold":7,"neow_bonus":"RANDOM_COMMON_RELIC","is_prod":false,"is_daily":false,"chose_seed":false,"campfire_upgraded":2,"win_rate":0.0,"timestamp":1549439745,"path_taken":["M","M","$","?","?","?","?","M","T","M","E","?","R","M","R","BOSS","M","$","M","?","?","E","R","M","T","?","R","M","?","$","R","BOSS"],"build_version":"2019-01-23","purchased_purges":1,"victory":false,"max_hp_per_floor":[70,70,70,70,70,70,70,70,70,70,70,70,70,70,70,70,70,70,70,70,70,70,70,70,70,70,70,70,70,70,70,70,70],"card_choices":[{"not_picked":["Acrobatics","Underhanded Strike"],"picked":"Caltrops","floor":1},{"not_picked":["Distraction","Blade Dance"],"picked":"Sucker Punch","floor":2},{"not_picked":["Finisher","Bane"],"picked":"Leg Sweep","floor":8},{"not_picked":["Endless Agony","Blade Dance"],"picked":"Acrobatics","floor":10},{"not_picked":["Malaise","Blade Dance"],"picked":"Well Laid Plans","floor":11},{"not_picked":["Acrobatics","Flying Knee"],"picked":"Poisoned Stab","floor":14},{"not_picked":["Venomology","Unload"],"picked":"Glass Knife","floor":16},{"not_picked":["Endless Agony"],"picked":"SKIP","floor":18},{"not_picked":[],"picked":"Backflip","floor":20},{"not_picked":[],"picked":"Quick Slash","floor":23},{"not_picked":["Expertise"],"picked":"SKIP","floor":25},{"not_picked":["Flying Knee"],"picked":"SKIP","floor":29}],"player_experience":72767,"relics_obtained":[{"floor":9,"key":"Gremlin Horn"},{"floor":11,"key":"Lantern"},{"floor":12,"key":"Ancient Tea Set"},{"floor":22,"key":"Centennial Puzzle"},{"floor":23,"key":"Boot"},{"floor":26,"key":"Pantograph"},{"floor":30,"key":"WingedGreaves"}],"event_choices":[{"cards_removed":["Strike_G"],"damage_healed":0,"gold_gain":0,"player_choice":"Card Removal","damage_taken":0,"max_hp_gain":0,"max_hp_loss":0,"event_name":"The Cleric","floor":4,"gold_loss":50},{"damage_healed":0,"gold_gain":0,"player_choice":"Success","damage_taken":7,"relics_obtained":["PreservedInsect"],"max_hp_gain":0,"max_hp_loss":0,"event_name":"Scrap Ooze","floor":5,"gold_loss":0},{"cards_removed":["Strike_G"],"damage_healed":0,"gold_gain":0,"player_choice":"Card Removal","damage_taken":7,"max_hp_gain":0,"max_hp_loss":0,"event_name":"Golden Wing","floor":6,"gold_loss":0},{"damage_healed":0,"gold_gain":0,"player_choice":"Take Wound","damage_taken":0,"relics_obtained":["Golden Idol"],"max_hp_gain":0,"max_hp_loss":0,"event_name":"Golden Idol","floor":7,"gold_loss":0,"cards_obtained":["Injury"]},{"damage_healed":0,"gold_gain":0,"player_choice":"Inject Mutagens","damage_taken":0,"relics_obtained":["MutagenicStrength"],"max_hp_gain":0,"max_hp_loss":0,"event_name":"Drug Dealer","floor":21,"gold_loss":0},{"damage_healed":0,"gold_gain":0,"player_choice":"Gave Idol","damage_taken":0,"relics_obtained":["Bloody Idol"],"max_hp_gain":0,"max_hp_loss":0,"event_name":"Forgotten Altar","floor":27,"relics_lost":["Golden Idol"],"gold_loss":0}],"is_beta":false,"boss_relics":[{"not_picked":["Astrolabe","Orrery"],"picked":"Busted Crown"}],"items_purged_floors":[19],"is_endless":false,"potions_floor_spawned":[1,10,11,14,20],"killed_by":"Collector","ascension_level":0}