{"gold_per_floor":[114,131,131,131,63,63,93,93,144,169,186,218,237,269,269,369,369,382,399,399,89,102,135,135,135],"floor_reached":25,"playtime":1453,"items_purged":["Strike_R"],"score":288,"play_id":"cf845504-909e-4b97-8144-281e3bd4e6c1","local_time":"20190209142531","is_ascension_mode":true,"campfire_choices":[{"data":"Bash","floor":6,"key":"SMITH"},{"data":"Metallicize","floor":8,"key":"SMITH"},{"data":"Battle Trance","floor":15,"key":"SMITH"},{"data":"Inflame","floor":24,"key":"SMITH"}],"neow_cost":"NONE","seed_source_timestamp":845495339915364,"circlet_count":0,"master_deck":["Strike_R","Strike_R","Strike_R","Strike_R","Defend_R","Defend_R","Defend_R","Defend_R","Bash+1","Carnage+1","Metallicize+1","Battle Trance+1","True Grit+1","Ghostly Armor+1","Dual Wield+1","Rage+1","Offering+1","Shrug It Off+1","Inflame+1","Flame Barrier+1","Dual Wield+1","Sword Boomerang+1"],"relics":["Burning Blood","NeowsBlessing","Toxic Egg 2","Anchor","Ornamental Fan","Lantern","Darkstone Periapt","Philosopher\u0027s Stone","Enchiridion","Shovel"],"potions_floor_usage":[12,14,19,25],"damage_taken":[{"damage":0,"enemies":"Jaw Worm","floor":1,"turns":1},{"damage":0,"enemies":"2 Louse","floor":2,"turns":1},{"damage":0,"enemies":"3 Sentries","floor":7,"turns":2},{"damage":20,"enemies":"Gremlin Nob","floor":10,"turns":4},{"damage":0,"enemies":"Cultist","floor":11,"turns":2},{"damage":1,"enemies":"Lagavulin","floor":12,"turns":4},{"damage":0,"enemies":"Large Slime","floor":13,"turns":3},{"damage":21,"enemies":"Gremlin Nob","floor":14,"turns":5},{"damage":26,"enemies":"The Guardian","floor":16,"turns":21},{"damage":7,"enemies":"Spheric Guardian","floor":18,"turns":4},{"damage":6,"enemies":"2 Thieves","floor":19,"turns":4},{"damage":16,"enemies":"Sentry and Sphere","floor":22,"turns":8},{"damage":13,"enemies":"Book of Stabbing","floor":23,"turns":7},{"damage":37,"enemies":"Gremlin Leader","floor":25,"turns":5}],"seed_played":"6039330604268553898","potions_obtained":[{"floor":11,"key":"PowerPotion"},{"floor":13,"key":"Ancient Potion"},{"floor":16,"key":"Poison Potion"},{"floor":23,"key":"FearPotion"}],"is_trial":false,"path_per_floor":["M","M","?","?","$","R","E","R","T","E","M","E","M","E","R","B",null,"M","M","?","$","M","E","R","E"],"character_chosen":"IRONCLAD","items_purchased":["Battle Trance","Inflame","Flame Barrier+1","Dual Wield+1"],"campfire_rested":0,"item_purchase_floors":[5,21,21,21],"current_hp_per_floor":[80,80,80,80,80,80,80,80,80,66,72,77,80,65,65,45,80,79,79,63,63,53,46,46,9],"gold":135,"neow_bonus":"THREE_ENEMY_KILL","is_prod":false,"is_daily":false,"chose_seed":false,"campfire_upgraded":4,"win_rate":0,"timestamp":1549747531,"path_taken":["M","M","?","?","?","R","E","R","T","E","M","E","M","E","R","BOSS","M","?","?","$","M","E","R","E"],"build_version":"2019-02-06","purchased_purges":1,"victory":false,"max_hp_per_floor":[80,80,80,80,80,80,80,80,80,80,80,80,80,80,80,80,80,80,80,80,80,80,80,80,80],"card_choices":[{"not_picked":["Clash","Body Slam"],"picked":"Carnage","floor":1},{"not_picked":["Body Slam","Anger"],"picked":"Metallicize","floor":2},{"not_picked":["Anger","Body Slam"],"picked":"True Grit","floor":7},{"not_picked":["Limit Break+1","Havoc+1"],"picked":"Ghostly Armor+1","floor":10},{"not_picked":["Cleave","Iron Wave","Clash"],"picked":"SKIP","floor":11},{"not_picked":["Rage+1","Sever Soul"],"picked":"Dual Wield+1","floor":12},{"not_picked":["Seeing Red+1","Iron Wave"],"picked":"Rage+1","floor":13},{"not_picked":["Power Through+1","Heavy Blade","Twin Strike"],"picked":"SKIP","floor":14},{"not_picked":["Brutality","Fiend Fire"],"picked":"Offering+1","floor":16},{"not_picked":["Rampage+1","Anger"],"picked":"Shrug It Off+1","floor":18},{"not_picked":["Perfected Strike","Sentinel+1","Heavy Blade"],"picked":"SKIP","floor":19},{"not_picked":["Perfected Strike","Shrug It Off+1"],"picked":"Sword Boomerang+1","floor":22},{"not_picked":["Perfected Strike","Clash","Flex+1"],"picked":"SKIP","floor":23}],"player_experience":1307743,"relics_obtained":[{"floor":7,"key":"Toxic Egg 2"},{"floor":9,"key":"Anchor"},{"floor":10,"key":"Ornamental Fan"},{"floor":12,"key":"Lantern"},{"floor":14,"key":"Darkstone Periapt"},{"floor":20,"key":"Enchiridion"},{"floor":23,"key":"Shovel"}],"event_choices":[{"damage_healed":0,"gold_gain":0,"player_choice":"Grow","damage_taken":0,"max_hp_gain":0,"max_hp_loss":0,"event_name":"Living Wall","floor":3,"gold_loss":0,"cards_upgraded":["Carnage"]},{"damage_healed":0,"gold_gain":0,"player_choice":"Ignored","damage_taken":0,"max_hp_gain":0,"max_hp_loss":0,"event_name":"Liars Game","floor":4,"gold_loss":0},{"damage_healed":0,"gold_gain":0,"player_choice":"Obtained Book","damage_taken":16,"max_hp_gain":0,"max_hp_loss":0,"event_name":"Cursed Tome","floor":20,"gold_loss":0}],"is_beta":true,"boss_relics":[{"not_picked":["White Beast Statue","Empty Cage"],"picked":"Philosopher\u0027s Stone"}],"items_purged_floors":[21],"is_endless":false,"potions_floor_spawned":[11,13,16,23],"killed_by":"Gremlin Leader","ascension_level":1}