{"gold_per_floor":[109,120,135,152,167,167,177,211,280,280,292,304,27,40,40,145,145,160,175,195,195,195],"floor_reached":22,"playtime":1324,"items_purged":[],"score":243,"play_id":"34b9f68c-01c6-486b-bfe9-7611eafd883c","local_time":"20181208152652","is_ascension_mode":true,"campfire_choices":[{"data":"Zap","floor":6.0,"key":"SMITH"},{"floor":10.0,"key":"REST"},{"data":"Capacitor","floor":15,"key":"SMITH"}],"neow_cost":"NONE","seed_source_timestamp":228228832983839,"circlet_count":0,"master_deck":["Strike_B","Strike_B","Strike_B","Defend_B","Defend_B","Defend_B","Defend_B","Zap+1","Dualcast","BootSequence","Rebound","Sweeping Beam","Gash","Gash","Leap","Leap","Recycle","Glacier","Force Field","Capacitor+1","Conserve Battery","Seek","Genetic Algorithm","Ball Lightning","Capacitor","Auto Shields"],"special_seed":0,"relics":["Cracked Core","Ornamental Fan","Sundial","Letter Opener","Black Star"],"potions_floor_usage":[20,20],"damage_taken":[{"damage":2.0,"enemies":"Jaw Worm","floor":1.0,"turns":3.0},{"damage":1.0,"enemies":"Cultist","floor":2.0,"turns":3.0},{"damage":0.0,"enemies":"Small Slimes","floor":3.0,"turns":2.0},{"damage":12.0,"enemies":"Gremlin Gang","floor":4.0,"turns":4.0},{"damage":1.0,"enemies":"Exordium Wildlife","floor":5.0,"turns":4.0},{"damage":3.0,"enemies":"Blue Slaver","floor":7.0,"turns":3.0},{"damage":32.0,"enemies":"Gremlin Nob","floor":8.0,"turns":4.0},{"damage":2.0,"enemies":"Looter","floor":11.0,"turns":3.0},{"damage":0.0,"enemies":"Lots of Slimes","floor":12.0,"turns":4.0},{"damage":9.0,"enemies":"Exordium Thugs","floor":14.0,"turns":4.0},{"damage":4,"enemies":"Hexaghost","floor":16,"turns":14},{"damage":24,"enemies":"Chosen","floor":18,"turns":7},{"damage":13,"enemies":"Spheric Guardian","floor":19,"turns":6},{"damage":18,"enemies":"Snake Plant","floor":20,"turns":7},{"damage":9,"enemies":"Shelled Parasite and Fungi","floor":22,"turns":2}],"seed_played":"-1842534083276134086","potions_obtained":[{"floor":3.0,"key":"Fire Potion"},{"floor":5.0,"key":"SmokeBomb"},{"floor":8.0,"key":"EntropicBrew"},{"floor":11.0,"key":"PowerPotion"}],"is_trial":false,"path_per_floor":["M","M","M","M","M","R","M","E","T","R","M","M","$","M","R","B",null,"M","M","M","?","M"],"character_chosen":"DEFECT","items_purchased":["Capacitor","Letter Opener"],"campfire_rested":1,"item_purchase_floors":[13,13],"current_hp_per_floor":[73,72,72,60,59,59,56,24,24,46,44,44,44,35,35,31,64,40,27,9,9,0],"gold":195,"neow_bonus":"TRANSFORM_CARD","is_prod":false,"is_daily":false,"chose_seed":false,"campfire_upgraded":2,"win_rate":0,"timestamp":1544290012,"path_taken":["M","M","M","M","M","R","M","E","T","R","M","M","$","M","R","BOSS","M","M","M","?","?"],"build_version":"2018-12-06","purchased_purges":0,"victory":false,"max_hp_per_floor":[75,75,75,75,75,75,75,75,75,75,75,75,75,75,75,75,75,75,75,75,75,75],"card_choices":[{"not_picked":["Turbo","Stack"],"picked":"Rebound","floor":1.0},{"not_picked":["Compile Driver","Rebound"],"picked":"Sweeping Beam","floor":2.0},{"not_picked":["Thunder Strike","Cold Snap"],"picked":"Gash","floor":3.0},{"not_picked":["Reinforced Body","Conserve Battery"],"picked":"Gash","floor":4.0},{"not_picked":["Consume","Coolheaded"],"picked":"Leap","floor":5.0},{"not_picked":["Sweeping Beam","Cold Snap"],"picked":"Leap","floor":7.0},{"not_picked":["Force Field","Fusion"],"picked":"Recycle","floor":8.0},{"not_picked":["Tempest","Beam Cell"],"picked":"Glacier","floor":11.0},{"not_picked":["Sweeping Beam","Compile Driver"],"picked":"Force Field","floor":12.0},{"not_picked":["Streamline","Undo"],"picked":"Conserve Battery","floor":14.0},{"not_picked":["Creative AI","Reboot"],"picked":"Seek","floor":16},{"not_picked":["Tempest","Barrage+1"],"picked":"Genetic Algorithm","floor":18},{"not_picked":["Melter+1","Beam Cell"],"picked":"Ball Lightning","floor":19},{"not_picked":["Streamline+1","Leap"],"picked":"Capacitor","floor":20}],"player_experience":200271,"relics_obtained":[{"floor":8.0,"key":"Ornamental Fan"},{"floor":9.0,"key":"Sundial"}],"event_choices":[{"damage_healed":0,"gold_gain":0,"player_choice":"1 cards matched","damage_taken":0,"max_hp_gain":0,"max_hp_loss":0,"event_name":"Match and Keep!","floor":21,"gold_loss":0,"cards_obtained":["Auto Shields"]}],"is_beta":false,"boss_relics":[{"not_picked":["FrozenCore","Coffee Dripper"],"picked":"Black Star"}],"items_purged_floors":[],"is_endless":false,"potions_floor_spawned":[3,5,8,11,16],"killed_by":"Shelled Parasite and Fungi","ascension_level":5}