{"gold_per_floor":[118,138,148,148,166,193,193,203,203,266,281,311,311,386,386,490,490,510,527,527,802,45,71,71,103,127,155,167,183,183,183,183,281,331,348,359,372,37,50,450,450,465,465,514,547,547,564,584,584,584],"floor_reached":50,"playtime":7129,"items_purged":["Regret"],"score":985,"play_id":"1915f43c-a4a3-4224-9c45-7d6a10bde54d","local_time":"20190212152624","is_ascension_mode":true,"campfire_choices":[{"floor":7,"key":"REST"},{"floor":13,"key":"REST"},{"floor":15,"key":"REST"},{"data":"Echo Form","floor":24,"key":"SMITH"},{"data":"Dramatic Entrance","floor":32,"key":"SMITH"},{"floor":41,"key":"REST"},{"floor":46,"key":"REST"},{"floor":49,"key":"REST"}],"neow_cost":"CURSE","seed_source_timestamp":702968307975582,"circlet_count":0,"master_deck":["AscendersBane","Strike_B+1","Strike_B+1","Strike_B+1","Strike_B+1","Defend_B+1","Defend_B+1","Defend_B+1","Defend_B+1","Zap","Dualcast","Dramatic Entrance+1","Good Instincts","Clumsy","Cold Snap","Reinforced Body","Rebound","Streamline","Echo Form+1","Cold Snap","Tempest+1","Genetic Algorithm+1","BootSequence+1","Machine Learning","BootSequence+1","Stack+1","RitualDagger","Enlightenment+1","BootSequence+1","Turbo+1","Leap+1","BootSequence+1","Conserve Battery+1","Go for the Eyes","Reprogram+1","Electrodynamics+1","Rip and Tear+1","Melter","Compile Driver+1","Compile Driver+1","Hyperbeam+1","Rebound+1","Skim+1"],"relics":["Cracked Core","Oddly Smooth Stone","Toxic Egg 2","Du-Vu Doll","Dodecahedron","Runic Pyramid","Bottled Lightning","Lee\u0027s Waffle","Art of War","Matryoshka","Centennial Puzzle","Pen Nib","Meat on the Bone","Nloth\u0027s Gift","Tiny House","Molten Egg 2","Old Coin","Bronze Scales","Gremlin Horn","Peace Pipe","Cables"],"potions_floor_usage":[10,12,16,23,25,33,45,50],"damage_taken":[{"damage":0,"enemies":"2 Louse","floor":1,"turns":3},{"damage":0,"enemies":"Cultist","floor":2,"turns":4},{"damage":0,"enemies":"Small Slimes","floor":3,"turns":2},{"damage":1,"enemies":"Blue Slaver","floor":5,"turns":4},{"damage":31,"enemies":"3 Sentries","floor":6,"turns":8},{"damage":0,"enemies":"Exordium Wildlife","floor":8,"turns":4},{"damage":4,"enemies":"3 Sentries","floor":10,"turns":7},{"damage":16,"enemies":"3 Louse","floor":11,"turns":3},{"damage":37,"enemies":"Gremlin Nob","floor":12,"turns":4},{"damage":24,"enemies":"Hexaghost","floor":16,"turns":10},{"damage":30,"enemies":"3 Byrds","floor":18,"turns":5},{"damage":14,"enemies":"2 Thieves","floor":19,"turns":5},{"damage":17,"enemies":"Slavers","floor":23,"turns":6},{"damage":5,"enemies":"Book of Stabbing","floor":25,"turns":6},{"damage":28,"enemies":"Gremlin Leader","floor":27,"turns":9},{"damage":0,"enemies":"3 Cultists","floor":28,"turns":6},{"damage":9,"enemies":"Centurion and Healer","floor":29,"turns":10},{"damage":46,"enemies":"Collector","floor":33,"turns":15},{"damage":3,"enemies":"Orb Walker","floor":35,"turns":5},{"damage":3,"enemies":"3 Darklings","floor":36,"turns":4},{"damage":17,"enemies":"Writhing Mass","floor":37,"turns":9},{"damage":0,"enemies":"Maw","floor":39,"turns":8},{"damage":0,"enemies":"Mind Bloom Boss Battle","floor":40,"turns":8},{"damage":0,"enemies":"4 Shapes","floor":42,"turns":4},{"damage":17,"enemies":"2 Orb Walkers","floor":44,"turns":6},{"damage":0,"enemies":"Reptomancer","floor":45,"turns":4},{"damage":4,"enemies":"Sphere and 2 Shapes","floor":47,"turns":3},{"damage":0,"enemies":"Transient","floor":48,"turns":5},{"damage":124,"enemies":"Awakened One","floor":50,"turns":12}],"seed_played":"-1908924933327510362","potions_obtained":[{"floor":2,"key":"Dexterity Potion"},{"floor":6,"key":"Explosive Potion"},{"floor":12,"key":"Strength Potion"},{"floor":18,"key":"SkillPotion"},{"floor":28,"key":"GamblersBrew"},{"floor":29,"key":"PowerPotion"},{"floor":34,"key":"FairyPotion"},{"floor":44,"key":"Explosive Potion"},{"floor":48,"key":"Fire Potion"}],"is_trial":false,"path_per_floor":["M","M","M","?","M","E","R","M","T","?","M","E","R","?","R","B",null,"M","M","?","?","$","E","R","E","T","E","M","M","?","?","R","B",null,"M","M","M","$","M","?","R","M","T","?","E","R","M","M","R","B"],"character_chosen":"DEFECT","items_purchased":["Bottled Lightning","Enlightenment+1","Regen Potion","Lee\u0027s Waffle","BootSequence+1","Turbo+1","Molten Egg 2"],"campfire_rested":6,"item_purchase_floors":[22,22,22,22,22,22,38],"current_hp_per_floor":[68,68,68,68,67,36,58,58,58,54,38,1,23,12,34,10,59,29,15,9,9,82,65,65,75,75,47,47,50,50,50,50,16,71,68,65,48,48,48,48,74,74,74,57,57,83,79,79,87,0],"gold":584,"neow_bonus":"RANDOM_COLORLESS_2","is_prod":false,"is_daily":false,"chose_seed":false,"campfire_upgraded":2,"win_rate":0,"timestamp":1549963584,"path_taken":["M","M","M","?","?","E","R","M","T","?","M","E","R","?","R","BOSS","M","M","?","?","$","E","R","E","T","E","M","?","?","?","R","BOSS","M","M","?","$","M","?","R","M","T","?","E","R","M","M","R","BOSS"],"build_version":"2019-01-23","purchased_purges":1,"victory":false,"max_hp_per_floor":[75,75,75,75,75,75,75,75,75,75,75,75,75,75,75,75,75,75,75,75,75,82,82,82,82,82,82,82,82,82,82,82,82,87,87,87,87,87,87,87,87,87,87,87,87,87,87,87,87,87],"card_choices":[{"not_picked":["Lockon","Gash"],"picked":"Cold Snap","floor":1},{"not_picked":["White Noise","Ball Lightning"],"picked":"Reinforced Body","floor":2},{"not_picked":["Ball Lightning","Gash"],"picked":"Rebound","floor":3},{"not_picked":["Heatsinks","Barrage"],"picked":"Streamline","floor":5},{"not_picked":["Barrage","Force Field"],"picked":"Echo Form","floor":6},{"not_picked":["Sweeping Beam","Stack"],"picked":"Cold Snap","floor":8},{"not_picked":["Beam Cell","Streamline"],"picked":"Tempest+1","floor":10},{"not_picked":["Compile Driver","Steam Power+1"],"picked":"Genetic Algorithm+1","floor":11},{"not_picked":["Melter","Heatsinks"],"picked":"BootSequence+1","floor":12},{"not_picked":["Creative AI","Reboot+1"],"picked":"Machine Learning","floor":16},{"not_picked":["Blizzard","Stack+1"],"picked":"BootSequence+1","floor":18},{"not_picked":["Streamline","Lockon+1"],"picked":"Stack+1","floor":19},{"not_picked":["Ball Lightning","Capacitor+1"],"picked":"Leap+1","floor":23},{"not_picked":["Barrage","Hologram+1"],"picked":"BootSequence+1","floor":25},{"not_picked":["Ball Lightning","Self Repair+1"],"picked":"Conserve Battery+1","floor":27},{"not_picked":["Cold Snap","Chaos+1"],"picked":"Go for the Eyes","floor":28},{"not_picked":["Reinforced Body+1","Turbo+1"],"picked":"Reprogram+1","floor":29},{"not_picked":["All For One","Biased Cognition"],"picked":"Electrodynamics","floor":33},{"not_picked":["Core Surge","Stack+1"],"picked":"Rip and Tear+1","floor":34},{"not_picked":["Stack+1","Barrage","Streamline+1"],"picked":"SKIP","floor":35},{"not_picked":["Fusion+1","Electrodynamics","Streamline+1"],"picked":"SKIP","floor":36},{"not_picked":["Conserve Battery+1","Leap+1"],"picked":"Melter","floor":37},{"not_picked":["Streamline+1","Leap+1"],"picked":"Compile Driver+1","floor":39},{"not_picked":["Beam Cell+1","Turbo+1"],"picked":"Compile Driver+1","floor":40},{"not_picked":["Coolheaded+1","Compile Driver+1"],"picked":"Hyperbeam+1","floor":42},{"not_picked":["Redo+1","Scrape+1"],"picked":"Rebound+1","floor":44},{"not_picked":["Cold Snap+1","White Noise+1","Streamline+1"],"picked":"SKIP","floor":45},{"not_picked":["Beam Cell+1","Reboot+1","Steam+1"],"picked":"SKIP","floor":47},{"not_picked":["Scrape+1","Recycle+1"],"picked":"Skim+1","floor":48}],"player_experience":789068,"relics_obtained":[{"floor":6,"key":"Oddly Smooth Stone"},{"floor":9,"key":"Toxic Egg 2"},{"floor":10,"key":"Du-Vu Doll"},{"floor":12,"key":"Dodecahedron"},{"floor":23,"key":"Art of War"},{"floor":25,"key":"Matryoshka"},{"floor":26,"key":"Centennial Puzzle"},{"floor":26,"key":"Pen Nib"},{"floor":27,"key":"Meat on the Bone"},{"floor":40,"key":"Old Coin"},{"floor":43,"key":"Bronze Scales"},{"floor":43,"key":"Gremlin Horn"},{"floor":44,"key":"Peace Pipe"},{"floor":45,"key":"Cables"}],"event_choices":[{"damage_healed":0,"gold_gain":0,"player_choice":"Trade","damage_taken":0,"relics_obtained":["GremlinMask"],"max_hp_gain":0,"max_hp_loss":0,"event_name":"FaceTrader","floor":4,"gold_loss":0},{"damage_healed":0,"gold_gain":30,"player_choice":"Searched \u00272\u0027 times","damage_taken":0,"max_hp_gain":0,"max_hp_loss":0,"event_name":"Dead Adventurer","floor":10,"gold_loss":0},{"damage_healed":0,"gold_gain":75,"player_choice":"Gather Gold","damage_taken":11,"max_hp_gain":0,"max_hp_loss":0,"event_name":"World of Goop","floor":14,"gold_loss":0},{"damage_healed":0,"gold_gain":0,"player_choice":"Joined the Cult","damage_taken":6,"max_hp_gain":0,"max_hp_loss":0,"event_name":"Nest","floor":20,"gold_loss":0,"cards_obtained":["RitualDagger"]},{"damage_healed":0,"gold_gain":275,"player_choice":"Desecrate","damage_taken":0,"max_hp_gain":0,"max_hp_loss":0,"event_name":"Golden Shrine","floor":21,"gold_loss":0,"cards_obtained":["Regret"]},{"damage_healed":0,"gold_gain":0,"player_choice":"Simplicity","damage_taken":0,"max_hp_gain":0,"max_hp_loss":0,"event_name":"Back to Basics","floor":30,"gold_loss":0,"cards_upgraded":["Strike_B","Strike_B","Strike_B","Strike_B","Defend_B","Defend_B","Defend_B","Defend_B"]},{"damage_healed":0,"gold_gain":0,"player_choice":"Traded Relic","damage_taken":0,"relics_obtained":["Nloth\u0027s Gift"],"max_hp_gain":0,"max_hp_loss":0,"event_name":"N\u0027loth","floor":31,"relics_lost":["GremlinMask"],"gold_loss":0},{"damage_healed":0,"gold_gain":0,"player_choice":"Fight","damage_taken":0,"max_hp_gain":0,"max_hp_loss":0,"event_name":"MindBloom","floor":40,"gold_loss":0},{"damage_healed":0,"gold_gain":0,"player_choice":"Fight","damage_taken":0,"max_hp_gain":0,"max_hp_loss":0,"event_name":"Mysterious Sphere","floor":44,"gold_loss":0}],"is_beta":false,"boss_relics":[{"not_picked":["Astrolabe","Orrery"],"picked":"Runic Pyramid"},{"not_picked":["Philosopher\u0027s Stone","Coffee Dripper"],"picked":"Tiny House"}],"items_purged_floors":[38],"is_endless":false,"potions_floor_spawned":[2,6,12,18,28,29,35,42,44,48],"killed_by":"Awakened One","ascension_level":12}