{"gold_per_floor":[116,116,41,41,55,55,83,96,96,128,128,78,108,108,108,212,212,222,147,165,177,193,221,221,221,245,245,120,120,151,163,163,259,259,275,275,150,150,165,165,165,194,194,194,225,0,0,12,12,12,12,12,12,44,44],"floor_reached":55,"playtime":6703,"items_purged":["Regret","Strike_B","Self Repair+1"],"score":1184,"play_id":"3411ff1a-eb54-470c-9b32-8c8c3c00e895","local_time":"20190214010959","is_ascension_mode":true,"campfire_choices":[{"data":"Seek","floor":6,"key":"SMITH"},{"floor":11,"key":"REST"},{"data":"Fission","floor":15,"key":"SMITH"},{"data":"1","floor":25,"key":"LIFT"},{"data":"2","floor":27,"key":"LIFT"},{"data":"3","floor":32,"key":"LIFT"},{"floor":40,"key":"RECALL"},{"data":"Master of Strategy","floor":44,"key":"SMITH"},{"data":"Double Energy","floor":47,"key":"SMITH"},{"floor":49,"key":"REST"},{"floor":52,"key":"REST"}],"neow_cost":"NONE","seed_source_timestamp":210860684046591,"circlet_count":0,"master_deck":["Zap+1","Dualcast+1","Sweeping Beam+1","Undo+1","Defragment+1","Leap+1","Seek+1","Defragment+1","Cold Snap+1","Go for the Eyes+1","Blizzard+1","Fission+1","Reboot+1","Ball Lightning+1","Defragment+1","Turbo+1","Cold Snap+1","Ball Lightning+1","Coolheaded+1","Stack+1","Turbo+1","Go for the Eyes+1","Creative AI+1","Electrodynamics+1","BootSequence+1","Master of Strategy+1","White Noise+1","Double Energy+1","Ball Lightning+1"],"relics":["Astrolabe","Pantograph","Ornamental Fan","Ice Cream","Anchor","White Beast Statue","Girya","Bronze Scales","Juzu Bracelet","Runic Pyramid","Mark of the Bloom","Frozen Egg 2","Bird Faced Urn","Strawberry","Red Mask","Blood Vial"],"potions_floor_usage":[7,10,10,13,16,18,21,21,22,23,30,31,33,42,45,50,54,55,55],"damage_taken":[{"damage":12,"enemies":"Jaw Worm","floor":1,"turns":3},{"damage":0,"enemies":"2 Louse","floor":5,"turns":2},{"damage":16,"enemies":"Gremlin Nob","floor":7,"turns":3},{"damage":0,"enemies":"Small Slimes","floor":8,"turns":3},{"damage":0,"enemies":"Lagavulin","floor":10,"turns":7},{"damage":0,"enemies":"Gremlin Nob","floor":13,"turns":4},{"damage":61,"enemies":"Slime Boss","floor":16,"turns":13},{"damage":27,"enemies":"3 Byrds","floor":18,"turns":6},{"damage":0,"enemies":"Spheric Guardian","floor":20,"turns":3},{"damage":22,"enemies":"Snecko","floor":21,"turns":5},{"damage":14,"enemies":"Centurion and Healer","floor":22,"turns":5},{"damage":15,"enemies":"Gremlin Leader","floor":23,"turns":6},{"damage":8,"enemies":"Slavers","floor":30,"turns":4},{"damage":0,"enemies":"Sentry and Sphere","floor":31,"turns":3},{"damage":20,"enemies":"Champ","floor":33,"turns":10},{"damage":1,"enemies":"Orb Walker","floor":35,"turns":3},{"damage":0,"enemies":"3 Shapes","floor":39,"turns":2},{"damage":0,"enemies":"Reptomancer","floor":42,"turns":4},{"damage":0,"enemies":"Nemesis","floor":45,"turns":5},{"damage":0,"enemies":"Jaw Worm Horde","floor":48,"turns":3},{"damage":0,"enemies":"Donu and Deca","floor":50,"turns":4},{"damage":17,"enemies":"Shield and Spear","floor":54,"turns":4},{"damage":54,"enemies":"The Heart","floor":55,"turns":5}],"seed_played":"8935085317052359456","potions_obtained":[{"floor":1,"key":"AttackPotion"},{"floor":8,"key":"EntropicBrew"},{"floor":16,"key":"Regen Potion"},{"floor":18,"key":"Energy Potion"},{"floor":20,"key":"Poison Potion"},{"floor":21,"key":"Block Potion"},{"floor":22,"key":"Explosive Potion"},{"floor":23,"key":"Poison Potion"},{"floor":30,"key":"LiquidBronze"},{"floor":31,"key":"Weak Potion"},{"floor":33,"key":"FocusPotion"},{"floor":35,"key":"EssenceOfSteel"},{"floor":39,"key":"Explosive Potion"},{"floor":42,"key":"Fire Potion"},{"floor":45,"key":"Weak Potion"},{"floor":48,"key":"Swift Potion"},{"floor":54,"key":"GamblersBrew"}],"is_trial":false,"path_per_floor":["M","?","$","?","M","R","E","M","T","E","R","?","E","?","R","B",null,"M","$","M","M","M","E","?","R","T","R","$","?","E","M","R","B",null,"M","?","$","?","M","R","?","E","T","R","E","?","R","M","R","B",null,"R","$","E","B"],"character_chosen":"DEFECT","items_purchased":["Defragment","Coolheaded"],"campfire_rested":3,"item_purchase_floors":[3,28],"current_hp_per_floor":[56,56,56,41,41,41,25,25,25,32,54,54,61,61,61,21,62,56,56,63,48,41,33,33,33,33,33,33,33,32,39,39,51,69,68,68,68,68,68,68,68,68,68,68,68,68,68,68,68,68,68,68,68,51,0],"gold":44,"neow_bonus":"BOSS_RELIC","is_prod":false,"is_daily":false,"chose_seed":false,"campfire_upgraded":4,"win_rate":0,"timestamp":1550102999,"path_taken":["M","?","$","?","?","R","E","M","T","E","R","?","E","?","R","BOSS","M","$","M","M","M","E","?","R","T","R","$","?","E","M","R","BOSS","M","?","$","?","M","R","?","E","T","R","E","?","R","M","R","BOSS","R","$","E","BOSS"],"build_version":"2019-01-23","purchased_purges":3,"victory":false,"max_hp_per_floor":[75,75,75,75,75,75,75,75,75,75,75,75,75,75,75,75,75,75,75,75,75,75,75,75,75,75,75,75,75,75,75,75,75,75,75,75,75,71,71,71,71,71,71,71,78,78,78,78,78,78,78,78,78,78,78],"card_choices":[{"not_picked":["Doom and Gloom","Turbo"],"picked":"Leap","floor":1},{"not_picked":["Redo","BootSequence"],"picked":"Cold Snap","floor":5},{"not_picked":["Force Field","Undo"],"picked":"Self Repair","floor":7},{"not_picked":["Steam","Cold Snap"],"picked":"Go for the Eyes","floor":8},{"not_picked":["Capacitor","Hologram"],"picked":"Blizzard","floor":10},{"not_picked":["Sweeping Beam","Core Surge"],"picked":"Fission","floor":13},{"not_picked":["Buffer","All For One"],"picked":"Reboot","floor":16},{"not_picked":["Stack","Leap+1"],"picked":"Ball Lightning+1","floor":18},{"not_picked":["Barrage+1","Stack"],"picked":"Defragment+1","floor":20},{"not_picked":["Leap","Doom and Gloom"],"picked":"Turbo","floor":21},{"not_picked":["Consume+1","Storm+1"],"picked":"Cold Snap","floor":22},{"not_picked":["Auto Shields+1","Redo","Go for the Eyes"],"picked":"SKIP","floor":23},{"not_picked":["Recycle+1","Leap"],"picked":"Go for the Eyes+1","floor":30},{"not_picked":["Stack","Ball Lightning"],"picked":"Creative AI","floor":31},{"not_picked":["Rainbow","Seek"],"picked":"Electrodynamics","floor":33},{"not_picked":["Turbo+1","Compile Driver"],"picked":"BootSequence","floor":35},{"not_picked":["Compile Driver","Rip and Tear+1","Meteor Strike"],"picked":"SKIP","floor":39},{"not_picked":["Forethought","Deep Breath"],"picked":"Master of Strategy","floor":41},{"not_picked":["Turbo","Beam Cell"],"picked":"White Noise+1","floor":42},{"not_picked":["Coolheaded+1","Hologram"],"picked":"Double Energy","floor":45},{"not_picked":["Sweeping Beam","Redo","Compile Driver"],"picked":"SKIP","floor":48},{"not_picked":["Darkness+1","Go for the Eyes"],"picked":"Ball Lightning+1","floor":54}],"player_experience":172453,"relics_obtained":[{"floor":7,"key":"Pantograph"},{"floor":10,"key":"Ornamental Fan"},{"floor":13,"key":"Ice Cream"},{"floor":23,"key":"Girya"},{"floor":26,"key":"Bronze Scales"},{"floor":30,"key":"Juzu Bracelet"},{"floor":42,"key":"Frozen Egg 2"},{"floor":43,"key":"Bird Faced Urn"},{"floor":45,"key":"Strawberry"},{"floor":54,"key":"Blood Vial"}],"event_choices":[{"damage_healed":0,"gold_gain":0,"cards_transformed":["Defend_B"],"player_choice":"Change","damage_taken":0,"max_hp_gain":0,"max_hp_loss":0,"event_name":"Living Wall","floor":2,"gold_loss":0,"cards_obtained":["Seek"]},{"damage_healed":0,"gold_gain":0,"player_choice":"Entered Light","damage_taken":15,"max_hp_gain":0,"max_hp_loss":0,"event_name":"Shining Light","floor":4,"gold_loss":0,"cards_upgraded":["Defragment","Zap"]},{"cards_removed":["Defend_B"],"damage_healed":0,"gold_gain":0,"player_choice":"Card Removal","damage_taken":0,"max_hp_gain":0,"max_hp_loss":0,"event_name":"The Cleric","floor":12,"gold_loss":50},{"damage_healed":0,"gold_gain":0,"player_choice":"Box","damage_taken":0,"relics_obtained":["Anchor"],"max_hp_gain":0,"max_hp_loss":0,"event_name":"Big Fish","floor":14,"gold_loss":0,"cards_obtained":["Regret"]},{"damage_healed":0,"gold_gain":0,"player_choice":"Read","damage_taken":0,"max_hp_gain":0,"max_hp_loss":0,"event_name":"The Library","floor":24,"gold_loss":0,"cards_obtained":["Ball Lightning"]},{"damage_healed":0,"gold_gain":0,"cards_transformed":["Strike_B","Defend_B"],"player_choice":"Became Test Subject","damage_taken":0,"max_hp_gain":0,"max_hp_loss":0,"event_name":"Drug Dealer","floor":29,"gold_loss":0,"cards_obtained":["Stack","Turbo"]},{"damage_healed":0,"gold_gain":0,"player_choice":"Upgrade","damage_taken":0,"relics_obtained":["Mark of the Bloom"],"max_hp_gain":0,"max_hp_loss":0,"event_name":"MindBloom","floor":36,"gold_loss":0,"cards_upgraded":["Dualcast","Leap","Cold Snap","Self Repair","Go for the Eyes","Blizzard","Reboot","Turbo","Cold Snap","Ball Lightning","Coolheaded","Stack","Turbo","Creative AI","Electrodynamics","BootSequence"]},{"damage_healed":0,"gold_gain":0,"player_choice":"Max HP","damage_taken":0,"max_hp_gain":0,"max_hp_loss":4,"event_name":"Winding Halls","floor":38,"gold_loss":0},{"damage_healed":0,"gold_gain":0,"player_choice":"Memory 1","damage_taken":0,"max_hp_gain":0,"max_hp_loss":0,"event_name":"SensoryStone","floor":41,"gold_loss":0},{"damage_healed":0,"gold_gain":0,"player_choice":"Paid","damage_taken":0,"relics_obtained":["Red Mask"],"max_hp_gain":0,"max_hp_loss":0,"event_name":"Tomb of Lord Red Mask","floor":46,"gold_loss":225}],"is_beta":false,"boss_relics":[{"not_picked":["Snecko Eye","Ectoplasm"],"picked":"White Beast Statue"},{"not_picked":["Tiny House","Lizard Tail"],"picked":"Runic Pyramid"}],"items_purged_floors":[19,28,37],"is_endless":false,"potions_floor_spawned":[1,8,16,18,20,21,22,23,30,31,33,35,39,42,45,48,54],"killed_by":"The Heart","ascension_level":7}