{"gold_per_floor":[119,119,119,138,71,82,107,120,196,196,224,224,224,240,240,342,342,353,13,32,52,52,52,78,78,104,118,138,138,138,151,151,251,251,262,262,275,275,48,79,94,105,128,128,142,152,179,179,179,179],"floor_reached":50,"playtime":4578,"items_purged":["Defend_B"],"score":864,"play_id":"8070a1e3-0604-4709-b05b-d1c357d06303","local_time":"20190214190646","is_ascension_mode":true,"campfire_choices":[{"data":"Turbo","floor":10,"key":"SMITH"},{"data":"Reinforced Body","floor":13,"key":"SMITH"},{"floor":15,"key":"REST"},{"data":"Sunder","floor":23,"key":"SMITH"},{"data":"Electrodynamics","floor":25,"key":"SMITH"},{"data":"Aggregate","floor":29,"key":"SMITH"},{"data":"Hologram","floor":32,"key":"SMITH"},{"data":"Fission","floor":44,"key":"SMITH"},{"floor":49,"key":"REST"}],"neow_cost":"NONE","seed_source_timestamp":51922616636237,"circlet_count":0,"master_deck":["AscendersBane","Defend_B","Zap","Dualcast","Turbo+1","Reinforced Body+1","Sweeping Beam","White Noise","Aggregate+1","BootSequence","Electrodynamics+1","Glacier+1","Darkness+1","Loop+1","Reinforced Body+1","Thunder Strike","Coolheaded","Undo","Sunder+1","Fission","Double Energy","Chaos+1","Melter","Biased Cognition","Hologram+1","Rainbow+1","Coolheaded+1","Loop+1","Sweeping Beam+1","Conserve Battery","Buffer","Skim+1","Undo","Fission+1","Compile Driver","Undo+1","Doom and Gloom+1","Chaos+1","Biased Cognition","Finesse+1"],"relics":["Snecko Eye","Gambling Chip","Meat on the Bone","Regal Pillow","Astrolabe","Chemical X","DataDisk","Oddly Smooth Stone","Orrery","Vajra","Potion Belt","Pen Nib","Toxic Egg 2"],"potions_floor_usage":[7,11,11,11,20,33,42,47,50,50],"damage_taken":[{"damage":0,"enemies":"2 Louse","floor":1,"turns":3},{"damage":5,"enemies":"Small Slimes","floor":4,"turns":3},{"damage":0,"enemies":"Cultist","floor":6,"turns":4},{"damage":16,"enemies":"Lagavulin","floor":7,"turns":5},{"damage":0,"enemies":"2 Fungi Beasts","floor":8,"turns":3},{"damage":31,"enemies":"Gremlin Nob","floor":11,"turns":4},{"damage":0,"enemies":"3 Louse","floor":14,"turns":3},{"damage":37,"enemies":"Hexaghost","floor":16,"turns":11},{"damage":0,"enemies":"2 Thieves","floor":18,"turns":4},{"damage":0,"enemies":"Shell Parasite","floor":20,"turns":4},{"damage":18,"enemies":"Centurion and Healer","floor":21,"turns":7},{"damage":0,"enemies":"Slavers","floor":24,"turns":3},{"damage":0,"enemies":"Cultist and Chosen","floor":27,"turns":4},{"damage":0,"enemies":"Chosen and Byrds","floor":28,"turns":3},{"damage":0,"enemies":"Snake Plant","floor":31,"turns":2},{"damage":7,"enemies":"Champ","floor":33,"turns":10},{"damage":4,"enemies":"3 Darklings","floor":35,"turns":4},{"damage":2,"enemies":"Orb Walker","floor":37,"turns":3},{"damage":8,"enemies":"Reptomancer","floor":40,"turns":5},{"damage":29,"enemies":"3 Darklings","floor":41,"turns":3},{"damage":0,"enemies":"Spire Growth","floor":42,"turns":4},{"damage":0,"enemies":"Transient","floor":45,"turns":5},{"damage":0,"enemies":"Jaw Worm Horde","floor":46,"turns":3},{"damage":55,"enemies":"Giant Head","floor":47,"turns":9},{"damage":71,"enemies":"Awakened One","floor":50,"turns":11}],"seed_played":"-7905425049971697191","potions_obtained":[{"floor":1,"key":"EntropicBrew"},{"floor":3,"key":"AttackPotion"},{"floor":3,"key":"Dexterity Potion"},{"floor":3,"key":"FairyPotion"},{"floor":14,"key":"Block Potion"},{"floor":21,"key":"SpeedPotion"},{"floor":27,"key":"SpeedPotion"},{"floor":28,"key":"Ancient Potion"},{"floor":31,"key":"Weak Potion"},{"floor":33,"key":"Poison Potion"},{"floor":37,"key":"SteroidPotion"},{"floor":41,"key":"AttackPotion"},{"floor":42,"key":"Weak Potion"},{"floor":46,"key":"Dexterity Potion"}],"is_trial":false,"path_per_floor":["M","?","?","M","$","M","E","M","T","R","E","?","R","M","R","B",null,"M","$","M","M","?","R","E","R","T","M","M","R","?","M","R","B",null,"M","?","M","?","$","E","M","M","T","R","M","M","E","?","R","B"],"character_chosen":"DEFECT","items_purchased":["Reinforced Body","Thunder Strike","Chemical X","Vajra"],"campfire_rested":2,"item_purchase_floors":[5,19,19,39],"current_hp_per_floor":[68,61,61,56,56,56,40,40,40,40,21,21,21,33,70,45,68,68,68,68,50,50,50,50,50,50,50,50,50,50,50,50,43,67,63,63,61,61,61,53,36,48,48,48,48,48,19,19,56,0],"gold":179,"neow_bonus":"BOSS_RELIC","is_prod":false,"is_daily":false,"chose_seed":false,"campfire_upgraded":7,"win_rate":0,"timestamp":1550167606,"path_taken":["M","?","?","M","$","M","E","?","T","R","E","?","R","M","R","BOSS","M","$","M","M","?","R","E","R","T","M","M","R","?","M","R","BOSS","M","?","M","?","$","E","M","M","T","R","?","M","E","?","R","BOSS"],"build_version":"2019-01-23","purchased_purges":1,"victory":false,"max_hp_per_floor":[75,75,75,75,75,75,75,75,75,75,75,75,75,75,75,75,75,75,75,75,75,75,75,75,75,75,75,75,75,75,75,75,75,75,75,75,75,75,75,75,75,75,75,75,75,75,75,75,75,75],"card_choices":[{"not_picked":["Defragment","FTL"],"picked":"Consume","floor":1},{"not_picked":["Beam Cell","Rebound"],"picked":"Turbo","floor":4},{"not_picked":["Conserve Battery","Darkness"],"picked":"Sweeping Beam","floor":6},{"not_picked":["Steam","Cold Snap","Redo"],"picked":"SKIP","floor":7},{"not_picked":["Leap","Multi-Cast"],"picked":"White Noise","floor":8},{"not_picked":["Genetic Algorithm","Cold Snap"],"picked":"Ball Lightning","floor":11},{"not_picked":["Storm","Steam"],"picked":"BootSequence","floor":14},{"not_picked":["All For One","Fission"],"picked":"Electrodynamics","floor":16},{"not_picked":["Steam Power+1","Steam"],"picked":"Reinforced Body+1","floor":18},{"not_picked":["Barrage","Rip and Tear"],"picked":"Coolheaded","floor":20},{"not_picked":["Cold Snap","Turbo"],"picked":"Undo","floor":21},{"not_picked":["Stack+1","Electrodynamics"],"picked":"Fission","floor":24},{"not_picked":["Leap+1","Compile Driver+1"],"picked":"Double Energy","floor":27},{"not_picked":["Auto Shields+1","Go for the Eyes"],"picked":"Chaos+1","floor":28},{"not_picked":["Cold Snap","Consume"],"picked":"Hologram","floor":31},{"not_picked":["All For One","Amplify"],"picked":"Rainbow","floor":33},{"not_picked":["Barrage","Static Discharge"],"picked":"Coolheaded+1","floor":34},{"not_picked":["Gash","Rebound"],"picked":"Loop+1","floor":34},{"not_picked":["Go for the Eyes","Turbo+1"],"picked":"Sweeping Beam+1","floor":34},{"not_picked":["Turbo","Ball Lightning"],"picked":"Conserve Battery","floor":34},{"not_picked":["Hello World","Compile Driver"],"picked":"Buffer","floor":34},{"not_picked":["Beam Cell+1","Go for the Eyes+1"],"picked":"Skim+1","floor":35},{"not_picked":["Steam","Conserve Battery+1"],"picked":"Undo","floor":37},{"not_picked":["Hologram+1","Compile Driver+1"],"picked":"Fission","floor":40},{"not_picked":["Stack","BootSequence+1"],"picked":"Compile Driver","floor":41},{"not_picked":["Melter+1","Cold Snap+1"],"picked":"Undo+1","floor":42},{"not_picked":["Fusion+1","Redo"],"picked":"Doom and Gloom+1","floor":45},{"not_picked":["Barrage+1","Force Field+1"],"picked":"Chaos+1","floor":46},{"not_picked":["Static Discharge+1","Heatsinks+1"],"picked":"Biased Cognition","floor":47},{"not_picked":["Swift Strike","Metamorphosis+1"],"picked":"Finesse+1","floor":48}],"player_experience":189565,"relics_obtained":[{"floor":7,"key":"Gambling Chip"},{"floor":9,"key":"Meat on the Bone"},{"floor":11,"key":"Regal Pillow"},{"floor":24,"key":"DataDisk"},{"floor":26,"key":"Oddly Smooth Stone"},{"floor":40,"key":"Potion Belt"},{"floor":43,"key":"Pen Nib"},{"floor":47,"key":"Toxic Egg 2"}],"event_choices":[{"cards_removed":["Strike_B"],"damage_healed":0,"gold_gain":0,"player_choice":"Card Removal","damage_taken":7,"max_hp_gain":0,"max_hp_loss":0,"event_name":"Golden Wing","floor":2,"gold_loss":0},{"damage_healed":0,"gold_gain":0,"player_choice":"Got Potions","damage_taken":0,"max_hp_gain":0,"max_hp_loss":0,"event_name":"Lab","floor":3,"gold_loss":0},{"damage_healed":0,"gold_gain":0,"cards_transformed":["Consume"],"player_choice":"Change","damage_taken":0,"max_hp_gain":0,"max_hp_loss":0,"event_name":"Living Wall","floor":12,"gold_loss":0,"cards_obtained":["Aggregate"]},{"damage_healed":0,"gold_gain":0,"player_choice":"Read","damage_taken":0,"max_hp_gain":0,"max_hp_loss":0,"event_name":"The Library","floor":22,"gold_loss":0,"cards_obtained":["Sunder"]},{"damage_healed":0,"gold_gain":0,"cards_transformed":["Defend_B","Strike_B"],"player_choice":"Became Test Subject","damage_taken":0,"max_hp_gain":0,"max_hp_loss":0,"event_name":"Drug Dealer","floor":30,"gold_loss":0,"cards_obtained":["Melter","Biased Cognition"]},{"cards_removed":["Ball Lightning"],"damage_healed":0,"gold_gain":0,"player_choice":"Removed Attack","damage_taken":0,"max_hp_gain":0,"max_hp_loss":0,"event_name":"Falling","floor":36,"gold_loss":0},{"damage_healed":0,"gold_gain":0,"player_choice":"Forge","damage_taken":0,"max_hp_gain":0,"max_hp_loss":0,"event_name":"Accursed Blacksmith","floor":38,"gold_loss":0,"cards_upgraded":["Rainbow"]},{"damage_healed":0,"gold_gain":0,"player_choice":"Memory 1","damage_taken":0,"max_hp_gain":0,"max_hp_loss":0,"event_name":"SensoryStone","floor":48,"gold_loss":0}],"is_beta":false,"boss_relics":[{"not_picked":["White Beast Statue","Busted Crown"],"picked":"Astrolabe"},{"not_picked":["Inserter","Lizard Tail"],"picked":"Orrery"}],"items_purged_floors":[39],"is_endless":false,"potions_floor_spawned":[1,4,6,14,21,27,28,31,33,37,41,42,46],"killed_by":"Awakened One","ascension_level":10}