{"gold_per_floor":[119,84,84,104,115,142,142,168,180,251,263,285,311,9,9,88,88,88,123,19,31,47,78,78,89,116,116,135,135,145,180,180,256,256,267,267,267,280,22,22,22,41,94,94,105,105,117,129,129,129],"floor_reached":51,"playtime":2441,"items_purged":["Strike_G"],"score":1273,"play_id":"d0c9414f-884c-41ae-90d0-43796605984d","local_time":"20181103024343","is_ascension_mode":true,"campfire_choices":[{"data":"Dagger Spray","floor":7,"key":"SMITH"},{"data":"Cloak And Dagger","floor":11,"key":"SMITH"},{"data":"Mind Blast","floor":15,"key":"SMITH"},{"data":"Cloak And Dagger","floor":24,"key":"SMITH"},{"data":"Neutralize","floor":27,"key":"SMITH"},{"data":"Blade Dance","floor":29,"key":"SMITH"},{"data":"Blade Dance","floor":32,"key":"SMITH"},{"data":"Cloak And Dagger","floor":40,"key":"SMITH"},{"data":"Footwork","floor":44,"key":"SMITH"},{"floor":46,"key":"REST"},{"floor":49,"key":"REST"}],"neow_cost":"NONE","seed_source_timestamp":570385720153843,"circlet_count":0,"master_deck":["AscendersBane","Defend_G+1","Defend_G","Defend_G","Defend_G+1","Defend_G","Strike_G","Strike_G","Strike_G","Survivor","Neutralize+1","Bouncing Flask+1","Sucker Punch","Dagger Spray+1","Cloak And Dagger+1","Die Die Die","Dagger Spray","Blade Dance+1","Mind Blast+1","Cloak And Dagger+1","Endless Agony","Flying Knee","Blade Dance+1","Bullet Time","Deflect+1","Die Die Die","Cloak And Dagger+1","Footwork+1","Backflip","Backflip","Slice"],"relics":["Ring of the Serpent","Pen Nib","Gremlin Horn","MawBank","Shuriken","Vajra","Runic Pyramid","Red Mask","Dodecahedron","Ancient Tea Set","Potion Belt","War Paint","Omamori"],"potions_floor_usage":[6,18,23,23,25,28,33,35,42,45,50],"damage_taken":[{"damage":1,"enemies":"Jaw Worm","floor":1,"turns":6},{"damage":0,"enemies":"2 Louse","floor":4,"turns":3},{"damage":0,"enemies":"Cultist","floor":5,"turns":4},{"damage":17,"enemies":"3 Sentries","floor":6,"turns":9},{"damage":16,"enemies":"Lagavulin","floor":8,"turns":7},{"damage":4,"enemies":"Large Slime","floor":12,"turns":4},{"damage":0,"enemies":"Exordium Wildlife","floor":13,"turns":1},{"damage":0,"enemies":"Slime Boss","floor":16,"turns":5},{"damage":0,"enemies":"2 Thieves","floor":18,"turns":1},{"damage":12,"enemies":"Masked Bandits","floor":19,"turns":3},{"damage":0,"enemies":"3 Byrds","floor":21,"turns":2},{"damage":0,"enemies":"Snecko","floor":22,"turns":3},{"damage":13,"enemies":"Slavers","floor":23,"turns":3},{"damage":3,"enemies":"Sentry and Sphere","floor":25,"turns":3},{"damage":0,"enemies":"Centurion and Healer","floor":28,"turns":2},{"damage":4,"enemies":"Shelled Parasite and Fungi","floor":30,"turns":2},{"damage":2,"enemies":"Gremlin Leader","floor":31,"turns":3},{"damage":1,"enemies":"Collector","floor":33,"turns":4},{"damage":7,"enemies":"Orb Walker","floor":35,"turns":2},{"damage":0,"enemies":"3 Shapes","floor":38,"turns":1},{"damage":16,"enemies":"Writhing Mass","floor":42,"turns":4},{"damage":20,"enemies":"4 Shapes","floor":45,"turns":1},{"damage":7,"enemies":"Transient","floor":47,"turns":5},{"damage":8,"enemies":"Maw","floor":48,"turns":7},{"damage":29,"enemies":"Awakened One","floor":50,"turns":13}],"seed_played":"9127095569847906835","potions_obtained":[{"floor":4,"key":"SteroidPotion"},{"floor":8,"key":"GhostInAJar"},{"floor":12,"key":"SmokeBomb"},{"floor":22,"key":"Dexterity Potion"},{"floor":23,"key":"Weak Potion"},{"floor":25,"key":"SkillPotion"},{"floor":30,"key":"Energy Potion"},{"floor":31,"key":"Swift Potion"},{"floor":33,"key":"Strength Potion"},{"floor":35,"key":"AttackPotion"},{"floor":47,"key":"PowerPotion"}],"is_trial":false,"path_per_floor":["M","?","?","M","M","E","R","E","T","?","R","M","M","$","R","B",null,"M","?","$","M","M","E","R","M","T","R","M","R","M","E","R","B",null,"M","?","?","M","$","R","?","M","T","R","M","R","M","M","R","B",null],"character_chosen":"THE_SILENT","items_purchased":["Vajra","Mind Blast","Cloak And Dagger","Energy Potion","Footwork","Backflip","War Paint"],"campfire_rested":2,"item_purchase_floors":[14,14,20,20,39,39,39],"current_hp_per_floor":[58,66,66,66,66,49,49,33,33,33,33,29,29,29,29,29,57,57,45,45,45,45,32,32,29,29,29,29,29,25,23,23,22,55,48,48,48,48,48,48,48,32,32,32,12,30,23,15,33,4],"gold":129,"neow_bonus":"RANDOM_COMMON_RELIC","is_prod":false,"is_daily":false,"chose_seed":false,"campfire_upgraded":9,"win_rate":0,"timestamp":1541234623,"path_taken":["M","?","?","M","?","E","R","E","T","?","R","M","M","$","R","BOSS","M","?","$","M","M","E","R","M","T","R","M","R","M","E","R","BOSS","M","?","?","M","$","R","?","M","T","R","M","R","?","M","R","BOSS"],"build_version":"2018-11-01v2","purchased_purges":1,"victory":true,"max_hp_per_floor":[66,66,66,66,66,66,66,66,66,66,66,66,66,66,66,66,66,66,66,66,66,66,66,66,66,66,66,66,66,66,66,66,66,66,66,66,63,63,63,63,63,63,63,63,63,63,63,63,63,63],"card_choices":[{"not_picked":["Dagger Throw","Flying Knee"],"picked":"Bouncing Flask","floor":1},{"not_picked":["Escape Plan","Prepared"],"picked":"Sucker Punch","floor":4},{"not_picked":["Blade Dance","Dodge and Roll"],"picked":"Dagger Spray","floor":5},{"not_picked":["PiercingWail","Prepared"],"picked":"Cloak And Dagger","floor":6},{"not_picked":["Backflip","Dagger Spray"],"picked":"Die Die Die","floor":8},{"not_picked":["Poisoned Stab","PiercingWail"],"picked":"Dagger Spray","floor":12},{"not_picked":["PiercingWail","Deadly Poison"],"picked":"Blade Dance","floor":13},{"not_picked":["Caltrops","Dodge and Roll"],"picked":"Endless Agony","floor":21},{"not_picked":["Deadly Poison","Quick Slash","Acrobatics"],"picked":"SKIP","floor":22},{"not_picked":["Backflip","Catalyst"],"picked":"Flying Knee","floor":23},{"not_picked":["Tactician","Well Laid Plans","Blur"],"picked":"SKIP","floor":25},{"not_picked":["Escape Plan+1","Eviscerate"],"picked":"Blade Dance","floor":28},{"not_picked":["Dodge and Roll","Quick Slash"],"picked":"Bullet Time","floor":30},{"not_picked":["Backflip","Skewer"],"picked":"Deflect+1","floor":31},{"not_picked":["Envenom","Night Terror"],"picked":"Die Die Die","floor":33},{"not_picked":["Distraction+1","Dagger Spray","All Out Attack"],"picked":"SKIP","floor":35},{"not_picked":["Caltrops","Dagger Spray"],"picked":"Cloak And Dagger","floor":38},{"not_picked":["Quick Slash","All Out Attack"],"picked":"Backflip","floor":42},{"not_picked":["Backflip","Underhanded Strike+1"],"picked":"Slice","floor":45},{"not_picked":["Noxious Fumes","Acrobatics","Sucker Punch"],"picked":"SKIP","floor":47},{"not_picked":["Dodge and Roll","Underhanded Strike","Dash"],"picked":"SKIP","floor":48}],"player_experience":1085322,"relics_obtained":[{"floor":6,"key":"Gremlin Horn"},{"floor":8,"key":"MawBank"},{"floor":9,"key":"Shuriken"},{"floor":19,"key":"Red Mask"},{"floor":23,"key":"Dodecahedron"},{"floor":26,"key":"Ancient Tea Set"},{"floor":31,"key":"Potion Belt"},{"floor":43,"key":"Omamori"}],"event_choices":[{"damage_healed":16,"gold_gain":0,"player_choice":"Healed","damage_taken":0,"max_hp_gain":0,"max_hp_loss":0,"event_name":"The Cleric","floor":2,"gold_loss":35},{"damage_healed":0,"gold_gain":0,"player_choice":"Forge","damage_taken":0,"max_hp_gain":0,"max_hp_loss":0,"event_name":"Accursed Blacksmith","floor":3,"gold_loss":0,"cards_upgraded":["Bouncing Flask"]},{"damage_healed":0,"gold_gain":59,"player_choice":"Gained Gold","damage_taken":0,"max_hp_gain":0,"max_hp_loss":0,"event_name":"Golden Wing","floor":10,"gold_loss":0},{"damage_healed":0,"gold_gain":0,"player_choice":"Fought Bandits","damage_taken":0,"max_hp_gain":0,"max_hp_loss":0,"event_name":"Masked Bandits","floor":19,"gold_loss":0},{"damage_healed":0,"gold_gain":0,"player_choice":"Ignored","damage_taken":0,"max_hp_gain":0,"max_hp_loss":0,"event_name":"Mysterious Sphere","floor":36,"gold_loss":0},{"damage_healed":0,"gold_gain":0,"player_choice":"Max HP","damage_taken":0,"max_hp_gain":0,"max_hp_loss":3,"event_name":"Winding Halls","floor":37,"gold_loss":0},{"cards_removed":["Strike_G"],"damage_healed":0,"gold_gain":0,"player_choice":"Removed Attack","damage_taken":0,"max_hp_gain":0,"max_hp_loss":0,"event_name":"Falling","floor":41,"gold_loss":0}],"is_beta":true,"boss_relics":[{"not_picked":["Velvet Choker","HoveringKite"],"picked":"Runic Pyramid"},{"not_picked":["Astrolabe","Empty Cage"],"picked":"Ring of the Serpent"}],"items_purged_floors":[14],"is_endless":false,"potions_floor_spawned":[4,8,12,13,22,23,25,30,31,33,35,47],"ascension_level":15}