{"gold_per_floor":[113,113,124,134,152,177,189,227,239,251,281,322,334,360,372,461,473,499,511,540,567,598,610,622,664,676,24,59,59,78,78],"floor_reached":31,"playtime":1452,"items_purged":[],"score":567,"play_id":"c9ee1b87-43d7-41f0-a079-29ec14588d0a","local_time":"20180723085642","is_ascension_mode":true,"campfire_choices":[{"data":"Sunder","floor":7,"key":"SMITH"},{"data":"Zap","floor":10,"key":"SMITH"},{"data":"Hologram","floor":13,"key":"SMITH"},{"data":"Conserve Battery","floor":15,"key":"SMITH"},{"data":"Seek","floor":23,"key":"SMITH"},{"floor":29,"key":"REST"}],"neow_cost":"NONE","seed_source_timestamp":1070222469178198,"circlet_count":0,"master_deck":["Zap+1","Dualcast","AscendersBane","Rainbow+1","Sunder+1","Coolheaded+1","Cold Snap","Chill","Self Repair","Machine Learning","Hologram+1","Cold Snap","Conserve Battery+1","Seek+1","Go for the Eyes","Stack","Chaos","Gash","Tempest","Sweeping Beam","Hello World+1","Venomology","Conserve Battery","Leap","Ball Lightning+1","Steam+1","Finesse+1","Ball Lightning","Echo Form+1","Ball Lightning","Cold Snap"],"relics":["Cracked Core","MawBank","War Paint","Frozen Egg 2","Matryoshka","Pandora\u0027s Box","Mercury Hourglass","Dream Catcher","Cables","Toxic Egg 2","Toy Ornithopter","Juzu Bracelet"],"potions_floor_usage":[6,6,11,16,21,22,22,24,25,25,28,28,28,28,28],"damage_taken":[{"damage":1,"enemies":"2 Louse","floor":1,"turns":3},{"damage":0,"enemies":"Small Slimes","floor":3,"turns":2},{"damage":2,"enemies":"Jaw Worm","floor":4,"turns":3},{"damage":9,"enemies":"2 Fungi Beasts","floor":5,"turns":3},{"damage":0,"enemies":"3 Sentries","floor":6,"turns":5},{"damage":14,"enemies":"Lagavulin","floor":8,"turns":6},{"damage":7,"enemies":"Red Slaver","floor":11,"turns":5},{"damage":24,"enemies":"Gremlin Nob","floor":12,"turns":4},{"damage":7,"enemies":"Looter","floor":14,"turns":4},{"damage":9,"enemies":"Slime Boss","floor":16,"turns":8},{"damage":5,"enemies":"Spheric Guardian","floor":18,"turns":4},{"damage":11,"enemies":"3 Byrds","floor":20,"turns":6},{"damage":20,"enemies":"3 Cultists","floor":21,"turns":6},{"damage":27,"enemies":"Snake Plant","floor":22,"turns":6},{"damage":0,"enemies":"Slaver and Parasite","floor":24,"turns":1},{"damage":24,"enemies":"Gremlin Leader","floor":25,"turns":9},{"damage":11,"enemies":"Book of Stabbing","floor":28,"turns":5},{"damage":19,"enemies":"Snecko","floor":30,"turns":4},{"damage":28,"enemies":"Snake Plant","floor":31,"turns":2}],"seed_played":"3348587322552459749","potions_obtained":[{"floor":3,"key":"FocusPotion"},{"floor":5,"key":"AttackPotion"},{"floor":8,"key":"Regen Potion"},{"floor":12,"key":"Block Potion"},{"floor":21,"key":"SmokeBomb"},{"floor":22,"key":"SpeedPotion"}],"is_trial":false,"path_per_floor":["M","?","M","M","M","E","R","E","T","R","M","E","R","M","R","B",null,"M","?","M","M","M","R","M","E","T","$","E","R","M"],"character_chosen":"DEFECT","items_purchased":["Toxic Egg 2","Finesse+1","Toy Ornithopter","Dexterity Potion","Weak Potion","Ball Lightning"],"campfire_rested":1,"item_purchase_floors":[27,27,27,27,27,27],"current_hp_per_floor":[63,56,56,54,45,45,45,38,38,38,50,33,33,33,33,31,61,63,63,59,46,26,26,26,9,9,9,20,41,22,0],"gold":78,"neow_bonus":"ONE_RANDOM_RARE_CARD","is_prod":false,"is_daily":false,"chose_seed":false,"campfire_upgraded":5,"win_rate":0,"timestamp":1532357802,"path_taken":["M","?","?","M","M","E","R","E","T","R","M","E","R","M","R","BOSS","M","?","M","M","M","R","M","E","T","$","E","R","M","M"],"build_version":"2018-07-19","purchased_purges":0,"victory":false,"max_hp_per_floor":[71,71,71,71,71,71,71,71,71,71,71,71,71,71,71,71,71,71,71,71,71,71,71,71,71,71,71,71,71,71,71],"card_choices":[{"not_picked":["Rebound","Leap"],"picked":"Sunder","floor":1},{"not_picked":["Static Discharge","Hello World"],"picked":"Coolheaded","floor":3},{"not_picked":["Leap","Hologram"],"picked":"Cold Snap","floor":4},{"not_picked":["Beam Cell","Melter"],"picked":"Chill","floor":5},{"not_picked":["Chill","Go for the Eyes"],"picked":"Self Repair","floor":6},{"not_picked":["Steam","Streamline"],"picked":"Machine Learning","floor":8},{"not_picked":["Beam Cell","Sweeping Beam"],"picked":"Hologram","floor":11},{"not_picked":["Hyperbeam","White Noise"],"picked":"Cold Snap","floor":12},{"not_picked":["Rebound","Stack"],"picked":"Conserve Battery","floor":14},{"not_picked":["Meteor Strike","Rainbow"],"picked":"Seek","floor":16},{"not_picked":["Scrape","Rebound"],"picked":"Hello World+1","floor":18},{"not_picked":["Rebound+1","Sweeping Beam"],"picked":"Conserve Battery","floor":20},{"not_picked":["Double Energy","Tempest+1"],"picked":"Leap","floor":21},{"not_picked":["Cold Snap","Beam Cell"],"picked":"Ball Lightning+1","floor":22},{"not_picked":["Leap","Tempest"],"picked":"Steam+1","floor":25},{"not_picked":["Skim+1","Ball Lightning"],"picked":"Echo Form+1","floor":28},{"not_picked":["Rebound","Self Repair+1"],"picked":"Ball Lightning","floor":29},{"not_picked":["Ball Lightning","Turbo+1"],"picked":"Cold Snap","floor":30}],"player_experience":827010,"relics_obtained":[{"floor":6,"key":"MawBank"},{"floor":8,"key":"War Paint"},{"floor":9,"key":"Frozen Egg 2"},{"floor":12,"key":"Matryoshka"},{"floor":25,"key":"Mercury Hourglass"},{"floor":26,"key":"Dream Catcher"},{"floor":26,"key":"Cables"},{"floor":28,"key":"Juzu Bracelet"}],"event_choices":[{"event_name":"Golden Wing","player_choice":"Card Removal","floor":2,"damage_taken":0},{"event_name":"NoteForYourself","player_choice":"Took Card","floor":19,"damage_taken":0}],"is_beta":true,"boss_relics":[{"not_picked":["Orrery","Coffee Dripper"],"picked":"Pandora\u0027s Box"}],"items_purged_floors":[],"is_endless":false,"potions_floor_spawned":[3,5,8,12,21,22],"killed_by":"Snake Plant","ascension_level":15}