{"gold_per_floor":[113,113,133,208,208,208,237,258,312,342,112,112,112,3,3,78,78,95,95,45,39,39,39,53,53,53,68,68],"floor_reached":28,"playtime":1074,"items_purged":["Strike_B","Strike_B","Strike_B"],"score":519,"play_id":"557e7d9a-a595-4fad-ab74-30502977d255","local_time":"20190126165317","is_ascension_mode":true,"campfire_choices":[{"data":"Zap","floor":6,"key":"SMITH"},{"floor":13,"key":"REST"},{"data":"Capacitor","floor":15,"key":"SMITH"},{"data":"Buffer","floor":23,"key":"SMITH"},{"data":"Hologram","floor":25,"key":"SMITH"}],"neow_cost":"NONE","seed_source_timestamp":1464814218218762,"circlet_count":0,"master_deck":["AscendersBane","Strike_B+1","Defend_B","Defend_B","Defend_B+1","Defend_B","Zap+1","Dualcast","Hologram+1","Cold Snap","Cold Snap","Machine Learning","Gash","Capacitor+1","Reinforced Body","Compile Driver","Buffer+1","Cold Snap","Cold Snap+1","Capacitor"],"relics":["Cracked Core","NeowsBlessing","Bird Faced Urn","Cables","Odd Mushroom","Smiling Mask","Anchor","Matryoshka","Snecko Eye","Molten Egg 2","Sundial","Torii"],"potions_floor_usage":[10,16,24,28],"damage_taken":[{"damage":0,"enemies":"Cultist","floor":1,"turns":1},{"damage":0,"enemies":"2 Louse","floor":3,"turns":1},{"damage":0,"enemies":"Gremlin Nob","floor":7,"turns":1},{"damage":16,"enemies":"The Mushroom Lair","floor":8,"turns":4},{"damage":15,"enemies":"3 Sentries","floor":10,"turns":6},{"damage":18,"enemies":"Hexaghost","floor":16,"turns":11},{"damage":2,"enemies":"Spheric Guardian","floor":18,"turns":6},{"damage":0,"enemies":"2 Thieves","floor":21,"turns":4},{"damage":5,"enemies":"Centurion and Healer","floor":24,"turns":11},{"damage":9,"enemies":"Snake Plant","floor":27,"turns":8},{"damage":20,"enemies":"Gremlin Leader","floor":28,"turns":4}],"seed_played":"-8289352954056671126","potions_obtained":[{"floor":8,"key":"SkillPotion"},{"floor":16,"key":"Explosive Potion"},{"floor":18,"key":"Energy Potion"},{"floor":27,"key":"SpeedPotion"}],"is_trial":false,"path_per_floor":["M","T","M","?","?","R","E","?","T","E","$","T","R","$","R","B",null,"M","?","$","M","?","R","M","R","T","M","E"],"character_chosen":"DEFECT","items_purchased":["Capacitor","Fire Potion","Reinforced Body","Compile Driver"],"campfire_rested":1,"item_purchase_floors":[11,11,11,14],"current_hp_per_floor":[64,64,64,53,32,32,32,16,16,5,5,5,26,26,26,12,56,60,60,60,64,44,44,45,45,45,42,26],"gold":68,"neow_bonus":"THREE_ENEMY_KILL","is_prod":false,"is_daily":false,"chose_seed":false,"campfire_upgraded":4,"win_rate":0,"timestamp":1548546797,"path_taken":["M","?","M","?","?","R","E","?","T","E","$","?","R","$","R","BOSS","M","?","$","?","?","R","M","R","T","M","E"],"build_version":"2019-01-23","purchased_purges":3,"victory":false,"max_hp_per_floor":[71,71,71,71,71,71,71,71,71,71,71,71,71,71,71,71,71,71,71,71,71,76,76,76,76,76,76,76],"card_choices":[{"not_picked":["Steam","Rebound"],"picked":"Hologram","floor":1},{"not_picked":["Hologram","Force Field"],"picked":"Cold Snap","floor":3},{"not_picked":["Undo","Double Energy"],"picked":"Cold Snap","floor":7},{"not_picked":["Coolheaded","Compile Driver"],"picked":"Machine Learning","floor":8},{"not_picked":["Recycle","Steam"],"picked":"Gash","floor":10},{"not_picked":["Hyperbeam","Amplify"],"picked":"Buffer","floor":16},{"not_picked":["Conserve Battery","Storm"],"picked":"Cold Snap","floor":18},{"not_picked":["Redo+1","Static Discharge","Self Repair"],"picked":"SKIP","floor":21},{"not_picked":["Redo","Recycle"],"picked":"Cold Snap+1","floor":24},{"not_picked":["Hologram","Double Energy"],"picked":"Capacitor","floor":27}],"player_experience":1259804,"relics_obtained":[{"floor":2,"key":"Bird Faced Urn"},{"floor":7,"key":"Cables"},{"floor":8,"key":"Odd Mushroom"},{"floor":9,"key":"Smiling Mask"},{"floor":10,"key":"Anchor"},{"floor":12,"key":"Matryoshka"},{"floor":26,"key":"Sundial"},{"floor":26,"key":"Torii"}],"event_choices":[{"damage_healed":0,"gold_gain":75,"player_choice":"Gather Gold","damage_taken":11,"max_hp_gain":0,"max_hp_loss":0,"event_name":"World of Goop","floor":4,"gold_loss":0},{"damage_healed":0,"gold_gain":0,"player_choice":"Entered Light","damage_taken":21,"max_hp_gain":0,"max_hp_loss":0,"event_name":"Shining Light","floor":5,"gold_loss":0,"cards_upgraded":["Strike_B","Defend_B"]},{"damage_healed":0,"gold_gain":0,"player_choice":"Fought Mushrooms","damage_taken":0,"max_hp_gain":0,"max_hp_loss":0,"event_name":"Mushrooms","floor":8,"gold_loss":0},{"damage_healed":0,"gold_gain":0,"player_choice":"Gave Potion","damage_taken":0,"relics_obtained":["Molten Egg 2"],"max_hp_gain":0,"max_hp_loss":0,"event_name":"WeMeetAgain","floor":19,"gold_loss":0},{"damage_healed":0,"gold_gain":0,"player_choice":"Shed Blood","damage_taken":25,"max_hp_gain":5,"max_hp_loss":0,"event_name":"Forgotten Altar","floor":22,"gold_loss":0}],"is_beta":true,"boss_relics":[{"not_picked":["Busted Crown","Fusion Hammer"],"picked":"Snecko Eye"}],"items_purged_floors":[11,14,20],"is_endless":false,"potions_floor_spawned":[8,16,18,27],"killed_by":"Gremlin Leader","ascension_level":20}