{"gold_per_floor":[111,126,51,69,85,85,114,114,114,114,144,144,179,193,193,269,269,279,204,221,238,218,218,246,261,261,293,293,293,306,319,319,395,395,408,308,1307,1324,516,516,535,535,535,535,546,578,592,620,620,620],"floor_reached":51,"playtime":2392,"items_purged":["Strike_B","Strike_B","Defend_B"],"score":1417,"play_id":"82f6de1a-e5ff-4abb-99f3-0d9ec4b487e6","local_time":"20180801123953","is_ascension_mode":true,"campfire_choices":[{"data":"Zap","floor":6,"key":"SMITH"},{"data":"Conserve Battery","floor":12,"key":"SMITH"},{"data":"Redo","floor":15,"key":"SMITH"},{"data":"Redo","floor":23,"key":"SMITH"},{"data":"Dualcast","floor":29,"key":"SMITH"},{"floor":32,"key":"REST"},{"data":"Go for the Eyes","floor":40,"key":"SMITH"},{"data":"Defragment","floor":42,"key":"SMITH"},{"data":"Auto Shields","floor":49,"key":"SMITH"}],"neow_cost":"NONE","seed_source_timestamp":613509030316899,"circlet_count":0,"master_deck":["Defend_B","Defend_B+1","Zap+1","Dualcast+1","AscendersBane","Conserve Battery+1","Compile Driver","Leap","Doom and Gloom+1","Ball Lightning","Redo+1","Redo+1","Leap","All For One","Darkness+1","Steam","Auto Shields+1","Biased Cognition","Loop+1","Go for the Eyes+1","Glacier","Multi-Cast","White Noise+1","Mayhem","Hologram","Defragment+1","Conserve Battery","Echo Form","Auto Shields"],"relics":["Cracked Core","Pear","Pantograph","Letter Opener","Dodecahedron","Runic Dome","Omamori","Bird Faced Urn","Lantern","Cursed Key","Bag of Preparation","Centennial Puzzle","Regal Pillow","Bronze Scales"],"potions_floor_usage":[7,7,16,18,24,27,27,30,33,50,50],"damage_taken":[{"damage":0,"enemies":"Cultist","floor":1,"turns":3},{"damage":2,"enemies":"Small Slimes","floor":2,"turns":4},{"damage":0,"enemies":"2 Louse","floor":4,"turns":3},{"damage":0,"enemies":"Blue Slaver","floor":5,"turns":4},{"damage":13,"enemies":"Lagavulin","floor":7,"turns":5},{"damage":18,"enemies":"Gremlin Nob","floor":11,"turns":4},{"damage":16,"enemies":"Lagavulin","floor":13,"turns":5},{"damage":10,"enemies":"Large Slime","floor":14,"turns":3},{"damage":2,"enemies":"The Guardian","floor":16,"turns":8},{"damage":2,"enemies":"Chosen","floor":18,"turns":3},{"damage":0,"enemies":"3 Byrds","floor":20,"turns":2},{"damage":14,"enemies":"Snecko","floor":21,"turns":4},{"damage":10,"enemies":"Slavers","floor":24,"turns":2},{"damage":4,"enemies":"Snake Plant","floor":25,"turns":3},{"damage":14,"enemies":"Gremlin Leader","floor":27,"turns":6},{"damage":0,"enemies":"Centurion and Healer","floor":30,"turns":4},{"damage":11,"enemies":"Snecko","floor":31,"turns":5},{"damage":39,"enemies":"Collector","floor":33,"turns":7},{"damage":11,"enemies":"Flame Bruiser 1 Orb","floor":35,"turns":5},{"damage":11,"enemies":"3 Darklings","floor":38,"turns":3},{"damage":2,"enemies":"Spire Growth","floor":41,"turns":4},{"damage":8,"enemies":"4 Shapes","floor":45,"turns":4},{"damage":27,"enemies":"Nemesis","floor":46,"turns":5},{"damage":0,"enemies":"Maw","floor":47,"turns":4},{"damage":0,"enemies":"Giant Head","floor":48,"turns":5},{"damage":15,"enemies":"Time Eater","floor":50,"turns":8}],"seed_played":"3949707493743858534","potions_obtained":[{"floor":2,"key":"GamblersBrew"},{"floor":4,"key":"Regen Potion"},{"floor":13,"key":"LiquidBronze"},{"floor":14,"key":"Fire Potion"},{"floor":20,"key":"PowerPotion"},{"floor":22,"key":"Energy Potion"},{"floor":25,"key":"EssenceOfSteel"},{"floor":27,"key":"GamblersBrew"},{"floor":31,"key":"Strength Potion"}],"is_trial":false,"path_per_floor":["M","M","$","M","M","R","E","?","T","?","E","R","E","M","R","B",null,"M","?","M","M","?","R","E","M","T","E","?","R","M","M","R","B",null,"M","$","?","M","$","R","M","R","T","?","M","E","M","E","R","B"],"character_chosen":"DEFECT","items_purchased":["Bag of Preparation","FocusPotion","Dexterity Potion","Centennial Puzzle","Mayhem","Hologram"],"campfire_rested":1,"item_purchase_floors":[39,39,39,39,39,39],"current_hp_per_floor":[64,62,62,62,62,62,71,71,71,47,29,29,13,3,3,26,67,65,65,65,51,51,51,41,37,37,25,25,25,27,18,42,30,68,61,61,61,54,54,54,58,58,58,58,60,43,53,67,67,68],"gold":620,"neow_bonus":"REMOVE_CARD","is_prod":false,"is_daily":false,"chose_seed":false,"campfire_upgraded":8,"win_rate":0,"timestamp":1533148793,"path_taken":["M","?","$","M","M","R","E","?","T","?","E","R","E","M","R","BOSS","M","?","M","M","?","R","E","M","T","E","?","R","M","M","R","BOSS","M","$","?","M","$","R","M","R","T","?","M","E","M","E","R","BOSS"],"build_version":"2018-07-31","purchased_purges":3,"victory":true,"max_hp_per_floor":[71,71,71,71,71,71,81,81,81,81,81,81,81,81,81,81,81,81,81,81,81,81,81,81,81,81,81,81,81,81,81,81,81,81,81,81,81,81,81,81,81,81,81,81,81,81,81,81,81,81],"card_choices":[{"not_picked":["Streamline","Rebound"],"picked":"Conserve Battery","floor":1},{"not_picked":["Coolheaded","Chaos"],"picked":"Compile Driver","floor":2},{"not_picked":["Barrage","Redo"],"picked":"Leap","floor":4},{"not_picked":["Rebound","Go for the Eyes"],"picked":"Doom and Gloom","floor":5},{"not_picked":["Scrape","Reboot"],"picked":"Ball Lightning","floor":7},{"not_picked":["Rebound","Hello World"],"picked":"Redo","floor":11},{"not_picked":["Scrape","Compile Driver"],"picked":"Redo","floor":13},{"not_picked":["Beam Cell","Barrage"],"picked":"Leap","floor":14},{"not_picked":["Machine Learning","Amplify"],"picked":"All For One","floor":16},{"not_picked":["Hologram","Rebound"],"picked":"Darkness+1","floor":18},{"not_picked":["Blizzard","Doom and Gloom","Ball Lightning"],"picked":"SKIP","floor":20},{"not_picked":["FTL","Coolheaded"],"picked":"Steam","floor":21},{"not_picked":["Hello World","Capacitor+1"],"picked":"Auto Shields","floor":24},{"not_picked":["Cold Snap","Hologram"],"picked":"Biased Cognition","floor":25},{"not_picked":["Streamline","Steam Power"],"picked":"Loop","floor":27},{"not_picked":["Leap","Turbo"],"picked":"Go for the Eyes","floor":30},{"not_picked":["Go for the Eyes","Chaos"],"picked":"Glacier","floor":31},{"not_picked":["Echo Form","Reboot"],"picked":"Multi-Cast","floor":33},{"not_picked":["Hologram","Go for the Eyes"],"picked":"White Noise+1","floor":35},{"not_picked":["Tempest","Scrape","Fusion+1"],"picked":"SKIP","floor":38},{"not_picked":["Ball Lightning","Steam"],"picked":"Defragment","floor":41},{"not_picked":["Gash","Stack"],"picked":"Conserve Battery","floor":45},{"not_picked":["Stack","Go for the Eyes+1"],"picked":"Echo Form","floor":46},{"not_picked":["Rip and Tear","Streamline","Rebound"],"picked":"SKIP","floor":47},{"not_picked":["Consume","Compile Driver+1"],"picked":"Auto Shields","floor":48}],"player_experience":896355,"relics_obtained":[{"floor":7,"key":"Pear"},{"floor":9,"key":"Pantograph"},{"floor":11,"key":"Letter Opener"},{"floor":13,"key":"Dodecahedron"},{"floor":24,"key":"Omamori"},{"floor":26,"key":"Bird Faced Urn"},{"floor":27,"key":"Lantern"},{"floor":46,"key":"Regal Pillow"},{"floor":48,"key":"Bronze Scales"}],"event_choices":[{"event_name":"Liars Game","player_choice":"disagreed","floor":8,"damage_taken":0},{"event_name":"Shining Light","player_choice":"Entered Light","floor":10,"damage_taken":0},{"event_name":"Beggar","player_choice":"Gave Gold","floor":19,"damage_taken":0},{"event_name":"The Woman in Blue","player_choice":"Bought 1 Potion","floor":22,"damage_taken":0},{"event_name":"Upgrade Shrine","player_choice":"Upgraded","floor":28,"damage_taken":0},{"event_name":"MindBloom","player_choice":"Gold","floor":37,"damage_taken":0},{"event_name":"Purifier","player_choice":"One Purge","floor":44,"damage_taken":0}],"is_beta":true,"boss_relics":[{"not_picked":["Empty Cage","Calling Bell"],"picked":"Runic Dome"},{"not_picked":["Snecko Eye","Pandora\u0027s Box"],"picked":"Cursed Key"}],"items_purged_floors":[3,36,39],"is_endless":false,"potions_floor_spawned":[2,4,13,14,20,25,27,31,41,45,48],"ascension_level":15}