{"gold_per_floor":[113,113,113,136,136,61,96,96,123,142,292,312,340,378,378,473,473,496,496,9,22,22,22,65,65,65,65,78,78,78,118,118,209,209,234,234,14,139,202,202,222,255,278,0,0,0,0,25,25,25],"floor_reached":50,"playtime":1381,"items_purged":["Regret","Doubt"],"score":1120,"play_id":"79ad8a9d-00cf-45b0-b385-9ffdc92a10d7","local_time":"20190218233622","is_ascension_mode":true,"campfire_choices":[{"floor":8.0,"key":"REST"},{"floor":15.0,"key":"REST"},{"floor":23.0,"key":"REST"},{"floor":25.0,"key":"REST"},{"floor":30.0,"key":"REST"},{"floor":32.0,"key":"REST"},{"floor":40,"key":"REST"},{"data":"Demon Form","floor":46,"key":"SMITH"},{"data":"Double Tap","floor":49,"key":"SMITH"}],"neow_cost":"PERCENT_DAMAGE","seed_source_timestamp":306173532806380,"circlet_count":0,"master_deck":["AscendersBane","Strike_R","Strike_R","Strike_R","Strike_R+1","Strike_R+1","Defend_R","Defend_R","Defend_R","Defend_R","Immolate","Anger","Intimidate","Inflame","Battle Trance","Clothesline","Inflame","Demon Form+1","Uppercut","Offering","Havoc","Metallicize","Double Tap+1","Shrug It Off","Pommel Strike","Dark Embrace","Bandage Up","Jack Of All Trades","Thunderclap+1","Armaments+1","Corruption","Pommel Strike+1"],"special_seed":0,"relics":["Burning Blood","Golden Idol","Strawberry","WingedGreaves","Juzu Bracelet","Orichalcum","Odd Mushroom","Ancient Tea Set","Sozu","Enchiridion","Anchor","Bronze Scales","Darkstone Periapt","Boot","Snecko Eye","Brimstone","Thread and Needle","Torii","Centennial Puzzle","Whetstone","Red Mask"],"potions_floor_usage":[],"damage_taken":[{"damage":9.0,"enemies":"2 Louse","floor":1.0,"turns":2.0},{"damage":16.0,"enemies":"Jaw Worm","floor":4.0,"turns":4.0},{"damage":35.0,"enemies":"Lagavulin","floor":7.0,"turns":7.0},{"damage":0.0,"enemies":"Cultist","floor":10.0,"turns":3.0},{"damage":5.0,"enemies":"Looter","floor":12.0,"turns":2.0},{"damage":3.0,"enemies":"The Mushroom Lair","floor":13.0,"turns":2.0},{"damage":19.0,"enemies":"Gremlin Nob","floor":14.0,"turns":4.0},{"damage":42.0,"enemies":"Hexaghost","floor":16.0,"turns":8.0},{"damage":14.0,"enemies":"3 Byrds","floor":18.0,"turns":5.0},{"damage":16.0,"enemies":"Shell Parasite","floor":21.0,"turns":4.0},{"damage":42.0,"enemies":"Book of Stabbing","floor":24.0,"turns":5.0},{"damage":14.0,"enemies":"Snake Plant","floor":28.0,"turns":3.0},{"damage":14.0,"enemies":"Slavers","floor":31.0,"turns":3.0},{"damage":57.0,"enemies":"Collector","floor":33.0,"turns":9.0},{"damage":6.0,"enemies":"Orb Walker","floor":35.0,"turns":2.0},{"damage":21.0,"enemies":"Mind Bloom Boss Battle","floor":38.0,"turns":5.0},{"damage":31,"enemies":"2 Orb Walkers","floor":39,"turns":4},{"damage":2,"enemies":"3 Shapes","floor":41,"turns":3},{"damage":51,"enemies":"Nemesis","floor":42,"turns":7},{"damage":14,"enemies":"Writhing Mass","floor":48,"turns":3},{"damage":21,"enemies":"Awakened One","floor":50,"turns":3}],"seed_played":"-5590330750254738808","potions_obtained":[{"floor":4.0,"key":"GamblersBrew"},{"floor":7.0,"key":"SpeedPotion"},{"floor":13.0,"key":"BloodPotion"},{"floor":16.0,"key":"Dexterity Potion"}],"is_trial":false,"path_per_floor":["M","?","?","M","T","$","E","R","T","M","?","M","?","E","R","B",null,"M","?","$","M","?","R","E","R","T","?","M","?","R","E","R","B",null,"M","?","$","?","?","R","M","E","T","?","?","R","?","M","R","B"],"character_chosen":"IRONCLAD","items_purchased":["Anchor","Offering","Havoc","Brimstone"],"campfire_rested":7,"item_purchase_floors":[20,20,20,37],"current_hp_per_floor":[47,47,54,44,44,44,15,37,37,43,43,44,47,34,56,27,63,55,34,34,24,24,46,10,32,32,32,24,24,46,38,60,9,59,59,54,54,43,22,44,52,11,11,11,61,61,61,57,57,36],"gold":25,"neow_bonus":"THREE_RARE_CARDS","is_prod":false,"is_daily":false,"chose_seed":false,"campfire_upgraded":2,"win_rate":0,"timestamp":1550558182,"path_taken":["M","?","?","M","?","$","E","R","T","M","?","M","?","E","R","BOSS","M","?","$","M","?","R","E","R","T","?","M","?","R","E","R","BOSS","M","?","$","?","?","R","M","E","T","?","?","R","?","M","R","BOSS"],"build_version":"2019-01-23","purchased_purges":2,"victory":false,"max_hp_per_floor":[75,68,75,75,75,75,75,75,75,75,75,75,75,75,75,75,75,75,75,75,75,75,75,75,75,75,75,75,75,75,75,75,75,75,75,75,75,75,75,75,75,75,75,75,61,61,61,61,61,61],"card_choices":[{"not_picked":["Juggernaut","Demon Form"],"picked":"Immolate","floor":0.0},{"not_picked":["Perfected Strike","Clash"],"picked":"Anger","floor":1.0},{"not_picked":["Clash","Power Through"],"picked":"Intimidate","floor":4.0},{"not_picked":["Armaments","Barricade"],"picked":"Inflame","floor":7.0},{"not_picked":["Infernal Blade","Wild Strike"],"picked":"Battle Trance","floor":10.0},{"not_picked":["Reckless Charge","Corruption"],"picked":"Clothesline","floor":12.0},{"not_picked":["Intimidate","Sentinel"],"picked":"Inflame","floor":14.0},{"not_picked":["Feed","Fiend Fire"],"picked":"Demon Form","floor":16.0},{"not_picked":["Clothesline","Body Slam"],"picked":"Uppercut","floor":18.0},{"not_picked":["Thunderclap","True Grit"],"picked":"Metallicize","floor":21.0},{"not_picked":["Heavy Blade","Body Slam","Perfected Strike"],"picked":"SKIP","floor":24.0},{"not_picked":["Entrench","Sword Boomerang"],"picked":"Shrug It Off","floor":28.0},{"not_picked":["Impervious","Perfected Strike"],"picked":"Pommel Strike","floor":31.0},{"not_picked":["Immolate","Double Tap"],"picked":"Dark Embrace","floor":33.0},{"not_picked":["Power Through+1","Fire Breathing","Sever Soul"],"picked":"SKIP","floor":35.0},{"not_picked":["Swift Strike","Blind"],"picked":"Bandage Up","floor":36.0},{"not_picked":["Secret Weapon","Good Instincts"],"picked":"Jack Of All Trades","floor":36.0},{"not_picked":["Second Wind+1","Cleave+1"],"picked":"Thunderclap+1","floor":39},{"not_picked":["Thunderclap","Sever Soul"],"picked":"Armaments+1","floor":41},{"not_picked":["Barricade","Metallicize"],"picked":"Corruption","floor":42},{"not_picked":["Heavy Blade","Wild Strike"],"picked":"Pommel Strike+1","floor":48}],"player_experience":845774,"relics_obtained":[{"floor":5.0,"key":"WingedGreaves"},{"floor":7.0,"key":"Juzu Bracelet"},{"floor":9.0,"key":"Orichalcum"},{"floor":13.0,"key":"Odd Mushroom"},{"floor":14.0,"key":"Ancient Tea Set"},{"floor":19.0,"key":"Enchiridion"},{"floor":24.0,"key":"Bronze Scales"},{"floor":26.0,"key":"Darkstone Periapt"},{"floor":31.0,"key":"Boot"},{"floor":38.0,"key":"Thread and Needle"},{"floor":39,"key":"Torii"},{"floor":42,"key":"Centennial Puzzle"},{"floor":43,"key":"Whetstone"}],"event_choices":[{"damage_healed":0.0,"max_hp_gain":0.0,"max_hp_loss":7.0,"gold_gain":0.0,"event_name":"Golden Idol","player_choice":"Lose Max HP","floor":2.0,"gold_loss":0.0,"damage_taken":0.0,"relics_obtained":["Golden Idol"]},{"damage_healed":0.0,"max_hp_gain":0.0,"max_hp_loss":0.0,"gold_gain":0.0,"event_name":"Big Fish","player_choice":"Box","floor":3.0,"gold_loss":0.0,"damage_taken":0.0,"relics_obtained":["Strawberry"],"cards_obtained":["Regret"]},{"damage_healed":0.0,"max_hp_gain":0.0,"max_hp_loss":0.0,"gold_gain":150.0,"event_name":"Liars Game","player_choice":"AGREE","floor":11.0,"gold_loss":0.0,"damage_taken":0.0,"cards_obtained":["Doubt"]},{"damage_healed":0.0,"max_hp_gain":0.0,"max_hp_loss":0.0,"gold_gain":0.0,"event_name":"Mushrooms","player_choice":"Fought Mushrooms","floor":13.0,"gold_loss":0.0,"damage_taken":0.0},{"damage_healed":0.0,"max_hp_gain":0.0,"max_hp_loss":0.0,"gold_gain":0.0,"event_name":"Cursed Tome","player_choice":"Obtained Book","floor":19.0,"gold_loss":0.0,"damage_taken":21.0},{"damage_healed":0.0,"max_hp_gain":0.0,"max_hp_loss":0.0,"gold_gain":0.0,"event_name":"Beggar","player_choice":"Ignored","floor":22.0,"gold_loss":0.0,"damage_taken":0.0},{"damage_healed":0.0,"max_hp_gain":0.0,"max_hp_loss":0.0,"gold_gain":0.0,"event_name":"Match and Keep!","player_choice":"1 cards matched","floor":27.0,"gold_loss":0.0,"damage_taken":0.0,"cards_obtained":["Double Tap"]},{"damage_healed":0.0,"max_hp_gain":0.0,"max_hp_loss":0.0,"gold_gain":0.0,"event_name":"Ghosts","player_choice":"Ignored","floor":29.0,"gold_loss":0.0,"damage_taken":0.0},{"damage_healed":0.0,"max_hp_gain":0.0,"max_hp_loss":0.0,"gold_gain":0.0,"event_name":"SensoryStone","player_choice":"Memory 2","floor":36.0,"gold_loss":0.0,"damage_taken":5.0},{"damage_healed":0.0,"max_hp_gain":0.0,"max_hp_loss":0.0,"gold_gain":0.0,"event_name":"MindBloom","player_choice":"Fight","floor":38.0,"gold_loss":0.0,"damage_taken":0.0},{"damage_healed":0,"gold_gain":0,"player_choice":"Fight","damage_taken":0,"max_hp_gain":0,"max_hp_loss":0,"event_name":"Mysterious Sphere","floor":39,"gold_loss":0},{"damage_healed":0,"gold_gain":0,"player_choice":"Paid","damage_taken":0,"relics_obtained":["Red Mask"],"max_hp_gain":0,"max_hp_loss":0,"event_name":"Tomb of Lord Red Mask","floor":44,"gold_loss":278},{"damage_healed":61,"gold_gain":0,"player_choice":"Heal","damage_taken":0,"max_hp_gain":0,"max_hp_loss":14,"event_name":"The Moai Head","floor":45,"gold_loss":0},{"cards_removed":["Bash"],"damage_healed":0,"gold_gain":0,"player_choice":"Removed Attack","damage_taken":0,"max_hp_gain":0,"max_hp_loss":0,"event_name":"Falling","floor":47,"gold_loss":0}],"is_beta":false,"boss_relics":[{"not_picked":["Lizard Tail","Tiny House"],"picked":"Sozu"},{"not_picked":["Velvet Choker","Fusion Hammer"],"picked":"Snecko Eye"}],"items_purged_floors":[6,20],"is_endless":false,"potions_floor_spawned":[4,7,13,14,16,21,31,33,38,42],"killed_by":"Awakened One","ascension_level":20}