{"gold_per_floor":[110,110,120,134,114,114,177,27,95,107,127,159,159,172,172,247,247,247],"floor_reached":18,"playtime":833,"items_purged":[],"score":327,"play_id":"a77146d6-959b-409b-b468-e87c745315ba","local_time":"20181203192431","is_ascension_mode":true,"campfire_choices":[{"data":"Spot Weakness","floor":6,"key":"SMITH"},{"data":"Bash","floor":13,"key":"SMITH"},{"floor":15,"key":"REST"}],"neow_cost":"NONE","seed_source_timestamp":1731666749192727,"circlet_count":0,"master_deck":["AscendersBane","Strike_R","Strike_R","Strike_R","Strike_R","Strike_R","Defend_R","Defend_R","Defend_R","Defend_R","Bash+1","Shrug It Off","Shrug It Off","Spot Weakness+1","Corruption","Impervious","Spot Weakness","Twin Strike","Metallicize","Demon Form"],"relics":["Burning Blood","Potion Belt","Tiny Chest","Blue Candle","Matryoshka","Coffee Dripper"],"potions_floor_usage":[7,10,12,12],"damage_taken":[{"damage":9,"enemies":"Jaw Worm","floor":1,"turns":5},{"damage":8,"enemies":"Small Slimes","floor":3,"turns":5},{"damage":9,"enemies":"Cultist","floor":4,"turns":4},{"damage":32,"enemies":"Lagavulin","floor":7,"turns":7},{"damage":10,"enemies":"3 Louse","floor":10,"turns":5},{"damage":0,"enemies":"2 Fungi Beasts","floor":11,"turns":4},{"damage":28,"enemies":"Gremlin Nob","floor":12,"turns":5},{"damage":29,"enemies":"Gremlin Gang","floor":14,"turns":5},{"damage":28,"enemies":"Slime Boss","floor":16,"turns":10},{"damage":29,"enemies":"Chosen","floor":18,"turns":5}],"seed_played":"-6463874408417645441","potions_obtained":[{"floor":3,"key":"Ancient Potion"},{"floor":4,"key":"Poison Potion"},{"floor":5,"key":"Regen Potion"},{"floor":11,"key":"SneckoOil"},{"floor":16,"key":"Dexterity Potion"}],"is_trial":false,"path_per_floor":["M","?","M","M","?","R","E","$","T","M","M","E","R","M","R","B",null,"M"],"character_chosen":"IRONCLAD","items_purchased":["Impervious"],"campfire_rested":1,"item_purchase_floors":[8],"current_hp_per_floor":[65,70,68,65,65,65,39,39,39,49,55,33,33,10,34,12,63,34],"gold":247,"neow_bonus":"RANDOM_COMMON_RELIC","is_prod":false,"is_daily":false,"chose_seed":false,"campfire_upgraded":2,"win_rate":0,"timestamp":1543890271,"path_taken":["M","?","M","M","?","R","E","$","T","?","M","E","R","M","R","BOSS","M"],"build_version":"2018-11-15","purchased_purges":0,"victory":false,"max_hp_per_floor":[75,80,80,80,80,80,80,80,80,80,80,80,80,80,80,80,80,80],"card_choices":[{"not_picked":["Cleave","Headbutt"],"picked":"Shrug It Off","floor":1},{"not_picked":["Iron Wave","Dropkick"],"picked":"Shrug It Off","floor":3},{"not_picked":["Havoc","Fire Breathing"],"picked":"Spot Weakness","floor":4},{"not_picked":["Clothesline","Blood for Blood"],"picked":"Corruption","floor":7},{"not_picked":["Body Slam","Combust"],"picked":"Spot Weakness","floor":10},{"not_picked":["Body Slam","Iron Wave"],"picked":"Twin Strike","floor":11},{"not_picked":["Second Wind","Fire Breathing","Warcry"],"picked":"SKIP","floor":12},{"not_picked":["Berserk","Entrench"],"picked":"Metallicize","floor":14},{"not_picked":["Double Tap","Reaper"],"picked":"Demon Form","floor":16}],"player_experience":1162865,"relics_obtained":[{"floor":7,"key":"Tiny Chest"},{"floor":9,"key":"Blue Candle"},{"floor":12,"key":"Matryoshka"}],"event_choices":[{"damage_healed":0,"gold_gain":0,"player_choice":"Donut","damage_taken":0,"max_hp_gain":5,"max_hp_loss":0,"event_name":"Big Fish","floor":2,"gold_loss":0},{"damage_healed":0,"gold_gain":0,"player_choice":"Bought 1 Potion","damage_taken":0,"max_hp_gain":0,"max_hp_loss":0,"event_name":"The Woman in Blue","floor":5,"gold_loss":0}],"is_beta":true,"boss_relics":[{"not_picked":["Orrery","Mark of Pain"],"picked":"Coffee Dripper"}],"items_purged_floors":[],"is_endless":false,"potions_floor_spawned":[3,4,11,16],"killed_by":"Chosen","ascension_level":18}