{"gold_per_floor":[110,126,142,217,233,233,258,258,258,258,258],"floor_reached":11,"playtime":262,"items_purged":[],"score":126,"play_id":"2efb907a-0ac9-40c3-9c0a-b0224f435375","local_time":"20190117184444","is_ascension_mode":true,"campfire_choices":[{"data":"Go for the Eyes","floor":6,"key":"SMITH"},{"floor":8,"key":"REST"},{"data":"Streamline","floor":10,"key":"SMITH"}],"neow_cost":"NONE","seed_source_timestamp":694714425200131,"circlet_count":0,"master_deck":["AscendersBane","Strike_B","Strike_B","Strike_B","Strike_B","Defend_B","Defend_B","Defend_B","Defend_B","Zap+1","Dualcast","Go for the Eyes+1","Streamline+1","Conserve Battery","Leap","Chill"],"relics":["Cracked Core","Odd Mushroom","Bottled Lightning"],"potions_floor_usage":[11],"damage_taken":[{"damage":9,"enemies":"Jaw Worm","floor":1,"turns":4},{"damage":2,"enemies":"2 Louse","floor":2,"turns":3},{"damage":16,"enemies":"Small Slimes","floor":3,"turns":3},{"damage":2,"enemies":"Exordium Wildlife","floor":5,"turns":4},{"damage":20,"enemies":"The Mushroom Lair","floor":7,"turns":4},{"damage":25,"enemies":"Gremlin Gang","floor":11,"turns":1}],"seed_played":"-782269436782853205","potions_obtained":[{"floor":3,"key":"SteroidPotion"}],"is_trial":false,"path_per_floor":["M","M","M","?","M","R","?","R","T","R","M"],"character_chosen":"DEFECT","items_purchased":[],"campfire_rested":1,"item_purchase_floors":[],"current_hp_per_floor":[55,53,37,26,24,24,4,25,25,25,0],"gold":258,"neow_bonus":"UPGRADE_CARD","is_prod":false,"is_daily":false,"chose_seed":false,"campfire_upgraded":2,"win_rate":0,"timestamp":1547775884,"path_taken":["M","M","M","?","M","R","?","R","T","R","M"],"build_version":"2019-01-16","purchased_purges":0,"victory":false,"max_hp_per_floor":[71,71,71,71,71,71,71,71,71,71,71],"card_choices":[{"not_picked":["Melter","Compile Driver"],"picked":"Go for the Eyes","floor":1},{"not_picked":["Coolheaded","Barrage"],"picked":"Streamline","floor":2},{"not_picked":["Auto Shields","Sweeping Beam"],"picked":"Conserve Battery","floor":3},{"not_picked":["Consume","Go for the Eyes"],"picked":"Leap","floor":5},{"not_picked":["Turbo","Sweeping Beam"],"picked":"Chill","floor":7}],"player_experience":1216072,"relics_obtained":[{"floor":7,"key":"Odd Mushroom"},{"floor":9,"key":"Bottled Lightning"}],"event_choices":[{"damage_healed":0,"gold_gain":75,"player_choice":"Gather Gold","damage_taken":11,"max_hp_gain":0,"max_hp_loss":0,"event_name":"World of Goop","floor":4,"gold_loss":0},{"damage_healed":0,"gold_gain":0,"player_choice":"Fought Mushrooms","damage_taken":0,"max_hp_gain":0,"max_hp_loss":0,"event_name":"Mushrooms","floor":7,"gold_loss":0}],"is_beta":true,"boss_relics":[],"items_purged_floors":[],"is_endless":false,"potions_floor_spawned":[3],"killed_by":"Gremlin Gang","ascension_level":20}