{"gold_per_floor":[109,121,133,148,148,148,223,223],"floor_reached":8,"playtime":216,"items_purged":[],"score":67,"play_id":"8f26b104-c75e-440e-86e3-2d928cc6f659","local_time":"20190215200905","is_ascension_mode":true,"campfire_choices":[{"data":"Noxious Fumes","floor":6.0,"key":"SMITH"}],"neow_cost":"NONE","seed_source_timestamp":47253325705205,"circlet_count":0,"master_deck":["Defend_G","Defend_G","Defend_G","Defend_G","Defend_G","Strike_G","Strike_G","Strike_G","Strike_G","Strike_G","Survivor","Neutralize+1","Backflip","Deflect","Predator","Noxious Fumes+1"],"special_seed":0,"relics":["Ring of the Snake","Golden Idol"],"potions_floor_usage":[],"damage_taken":[{"damage":0.0,"enemies":"2 Louse","floor":1.0,"turns":3.0},{"damage":1.0,"enemies":"Small Slimes","floor":2.0,"turns":3.0},{"damage":0.0,"enemies":"Jaw Worm","floor":3.0,"turns":4.0},{"damage":3.0,"enemies":"Looter","floor":4.0,"turns":3.0},{"damage":31,"enemies":"Gremlin Nob","floor":8,"turns":4}],"seed_played":"3526128808337919224","potions_obtained":[{"floor":1.0,"key":"GhostInAJar"}],"is_trial":false,"path_per_floor":["M","M","M","M","?","R","?","E"],"character_chosen":"THE_SILENT","items_purchased":[],"campfire_rested":0,"item_purchase_floors":[],"current_hp_per_floor":[63,62,62,59,42,42,31,0],"gold":223,"neow_bonus":"UPGRADE_CARD","is_prod":false,"is_daily":false,"chose_seed":false,"campfire_upgraded":1,"win_rate":0,"timestamp":1550268545,"path_taken":["M","M","M","M","?","R","?","E"],"build_version":"2019-01-23","purchased_purges":0,"victory":false,"max_hp_per_floor":[70,70,70,70,70,70,70,70],"card_choices":[{"not_picked":["Bouncing Flask","Outmaneuver"],"picked":"Backflip","floor":1.0},{"not_picked":["Bane","Well Laid Plans"],"picked":"Deflect","floor":2.0},{"not_picked":["Outmaneuver","Accuracy"],"picked":"Predator","floor":3.0},{"not_picked":["Choke","Expertise"],"picked":"Noxious Fumes","floor":4.0}],"player_experience":332676,"relics_obtained":[],"event_choices":[{"damage_healed":0.0,"max_hp_gain":0.0,"max_hp_loss":0.0,"gold_gain":0.0,"event_name":"Golden Idol","player_choice":"Take Damage","floor":5.0,"gold_loss":0.0,"damage_taken":17.0,"relics_obtained":["Golden Idol"]},{"damage_healed":0.0,"max_hp_gain":0.0,"max_hp_loss":0.0,"gold_gain":75.0,"event_name":"World of Goop","player_choice":"Gather Gold","floor":7.0,"gold_loss":0.0,"damage_taken":11.0}],"is_beta":false,"boss_relics":[],"items_purged_floors":[],"is_endless":false,"potions_floor_spawned":[1],"killed_by":"Gremlin Nob","ascension_level":8}