{"gold_per_floor":[114,126,139,89,99,99,126,126,153,184,201,211,211,229,229,329,329,329],"floor_reached":18,"playtime":3133,"items_purged":[],"score":183,"play_id":"b9db86a1-cda4-4942-a038-bf8cd437b4fd","local_time":"20190214235613","is_ascension_mode":true,"campfire_choices":[{"data":"Well Laid Plans","floor":6,"key":"SMITH"},{"floor":13,"key":"REST"},{"data":"Acrobatics","floor":15,"key":"SMITH"}],"neow_cost":"NONE","seed_source_timestamp":2301860448277848,"circlet_count":0,"master_deck":["Defend_G","Defend_G","Defend_G","Defend_G","Strike_G","Strike_G","Strike_G","Strike_G","Survivor","Neutralize","Acrobatics","Calculated Gamble","Well Laid Plans+1","Tactician","Cloak And Dagger","Venomology","Parasite","Acrobatics+1","Setup","Prepared","Dodge and Roll","Night Terror"],"relics":["Cursed Key","Snake Skull","Vajra","Orichalcum","Philosopher\u0027s Stone"],"potions_floor_usage":[7,7,10,14,16,16,18,18],"damage_taken":[{"damage":0,"enemies":"Small Slimes","floor":1,"turns":4},{"damage":4,"enemies":"Cultist","floor":2,"turns":4},{"damage":0,"enemies":"Jaw Worm","floor":3,"turns":6},{"damage":0,"enemies":"Red Slaver","floor":5,"turns":6},{"damage":22,"enemies":"Lagavulin","floor":7,"turns":12},{"damage":22,"enemies":"3 Sentries","floor":10,"turns":10},{"damage":2,"enemies":"Lots of Slimes","floor":11,"turns":5},{"damage":0,"enemies":"Looter","floor":12,"turns":4},{"damage":0,"enemies":"Blue Slaver","floor":14,"turns":5},{"damage":13,"enemies":"Hexaghost","floor":16,"turns":13},{"damage":77,"enemies":"3 Byrds","floor":18,"turns":6}],"seed_played":"4607059446752743548","potions_obtained":[{"floor":2,"key":"AttackPotion"},{"floor":5,"key":"Weak Potion"},{"floor":12,"key":"GamblersBrew"},{"floor":16,"key":"Ancient Potion"}],"is_trial":false,"path_per_floor":["M","M","M","?","M","R","E","?","T","E","M","M","R","M","R","B",null,"M"],"character_chosen":"THE_SILENT","items_purchased":[],"campfire_rested":1,"item_purchase_floors":[],"current_hp_per_floor":[70,66,66,66,66,66,44,44,44,22,20,20,41,41,41,28,70,0],"gold":329,"neow_bonus":"BOSS_RELIC","is_prod":false,"is_daily":false,"chose_seed":false,"campfire_upgraded":2,"win_rate":0,"timestamp":1550188573,"path_taken":["M","M","M","?","M","R","E","?","T","E","M","?","R","?","R","BOSS","M"],"build_version":"2019-01-23","purchased_purges":0,"victory":false,"max_hp_per_floor":[70,70,70,70,70,70,70,70,70,70,70,70,70,70,70,70,70,70],"card_choices":[{"not_picked":["Skewer","Dodge and Roll"],"picked":"Acrobatics","floor":1},{"not_picked":["Poisoned Stab","Prepared"],"picked":"Calculated Gamble","floor":2},{"not_picked":["Expertise","Deadly Poison"],"picked":"Well Laid Plans","floor":3},{"not_picked":["Reflex","Bane"],"picked":"Tactician","floor":5},{"not_picked":["Envenom","Bane"],"picked":"Cloak And Dagger","floor":7},{"not_picked":["All Out Attack","Deflect"],"picked":"Acrobatics","floor":10},{"not_picked":["Bane","Deflect"],"picked":"Setup","floor":11},{"not_picked":["Deflect","Outmaneuver"],"picked":"Prepared","floor":12},{"not_picked":["Sucker Punch","Deflect"],"picked":"Dodge and Roll","floor":14},{"not_picked":["Malaise","Glass Knife"],"picked":"Night Terror","floor":16}],"player_experience":664487,"relics_obtained":[{"floor":7,"key":"Snake Skull"},{"floor":9,"key":"Vajra"},{"floor":10,"key":"Orichalcum"}],"event_choices":[{"cards_removed":["Strike_G"],"damage_healed":0,"gold_gain":0,"player_choice":"Card Removal","damage_taken":0,"max_hp_gain":0,"max_hp_loss":0,"event_name":"The Cleric","floor":4,"gold_loss":50},{"damage_healed":0,"gold_gain":0,"cards_transformed":["Defend_G"],"player_choice":"Transformed","damage_taken":0,"max_hp_gain":0,"max_hp_loss":0,"event_name":"Transmorgrifier","floor":8,"gold_loss":0,"cards_obtained":["Venomology"]}],"is_beta":false,"boss_relics":[{"not_picked":["Empty Cage","Sozu"],"picked":"Philosopher\u0027s Stone"}],"items_purged_floors":[],"is_endless":false,"potions_floor_spawned":[2,5,12,16],"killed_by":"3 Byrds","ascension_level":1}