{"gold_per_floor":[14,29,47,58,158,189,189,219,244,277,277,287,307,307,307,403,403,420,520,536,155,155,155,190,190,261,290,290,290,290,309,309,412,412,429,447,447,458,336,336,368,368,419,419,40,40,65,65,65,65,65,65,65,95,95],"floor_reached":56,"playtime":2209,"items_purged":["Strike_R","Clumsy"],"score":1391,"play_id":"caf07dbf-dadc-44b6-83b2-78c0673002fd","local_time":"20181104170217","is_ascension_mode":true,"campfire_choices":[{"data":"Flex","floor":7.0,"key":"SMITH"},{"data":"Shockwave","floor":11.0,"key":"SMITH"},{"data":"Anger","floor":15.0,"key":"SMITH"},{"data":"1","floor":23.0,"key":"LIFT"},{"data":"Limit Break","floor":25,"key":"SMITH"},{"data":"2","floor":30,"key":"LIFT"},{"data":"3","floor":32,"key":"LIFT"},{"floor":40,"key":"RECALL"},{"data":"Uppercut","floor":42,"key":"SMITH"},{"data":"Inflame","floor":46,"key":"SMITH"},{"data":"Sword Boomerang","floor":49,"key":"SMITH"},{"data":"Metallicize","floor":52,"key":"SMITH"}],"neow_cost":"NO_GOLD","seed_source_timestamp":711749444355478,"circlet_count":0,"master_deck":["Strike_R","Strike_R","Strike_R","Strike_R","Defend_R","Defend_R","Defend_R","Defend_R","Bash","Sword Boomerang+1","Shockwave+1","Dropkick","Flex+1","Uppercut+1","Anger+1","Twin Strike","Iron Wave","Limit Break+1","Ghostly Armor","Shrug It Off+1","True Grit+1","Impervious","Pommel Strike+1","Metallicize+1","Reaper","Pummel","Shrug It Off","Metallicize+1","Inflame+1","Metallicize","Pommel Strike+1"],"special_seed":0,"relics":["Burning Blood","Thread and Needle","Red Skull","Centennial Puzzle","Bronze Scales","Sozu","Turnip","Ornamental Fan","Girya","Lantern","The Courier","Juzu Bracelet","MutagenicStrength","Cursed Key","Incense Burner","Happy Flower","Orichalcum","Shuriken","Bird Faced Urn","Champion Belt"],"potions_floor_usage":[33],"damage_taken":[{"damage":4.0,"enemies":"Jaw Worm","floor":1.0,"turns":5.0},{"damage":0.0,"enemies":"Cultist","floor":2.0,"turns":3.0},{"damage":0.0,"enemies":"Small Slimes","floor":3.0,"turns":4.0},{"damage":7.0,"enemies":"Exordium Thugs","floor":4.0,"turns":6.0},{"damage":26.0,"enemies":"3 Sentries","floor":6.0,"turns":13.0},{"damage":12.0,"enemies":"Gremlin Nob","floor":8.0,"turns":3.0},{"damage":4.0,"enemies":"Lagavulin","floor":10.0,"turns":5.0},{"damage":0.0,"enemies":"Blue Slaver","floor":12.0,"turns":2.0},{"damage":5.0,"enemies":"3 Louse","floor":13.0,"turns":2.0},{"damage":0.0,"enemies":"Slime Boss","floor":16.0,"turns":8.0},{"damage":6.0,"enemies":"2 Thieves","floor":18.0,"turns":2.0},{"damage":0.0,"enemies":"Colosseum Slavers","floor":19.0,"turns":4.0},{"damage":29.0,"enemies":"Colosseum Nobs","floor":19.0,"turns":4.0},{"damage":0.0,"enemies":"Shell Parasite","floor":20.0,"turns":3.0},{"damage":11.0,"enemies":"Slavers","floor":24.0,"turns":3.0},{"damage":4,"enemies":"Gremlin Leader","floor":27,"turns":3},{"damage":0,"enemies":"Centurion and Healer","floor":31,"turns":4},{"damage":21,"enemies":"Champ","floor":33,"turns":9},{"damage":5,"enemies":"3 Shapes","floor":35,"turns":3},{"damage":0,"enemies":"3 Darklings","floor":36,"turns":3},{"damage":0,"enemies":"Sphere and 2 Shapes","floor":38,"turns":5},{"damage":34,"enemies":"Reptomancer","floor":41,"turns":7},{"damage":0,"enemies":"Giant Head","floor":47,"turns":6},{"damage":22,"enemies":"Donu and Deca","floor":50,"turns":6},{"damage":29,"enemies":"Shield and Spear","floor":54,"turns":3},{"damage":76,"enemies":"The Heart","floor":55,"turns":7}],"seed_played":"3249751945855030469","potions_obtained":[{"floor":4.0,"key":"SmokeBomb"},{"floor":8.0,"key":"EntropicBrew"},{"floor":10.0,"key":"Regen Potion"},{"floor":12.0,"key":"Dexterity Potion"},{"floor":16.0,"key":"EssenceOfSteel"}],"is_trial":false,"path_per_floor":["M","M","M","M","?","E","R","E","T","E","R","M","M","?","R","B",null,"M","?","M","$","?","R","E","E","R","T","E","?","?","R","M","R","B",null,"M","M","?","M","?","R","E","R","T","?","$","R","E","?","R","B",null,"R","$","E","B",null],"character_chosen":"IRONCLAD","items_purchased":["Girya","Shuriken","Inflame","Metallicize"],"campfire_rested":0,"item_purchase_floors":[21,45,45,45],"current_hp_per_floor":[80,80,80,79,79,59,59,53,53,55,55,61,62,62,62,68,80,80,57,63,63,48,48,43,43,43,45,73,73,73,79,79,64,85,85,85,85,85,85,85,57,57,57,57,57,57,63,63,63,55,81,81,81,81,21],"gold":95,"neow_bonus":"ONE_RARE_RELIC","is_prod":false,"is_daily":false,"chose_seed":false,"campfire_upgraded":8,"win_rate":0,"timestamp":1541376137,"path_taken":["M","M","M","M","?","E","R","E","T","E","R","?","M","?","R","BOSS","M","?","M","$","?","R","E","R","T","E","?","?","R","M","R","BOSS","M","M","?","M","?","R","E","R","T","?","$","R","E","?","R","BOSS","R","$","E","BOSS"],"build_version":"2018-11-02","purchased_purges":2,"victory":true,"max_hp_per_floor":[80,80,80,80,80,80,80,80,80,80,80,80,80,80,80,80,80,80,80,80,80,85,85,85,85,85,85,85,85,85,85,85,85,85,85,85,85,85,85,85,85,85,85,85,85,85,85,81,81,81,81,81,81,81,81],"card_choices":[{"not_picked":["Heavy Blade","Headbutt"],"picked":"Sword Boomerang","floor":1.0},{"not_picked":["Second Wind","Clothesline"],"picked":"Shockwave","floor":2.0},{"not_picked":["Body Slam","Havoc"],"picked":"Dropkick","floor":3.0},{"not_picked":["Fire Breathing","Hemokinesis"],"picked":"Flex","floor":4.0},{"not_picked":["Battle Trance","Clash"],"picked":"Uppercut","floor":6.0},{"not_picked":["Body Slam","Feed"],"picked":"Anger","floor":8.0},{"not_picked":["Havoc","Rampage"],"picked":"Twin Strike","floor":10.0},{"not_picked":["Cleave","Body Slam"],"picked":"Iron Wave","floor":12.0},{"not_picked":["Burning Pact","Corruption"],"picked":"Cleave","floor":13.0},{"not_picked":["Dark Embrace","Immolate"],"picked":"Limit Break","floor":16.0},{"not_picked":["Entrench","Sever Soul"],"picked":"Ghostly Armor","floor":18.0},{"not_picked":["Rage","Headbutt"],"picked":"Shrug It Off+1","floor":19.0},{"not_picked":["Cleave","Searing Blow"],"picked":"True Grit+1","floor":20.0},{"not_picked":["Sentinel","Entrench"],"picked":"Impervious","floor":24},{"not_picked":["Rage+1","Second Wind"],"picked":"Pommel Strike+1","floor":27},{"not_picked":["Shockwave","Warcry"],"picked":"Metallicize","floor":31},{"not_picked":["Fiend Fire","Feed"],"picked":"Reaper","floor":33},{"not_picked":["Second Wind","Armaments+1"],"picked":"Pummel","floor":35},{"not_picked":["Twin Strike","Iron Wave+1","Cleave+1"],"picked":"SKIP","floor":36},{"not_picked":["Combust","Flex"],"picked":"Shrug It Off","floor":38},{"not_picked":["Shrug It Off","True Grit"],"picked":"Metallicize+1","floor":41},{"not_picked":["Intimidate+1","Juggernaut","Iron Wave"],"picked":"SKIP","floor":47},{"not_picked":["Carnage","Intimidate"],"picked":"Pommel Strike+1","floor":54}],"player_experience":1101071,"relics_obtained":[{"floor":6.0,"key":"Red Skull"},{"floor":8.0,"key":"Centennial Puzzle"},{"floor":10.0,"key":"Bronze Scales"},{"floor":19.0,"key":"Turnip"},{"floor":19.0,"key":"Ornamental Fan"},{"floor":24,"key":"Lantern"},{"floor":26,"key":"The Courier"},{"floor":27,"key":"Juzu Bracelet"},{"floor":41,"key":"Happy Flower"},{"floor":43,"key":"Orichalcum"},{"floor":47,"key":"Bird Faced Urn"},{"floor":54,"key":"Champion Belt"}],"event_choices":[{"damage_healed":0.0,"max_hp_gain":0.0,"max_hp_loss":0.0,"gold_gain":100.0,"event_name":"Golden Shrine","player_choice":"Pray","floor":5.0,"gold_loss":0.0,"damage_taken":0.0},{"damage_healed":0.0,"max_hp_gain":0.0,"max_hp_loss":0.0,"gold_gain":0.0,"event_name":"Liars Game","player_choice":"Ignored","floor":14.0,"gold_loss":0.0,"damage_taken":0.0},{"damage_healed":0.0,"max_hp_gain":0.0,"max_hp_loss":0.0,"gold_gain":0.0,"event_name":"Colosseum","player_choice":"Fight","floor":19.0,"gold_loss":0.0,"damage_taken":0.0},{"damage_healed":0.0,"max_hp_gain":0.0,"max_hp_loss":0.0,"gold_gain":0.0,"event_name":"Colosseum","player_choice":"Fought Nobs","floor":19.0,"gold_loss":0.0,"damage_taken":0.0},{"damage_healed":0.0,"max_hp_gain":5.0,"max_hp_loss":0.0,"gold_gain":0.0,"event_name":"Forgotten Altar","player_choice":"Shed Blood","floor":22.0,"gold_loss":0.0,"damage_taken":20.0},{"damage_healed":28,"gold_gain":0,"player_choice":"Heal","damage_taken":0,"max_hp_gain":0,"max_hp_loss":0,"event_name":"The Library","floor":28,"gold_loss":0},{"damage_healed":0,"gold_gain":0,"player_choice":"Inject Mutagens","damage_taken":0,"relics_obtained":["MutagenicStrength"],"max_hp_gain":0,"max_hp_loss":0,"event_name":"Drug Dealer","floor":29,"gold_loss":0},{"cards_removed":["Cleave"],"damage_healed":0,"gold_gain":0,"player_choice":"Removed Attack","damage_taken":0,"max_hp_gain":0,"max_hp_loss":0,"event_name":"Falling","floor":37,"gold_loss":0},{"damage_healed":0,"gold_gain":0,"player_choice":"Paid Gold","damage_taken":0,"relics_obtained":["Incense Burner"],"max_hp_gain":0,"max_hp_loss":0,"event_name":"WeMeetAgain","floor":39,"gold_loss":122},{"damage_healed":0,"gold_gain":0,"player_choice":"Ignored","damage_taken":0,"max_hp_gain":0,"max_hp_loss":0,"event_name":"Tomb of Lord Red Mask","floor":44,"gold_loss":0},{"damage_healed":0,"gold_gain":0,"player_choice":"Max HP","damage_taken":0,"max_hp_gain":0,"max_hp_loss":4,"event_name":"Winding Halls","floor":48,"gold_loss":0}],"is_beta":true,"boss_relics":[{"not_picked":["Black Blood","Mark of Pain"],"picked":"Sozu"},{"not_picked":["Black Star","Runic Dome"],"picked":"Cursed Key"}],"items_purged_floors":[21,45],"is_endless":false,"potions_floor_spawned":[4,8,10,12,13,16,27,31,33,35,36,47],"ascension_level":1}