{"gold_per_floor":[113,125,136,151,151,151,161,161,184,210,210,223,223,223,223,319,319,333,333,343,356,366,366,385,405,481,498,531,531,93,107,107,205,205,224,26,101,117,117,117,130,130,154,171,171,0,0,0,0,0],"floor_reached":51,"playtime":1081,"items_purged":["Strike_R","Strike_R"],"score":671,"play_id":"c8f28398-ccc3-4adc-8de9-65d11290f625","local_time":"20181215104819","is_ascension_mode":false,"campfire_choices":[{"data":"Flex","floor":6.0,"key":"SMITH"},{"data":"Warcry","floor":11.0,"key":"SMITH"},{"data":"Bash","floor":15.0,"key":"SMITH"},{"floor":23.0,"key":"REST"},{"floor":29.0,"key":"REST"},{"floor":32.0,"key":"REST"},{"floor":40.0,"key":"REST"},{"floor":42.0,"key":"REST"},{"floor":47.0,"key":"REST"},{"floor":49,"key":"REST"}],"neow_cost":"NONE","seed_source_timestamp":9798857717787,"circlet_count":0,"master_deck":["Strike_R","Strike_R+1","Strike_R","Defend_R","Defend_R","Defend_R","Defend_R+1","Bash+1","Body Slam","Warcry+1","Flex+1","Whirlwind+1","Sentinel","Clash","Shrug It Off","Immolate","Pommel Strike","True Grit+1","Spot Weakness","Thunderclap+1","Pommel Strike+1","Shrug It Off","Inflame+1","Cleave+1","Feel No Pain","Thunderclap+1","Panacea","Seeing Red","Whirlwind+1"],"special_seed":0,"relics":["Burning Blood","PreservedInsect","Oddly Smooth Stone","Blood Vial","Fusion Hammer","The Courier","Meat on the Bone","Bag of Marbles","Ancient Tea Set","Vajra","Mark of Pain","Juzu Bracelet","Boot","Red Mask"],"potions_floor_usage":[50,50],"damage_taken":[{"damage":16.0,"enemies":"2 Louse","floor":1.0,"turns":3.0},{"damage":6.0,"enemies":"Jaw Worm","floor":2.0,"turns":3.0},{"damage":0.0,"enemies":"Cultist","floor":3.0,"turns":4.0},{"damage":7.0,"enemies":"3 Louse","floor":4.0,"turns":4.0},{"damage":15.0,"enemies":"Looter","floor":7.0,"turns":3.0},{"damage":9.0,"enemies":"3 Sentries","floor":10.0,"turns":3.0},{"damage":9.0,"enemies":"Large Slime","floor":12.0,"turns":5.0},{"damage":46.0,"enemies":"Slime Boss","floor":16.0,"turns":14.0},{"damage":10.0,"enemies":"Spheric Guardian","floor":18.0,"turns":4.0},{"damage":10.0,"enemies":"Chosen","floor":20.0,"turns":2.0},{"damage":0.0,"enemies":"Snecko","floor":21.0,"turns":3.0},{"damage":17.0,"enemies":"Snake Plant","floor":22.0,"turns":3.0},{"damage":1.0,"enemies":"Cultist and Chosen","floor":24.0,"turns":3.0},{"damage":10.0,"enemies":"Sentry and Sphere","floor":25.0,"turns":4.0},{"damage":21.0,"enemies":"Snake Plant","floor":27.0,"turns":4.0},{"damage":5.0,"enemies":"Gremlin Leader","floor":28.0,"turns":4.0},{"damage":0.0,"enemies":"Centurion and Healer","floor":31.0,"turns":3.0},{"damage":72.0,"enemies":"Automaton","floor":33.0,"turns":9.0},{"damage":0.0,"enemies":"Orb Walker","floor":35.0,"turns":3.0},{"damage":7.0,"enemies":"3 Darklings","floor":38.0,"turns":2.0},{"damage":16.0,"enemies":"Maw","floor":41.0,"turns":6.0},{"damage":18.0,"enemies":"Jaw Worm Horde","floor":44.0,"turns":4.0},{"damage":74,"enemies":"Donu and Deca","floor":50,"turns":5}],"seed_played":"-219396871930569392","potions_obtained":[{"floor":0.0,"key":"SpeedPotion"},{"floor":0.0,"key":"Fire Potion"},{"floor":0.0,"key":"BloodPotion"},{"floor":3.0,"key":"Energy Potion"}],"is_trial":false,"path_per_floor":["M","M","M","M","?","R","M","?","T","E","R","M","?","?","R","B",null,"M","?","M","M","M","R","M","M","T","M","E","R","$","M","R","B",null,"M","$","?","M","?","R","M","R","T","M","?","?","R","?","R","B",null],"character_chosen":"IRONCLAD","items_purchased":["Bag of Marbles","Ancient Tea Set","Vajra","Juzu Bracelet"],"campfire_rested":7,"item_purchase_floors":[30,30,30,36],"current_hp_per_floor":[70,70,76,75,75,75,66,80,80,77,77,74,67,51,51,13,80,76,68,66,74,65,80,80,76,76,63,66,80,80,80,80,26,80,80,80,72,73,73,80,70,80,80,68,68,68,80,80,80,32],"gold":0,"neow_bonus":"THREE_SMALL_POTIONS","is_prod":false,"is_daily":false,"chose_seed":false,"campfire_upgraded":3,"win_rate":0,"timestamp":1544878099,"path_taken":["M","M","M","M","?","R","M","?","T","E","R","?","?","?","R","BOSS","M","?","?","M","M","R","M","M","T","M","E","R","$","M","R","BOSS","M","$","?","M","?","R","M","R","T","M","?","?","R","?","R","BOSS"],"build_version":"2018-12-13","purchased_purges":2,"victory":true,"max_hp_per_floor":[80,80,80,80,80,80,80,80,80,80,80,80,80,80,80,80,80,80,80,80,80,80,80,80,80,80,80,80,80,80,80,80,80,80,80,80,80,80,80,80,80,80,80,80,80,80,80,80,80,80],"card_choices":[{"not_picked":["Flex","Blood for Blood"],"picked":"Body Slam","floor":1.0},{"not_picked":["Combust","Reckless Charge"],"picked":"Warcry","floor":2.0},{"not_picked":["Flame Barrier","Dark Embrace"],"picked":"Flex","floor":3.0},{"not_picked":["Dropkick","Twin Strike"],"picked":"Whirlwind","floor":4.0},{"not_picked":["Wild Strike","Heavy Blade"],"picked":"Sentinel","floor":7.0},{"not_picked":["Burning Pact","Wild Strike"],"picked":"Clash","floor":10.0},{"not_picked":["Carnage","Heavy Blade"],"picked":"Shrug It Off","floor":12.0},{"not_picked":["Dark Embrace","Demon Form"],"picked":"Immolate","floor":16.0},{"not_picked":["Warcry","Shrug It Off"],"picked":"Pommel Strike","floor":18.0},{"not_picked":["Armaments+1","Fire Breathing+1"],"picked":"True Grit+1","floor":20.0},{"not_picked":["Exhume","Rampage"],"picked":"Spot Weakness","floor":21.0},{"not_picked":["Sentinel+1","Pommel Strike"],"picked":"Thunderclap+1","floor":22.0},{"not_picked":["Reckless Charge","Perfected Strike+1"],"picked":"Pommel Strike+1","floor":24.0},{"not_picked":["Rage","Perfected Strike"],"picked":"Shrug It Off","floor":25.0},{"not_picked":["Perfected Strike","Carnage"],"picked":"Inflame+1","floor":27.0},{"not_picked":["Disarm","Iron Wave+1"],"picked":"Cleave+1","floor":28.0},{"not_picked":["Pommel Strike+1","Twin Strike"],"picked":"Feel No Pain","floor":31.0},{"not_picked":["Iron Wave","Perfected Strike","Shockwave"],"picked":"SKIP","floor":35.0},{"not_picked":["Searing Blow+1","Rupture"],"picked":"Thunderclap+1","floor":38.0},{"not_picked":["Bandage Up","Mayhem"],"picked":"Panacea","floor":39.0},{"not_picked":["Cleave","Hemokinesis"],"picked":"Seeing Red","floor":41.0},{"not_picked":["Iron Wave","Disarm","Anger"],"picked":"SKIP","floor":44.0}],"player_experience":248950,"relics_obtained":[{"floor":9.0,"key":"PreservedInsect"},{"floor":10.0,"key":"Oddly Smooth Stone"},{"floor":26.0,"key":"The Courier"},{"floor":28.0,"key":"Meat on the Bone"},{"floor":43.0,"key":"Boot"}],"event_choices":[{"damage_healed":0.0,"max_hp_gain":0.0,"max_hp_loss":0.0,"gold_gain":0.0,"event_name":"Living Wall","player_choice":"Grow","floor":5.0,"gold_loss":0.0,"damage_taken":0.0,"cards_upgraded":["Whirlwind"]},{"damage_healed":14.0,"max_hp_gain":0.0,"max_hp_loss":0.0,"gold_gain":0.0,"event_name":"Wheel of Change","player_choice":"Full Heal","floor":8.0,"gold_loss":0.0,"damage_taken":0.0},{"damage_healed":0.0,"max_hp_gain":0.0,"max_hp_loss":0.0,"gold_gain":0.0,"event_name":"Scrap Ooze","player_choice":"Success","floor":13.0,"gold_loss":0.0,"damage_taken":7.0,"relics_obtained":["Blood Vial"]},{"damage_healed":0.0,"max_hp_gain":0.0,"max_hp_loss":0.0,"gold_gain":0.0,"event_name":"Shining Light","player_choice":"Entered Light","floor":14.0,"gold_loss":0.0,"damage_taken":16.0,"cards_upgraded":["Defend_R","Strike_R"]},{"damage_healed":0.0,"max_hp_gain":0.0,"max_hp_loss":0.0,"gold_gain":0.0,"event_name":"Wheel of Change","player_choice":"Damaged","floor":19.0,"gold_loss":0.0,"damage_taken":8.0},{"damage_healed":0.0,"max_hp_gain":0.0,"max_hp_loss":0.0,"gold_gain":75.0,"event_name":"FaceTrader","player_choice":"Touch","floor":37.0,"gold_loss":0.0,"damage_taken":8.0},{"damage_healed":0.0,"max_hp_gain":0.0,"max_hp_loss":0.0,"gold_gain":0.0,"event_name":"SensoryStone","player_choice":"Memory 1","floor":39.0,"gold_loss":0.0,"damage_taken":0.0},{"damage_healed":0.0,"max_hp_gain":0.0,"max_hp_loss":0.0,"gold_gain":0.0,"event_name":"Duplicator","player_choice":"Copied","floor":45.0,"gold_loss":0.0,"damage_taken":0.0,"cards_obtained":["Whirlwind"]},{"damage_healed":0.0,"max_hp_gain":0.0,"max_hp_loss":0.0,"gold_gain":0.0,"event_name":"Tomb of Lord Red Mask","player_choice":"Paid","floor":46.0,"gold_loss":171.0,"damage_taken":0.0,"relics_obtained":["Red Mask"]},{"damage_healed":0,"gold_gain":0,"player_choice":"Ignored","damage_taken":0,"max_hp_gain":0,"max_hp_loss":0,"event_name":"Mysterious Sphere","floor":48,"gold_loss":0}],"is_beta":false,"boss_relics":[{"not_picked":["White Beast Statue","Busted Crown"],"picked":"Fusion Hammer"},{"not_picked":["Black Star","Philosopher\u0027s Stone"],"picked":"Mark of Pain"}],"items_purged_floors":[30,36],"is_endless":false,"potions_floor_spawned":[1,3,10,12,16,18,20,31,33],"ascension_level":0}