{"gold_per_floor":[119,135,135,151,162,162,197,216,216,216,251,262,276,292,292,397,397,407,407,407,188,207,234,248,260,260,260,292,122,134,162,162,258,258,268,117,0,20,40,40,67,67,67,80,106,106,126,138,138,138],"floor_reached":51,"playtime":2494,"items_purged":["Strike_R","Normality"],"score":922,"play_id":"95d73367-1533-42ad-b120-c915aa71b76f","local_time":"20181021111036","is_ascension_mode":true,"campfire_choices":[{"data":"Armaments","floor":6,"key":"SMITH"},{"data":"True Grit","floor":10,"key":"SMITH"},{"data":"Pommel Strike","floor":15,"key":"SMITH"},{"data":"Whirlwind","floor":27,"key":"SMITH"},{"data":"Flex","floor":32,"key":"SMITH"},{"data":"Shrug It Off","floor":40,"key":"SMITH"},{"data":"Battle Trance","floor":42,"key":"SMITH"},{"data":"Reaper","floor":49,"key":"SMITH"}],"neow_cost":"NONE","seed_source_timestamp":674409415737,"circlet_count":0,"master_deck":["Strike_R+1","Strike_R+1","Strike_R+1","Strike_R+1","Defend_R","Defend_R","Defend_R","Defend_R","Bash+1","Armaments+1","True Grit+1","Clash","Anger","Pommel Strike+1","Feed","Reaper+1","Whirlwind+1","Necronomicurse","Shrug It Off+1","Battle Trance+1","Flex+1","Inflame+1","Metallicize+1","Spot Weakness+1","True Grit+1","Shrug It Off+1","Injury","Inflame+1","Pommel Strike+1","Cleave+1"],"relics":["Burning Blood","Letter Opener","Darkstone Periapt","Mercury Hourglass","Cursed Key","Frozen Egg 2","Necronomicon","Pen Nib","Whetstone","Bottled Flame","Paper Frog","Anchor","Eternal Feather","Vajra","Red Mask","Meat on the Bone","Kunai","Centennial Puzzle","CultistMask"],"potions_floor_usage":[16,23,33,45,50],"damage_taken":[{"damage":2,"enemies":"Small Slimes","floor":1,"turns":4},{"damage":5,"enemies":"2 Louse","floor":2,"turns":3},{"damage":0,"enemies":"Cultist","floor":4,"turns":3},{"damage":1,"enemies":"2 Fungi Beasts","floor":5,"turns":4},{"damage":17,"enemies":"Gremlin Nob","floor":7,"turns":4},{"damage":21,"enemies":"Lots of Slimes","floor":8,"turns":5},{"damage":18,"enemies":"3 Sentries","floor":11,"turns":7},{"damage":5,"enemies":"Large Slime","floor":12,"turns":4},{"damage":1,"enemies":"Exordium Wildlife","floor":13,"turns":3},{"damage":0,"enemies":"3 Louse","floor":14,"turns":2},{"damage":0,"enemies":"Slime Boss","floor":16,"turns":8},{"damage":0,"enemies":"Chosen","floor":18,"turns":4},{"damage":6,"enemies":"2 Thieves","floor":22,"turns":2},{"damage":20,"enemies":"Slavers","floor":23,"turns":5},{"damage":7,"enemies":"Centurion and Healer","floor":24,"turns":4},{"damage":10,"enemies":"Snake Plant","floor":25,"turns":4},{"damage":32,"enemies":"Book of Stabbing","floor":28,"turns":4},{"damage":0,"enemies":"3 Cultists","floor":30,"turns":3},{"damage":20,"enemies":"Slavers","floor":31,"turns":4},{"damage":17,"enemies":"Automaton","floor":33,"turns":6},{"damage":7,"enemies":"3 Shapes","floor":35,"turns":4},{"damage":13,"enemies":"3 Darklings","floor":38,"turns":7},{"damage":3,"enemies":"Maw","floor":39,"turns":5},{"damage":8,"enemies":"Giant Head","floor":41,"turns":5},{"damage":4,"enemies":"Jaw Worm Horde","floor":44,"turns":3},{"damage":36,"enemies":"Reptomancer","floor":45,"turns":5},{"damage":15,"enemies":"4 Shapes","floor":47,"turns":4},{"damage":12,"enemies":"Spire Growth","floor":48,"turns":3},{"damage":61,"enemies":"Donu and Deca","floor":50,"turns":7}],"seed_played":"3543596289913645025","potions_obtained":[{"floor":1,"key":"SpeedPotion"},{"floor":8,"key":"Explosive Potion"},{"floor":11,"key":"Ancient Potion"},{"floor":13,"key":"SteroidPotion"},{"floor":18,"key":"SkillPotion"},{"floor":28,"key":"Poison Potion"},{"floor":30,"key":"Strength Potion"},{"floor":33,"key":"Poison Potion"},{"floor":41,"key":"AttackPotion"},{"floor":44,"key":"Strength Potion"},{"floor":45,"key":"FearPotion"}],"is_trial":false,"path_per_floor":["M","M","?","M","M","R","E","M","T","R","E","M","M","M","R","B",null,"M","?","?","$","M","E","M","M","T","R","E","$","M","E","R","B",null,"M","$","?","M","M","R","E","R","T","M","E","?","M","M","R","B"],"character_chosen":"IRONCLAD","items_purchased":["Pen Nib","Inflame+1","Vajra"],"campfire_rested":0,"item_purchase_floors":[21,29,36],"current_hp_per_floor":[80,80,64,70,75,75,64,49,49,49,37,38,43,49,49,55,80,80,80,70,70,73,79,89,95,101,101,87,87,102,102,102,106,108,110,110,110,111,111,111,111,111,117,117,87,87,109,103,117,84],"gold":138,"neow_bonus":"UPGRADE_CARD","is_prod":false,"is_daily":false,"chose_seed":false,"campfire_upgraded":8,"win_rate":0,"timestamp":1540127436,"path_taken":["M","M","?","M","M","R","E","M","T","R","E","M","?","M","R","BOSS","M","?","?","$","M","E","M","?","T","R","E","$","M","E","R","BOSS","M","?","?","M","?","R","E","R","T","?","E","?","M","M","R","BOSS"],"build_version":"2018-10-18","purchased_purges":2,"victory":true,"max_hp_per_floor":[80,80,80,80,80,80,80,80,80,80,80,80,80,80,80,80,80,80,80,86,86,89,93,96,96,102,102,102,102,102,105,105,108,108,111,111,111,111,111,111,111,111,117,117,117,117,117,117,117,117],"card_choices":[{"not_picked":["Disarm","Pummel"],"picked":"Armaments","floor":1},{"not_picked":["Thunderclap","Corruption"],"picked":"True Grit","floor":2},{"not_picked":["Bloodletting","Perfected Strike","Blood for Blood"],"picked":"SKIP","floor":4},{"not_picked":["Clothesline","Feel No Pain"],"picked":"Clash","floor":5},{"not_picked":["Disarm","Reckless Charge","Entrench"],"picked":"SKIP","floor":7},{"not_picked":["Body Slam","True Grit"],"picked":"Anger","floor":8},{"not_picked":["Rupture","Perfected Strike"],"picked":"Pommel Strike","floor":11},{"not_picked":["Disarm","Heavy Blade","Headbutt"],"picked":"SKIP","floor":12},{"not_picked":["Wild Strike","Blood for Blood"],"picked":"Feed","floor":13},{"not_picked":["Rupture","Entrench"],"picked":"Sentinel","floor":14},{"not_picked":["Double Tap","Limit Break"],"picked":"Reaper","floor":16},{"not_picked":["Twin Strike","Cleave"],"picked":"Whirlwind","floor":18},{"not_picked":["Headbutt","Thunderclap"],"picked":"Shrug It Off","floor":22},{"not_picked":["Sentinel+1","Combust+1"],"picked":"Battle Trance","floor":23},{"not_picked":["Armaments","Thunderclap+1"],"picked":"Flex","floor":24},{"not_picked":["Clash","Heavy Blade","Sentinel+1"],"picked":"SKIP","floor":25},{"not_picked":["Cleave","Pommel Strike","Feed"],"picked":"SKIP","floor":28},{"not_picked":["Wild Strike","Body Slam","Perfected Strike"],"picked":"SKIP","floor":30},{"not_picked":["Inflame+1","Evolve+1"],"picked":"Metallicize+1","floor":31},{"not_picked":["Anger","Infernal Blade+1","Blood for Blood+1"],"picked":"SKIP","floor":35},{"not_picked":["Anger","Infernal Blade+1","Blood for Blood+1"],"picked":"SKIP","floor":35},{"not_picked":["Clothesline+1","Clash+1"],"picked":"Spot Weakness+1","floor":38},{"not_picked":["Clash","Pommel Strike"],"picked":"True Grit+1","floor":39},{"not_picked":["True Grit+1","Power Through"],"picked":"Shrug It Off+1","floor":41},{"not_picked":["Flex","True Grit+1","Berserk+1"],"picked":"SKIP","floor":44},{"not_picked":["Reckless Charge","Flame Barrier"],"picked":"Inflame+1","floor":45},{"not_picked":["Flex","Havoc"],"picked":"Pommel Strike+1","floor":47},{"not_picked":["Dropkick","Shrug It Off"],"picked":"Cleave+1","floor":48}],"player_experience":100275,"relics_obtained":[{"floor":7,"key":"Letter Opener"},{"floor":9,"key":"Darkstone Periapt"},{"floor":11,"key":"Mercury Hourglass"},{"floor":20,"key":"Necronomicon"},{"floor":23,"key":"Whetstone"},{"floor":26,"key":"Bottled Flame"},{"floor":28,"key":"Paper Frog"},{"floor":31,"key":"Anchor"},{"floor":41,"key":"Meat on the Bone"},{"floor":43,"key":"Kunai"},{"floor":45,"key":"Centennial Puzzle"}],"event_choices":[{"damage_healed":0,"gold_gain":0,"player_choice":"Entered Light","damage_taken":16,"max_hp_gain":0,"max_hp_loss":0,"event_name":"Shining Light","floor":3,"gold_loss":0,"cards_upgraded":["Strike_R","Strike_R"]},{"cards_removed":["Sentinel"],"damage_healed":0,"gold_gain":0,"player_choice":"Gave Card","damage_taken":0,"relics_obtained":["Frozen Egg 2"],"max_hp_gain":0,"max_hp_loss":0,"event_name":"WeMeetAgain","floor":19,"gold_loss":0},{"damage_healed":0,"gold_gain":0,"player_choice":"Obtained Book","damage_taken":16,"max_hp_gain":0,"max_hp_loss":0,"event_name":"Cursed Tome","floor":20,"gold_loss":0},{"damage_healed":0,"gold_gain":0,"player_choice":"Paid","damage_taken":0,"relics_obtained":["Red Mask"],"max_hp_gain":0,"max_hp_loss":0,"event_name":"Tomb of Lord Red Mask","floor":37,"gold_loss":117},{"damage_healed":0,"gold_gain":0,"player_choice":"Trade","damage_taken":0,"relics_obtained":["CultistMask"],"max_hp_gain":0,"max_hp_loss":0,"event_name":"FaceTrader","floor":46,"gold_loss":0}],"is_beta":false,"boss_relics":[{"not_picked":["Philosopher\u0027s Stone","Mark of Pain"],"picked":"Cursed Key"},{"not_picked":["White Beast Statue","Black Star"],"picked":"Eternal Feather"}],"items_purged_floors":[21,29],"is_endless":false,"potions_floor_spawned":[1,8,11,13,14,18,28,30,31,33,35,41,44,45,47],"ascension_level":1}