{"gold_per_floor":[119,119,136,136,155,155,180,180,180,215,225,75,88,98,98,197,197,214,314,332,154,171,171,46,46,46,66,66,99,99,132,132,232,232,249,31,42,56,56,56,89,104,104,114,114,0,15,15,15,15,15,15,15,48,48],"floor_reached":56,"playtime":4241,"items_purged":["Defend_B","Defend_B","Defend_B","Strike_B"],"score":1297,"play_id":"e747b41d-d9d8-4e6e-a424-fed9ddb4c60e","local_time":"20190126165319","is_ascension_mode":true,"campfire_choices":[{"data":"Dualcast","floor":6,"key":"SMITH"},{"data":"Hologram","floor":8,"key":"SMITH"},{"data":"Conserve Battery","floor":15,"key":"SMITH"},{"floor":23,"key":"REST"},{"floor":30,"key":"RECALL"},{"floor":32,"key":"REST"},{"floor":40,"key":"REST"},{"floor":49,"key":"REST"},{"floor":52,"key":"REST"}],"neow_cost":"NONE","seed_source_timestamp":265278902343069,"circlet_count":0,"master_deck":["Strike_B","Zap+1","Dualcast+1","Reprogram","Conserve Battery+1","Ball Lightning","Hologram+1","Force Field","Capacitor+1","Self Repair+1","Conserve Battery","Steam+1","Creative AI+1","Glacier","White Noise","Steam","Heatsinks+1","Cold Snap","Doom and Gloom","Hologram+1","Buffer+1","Storm+1","Loop+1","Multi-Cast+1","Coolheaded+1","Seek+1","Steam+1","Force Field+1","Self Repair+1","Storm+1","White Noise+1","Fission+1","Discovery+1"],"relics":["Cracked Core","Torii","Frozen Egg 2","Shuriken","Fusion Hammer","Letter Opener","Ginger","Bag of Preparation","Molten Egg 2","Toxic Egg 2","White Beast Statue","War Paint","Question Card","Vajra"],"potions_floor_usage":[11,14,19,22,29,29,29,31,35,38,41,41,42,47,55,55,55],"damage_taken":[{"damage":13,"enemies":"Small Slimes","floor":1,"turns":3},{"damage":7,"enemies":"Jaw Worm","floor":3,"turns":2},{"damage":0,"enemies":"Cultist","floor":5,"turns":3},{"damage":19,"enemies":"Lagavulin","floor":7,"turns":5},{"damage":11,"enemies":"3 Sentries","floor":10,"turns":8},{"damage":0,"enemies":"3 Louse","floor":11,"turns":2},{"damage":0,"enemies":"Looter","floor":13,"turns":3},{"damage":13,"enemies":"Blue Slaver","floor":14,"turns":2},{"damage":15,"enemies":"The Guardian","floor":16,"turns":11},{"damage":25,"enemies":"Chosen","floor":18,"turns":6},{"damage":33,"enemies":"Colosseum Slavers","floor":19,"turns":5},{"damage":23,"enemies":"Colosseum Nobs","floor":19,"turns":6},{"damage":3,"enemies":"3 Byrds","floor":20,"turns":3},{"damage":1,"enemies":"Shelled Parasite and Fungi","floor":22,"turns":5},{"damage":7,"enemies":"Snecko","floor":27,"turns":6},{"damage":18,"enemies":"Gremlin Leader","floor":29,"turns":8},{"damage":30,"enemies":"Slavers","floor":31,"turns":3},{"damage":12,"enemies":"Champ","floor":33,"turns":7},{"damage":13,"enemies":"Orb Walker","floor":35,"turns":4},{"damage":9,"enemies":"3 Shapes","floor":37,"turns":4},{"damage":11,"enemies":"Spire Growth","floor":38,"turns":5},{"damage":7,"enemies":"Reptomancer","floor":41,"turns":6},{"damage":12,"enemies":"3 Darklings","floor":42,"turns":4},{"damage":6,"enemies":"Maw","floor":44,"turns":5},{"damage":0,"enemies":"Spire Growth","floor":47,"turns":4},{"damage":0,"enemies":"Donu and Deca","floor":50,"turns":5},{"damage":41,"enemies":"Shield and Spear","floor":54,"turns":6},{"damage":22,"enemies":"The Heart","floor":55,"turns":6}],"seed_played":"1129899899950448193","potions_obtained":[{"floor":1,"key":"Ancient Potion"},{"floor":7,"key":"Explosive Potion"},{"floor":13,"key":"AttackPotion"},{"floor":19,"key":"Fire Potion"},{"floor":20,"key":"FocusPotion"},{"floor":22,"key":"SpeedPotion"},{"floor":27,"key":"FearPotion"},{"floor":29,"key":"PowerPotion"},{"floor":35,"key":"Fruit Juice"},{"floor":37,"key":"FocusPotion"},{"floor":38,"key":"FearPotion"},{"floor":39,"key":"Block Potion"},{"floor":39,"key":"SkillPotion"},{"floor":39,"key":"GamblersBrew"},{"floor":41,"key":"Swift Potion"},{"floor":42,"key":"Strength Potion"},{"floor":44,"key":"Swift Potion"},{"floor":47,"key":"Strength Potion"},{"floor":54,"key":"PowerPotion"}],"is_trial":false,"path_per_floor":["M","?","M","?","M","R","E","R","T","E","M","$","M","M","R","B",null,"M","?","M","$","M","R","$","?","T","M","?","E","R","E","R","B",null,"M","$","M","M","?","R","E","M","T","M","?","$","M","?","R","B",null,"R","$","E","B",null],"character_chosen":"DEFECT","items_purchased":["Self Repair+1","Heatsinks+1","Seek+1","Storm+1","White Noise+1"],"campfire_rested":5,"item_purchase_floors":[12,21,36,46,46],"current_hp_per_floor":[69,62,55,55,55,55,36,36,36,25,25,25,35,32,32,27,82,67,41,38,38,47,71,71,71,71,74,74,66,66,36,60,48,82,84,84,85,84,84,87,87,85,85,87,87,87,87,87,87,87,87,87,87,66,64],"gold":48,"neow_bonus":"TEN_PERCENT_HP_BONUS","is_prod":false,"is_daily":false,"chose_seed":false,"campfire_upgraded":3,"win_rate":0,"timestamp":1548517999,"path_taken":["M","?","M","?","?","R","E","R","T","E","M","$","M","M","R","BOSS","M","?","M","$","M","R","$","?","T","M","?","E","R","E","R","BOSS","M","$","M","M","?","R","E","M","T","?","?","$","?","?","R","BOSS","R","$","E","BOSS"],"build_version":"2019-01-23","purchased_purges":4,"victory":true,"max_hp_per_floor":[82,82,82,82,82,82,82,82,82,82,82,82,82,82,82,82,82,82,82,82,82,82,82,82,82,82,82,82,82,82,82,82,82,82,87,87,87,87,87,87,87,87,87,87,87,87,87,87,87,87,87,87,87,87,87],"card_choices":[{"not_picked":["Lockon","Undo"],"picked":"Reprogram","floor":1},{"not_picked":["Gash","Barrage"],"picked":"Conserve Battery","floor":3},{"not_picked":["Steam","Skim"],"picked":"Ball Lightning","floor":5},{"not_picked":["Fission","Sweeping Beam"],"picked":"Hologram","floor":7},{"not_picked":["Skim","Auto Shields"],"picked":"Force Field","floor":10},{"not_picked":["Sweeping Beam","Static Discharge+1"],"picked":"Capacitor+1","floor":11},{"not_picked":["Tempest","Scrape"],"picked":"Conserve Battery","floor":13},{"not_picked":["Streamline","Barrage"],"picked":"Steam","floor":14},{"not_picked":["Amplify","Rainbow"],"picked":"Creative AI+1","floor":16},{"not_picked":["Conserve Battery+1","Beam Cell"],"picked":"Glacier","floor":18},{"not_picked":["Ball Lightning+1","Coolheaded"],"picked":"White Noise","floor":19},{"not_picked":["Fusion","Aggregate"],"picked":"Steam","floor":20},{"not_picked":["Fusion","Barrage"],"picked":"Cold Snap","floor":22},{"not_picked":["Sweeping Beam","Auto Shields"],"picked":"Buffer+1","floor":27},{"not_picked":["Hologram","Streamline"],"picked":"Storm+1","floor":29},{"not_picked":["Go for the Eyes+1","Scrape+1"],"picked":"Loop+1","floor":31},{"not_picked":["Meteor Strike+1","All For One+1"],"picked":"Multi-Cast+1","floor":33},{"not_picked":["Steam+1","Redo+1"],"picked":"Coolheaded+1","floor":35},{"not_picked":["Melter+1","Compile Driver+1","Undo+1"],"picked":"SKIP","floor":37},{"not_picked":["Streamline+1","All For One+1"],"picked":"Steam+1","floor":38},{"not_picked":["Hello World+1","Streamline+1"],"picked":"Force Field+1","floor":41},{"not_picked":["Gash+1","Leap+1"],"picked":"Self Repair+1","floor":42},{"not_picked":["Conserve Battery+1","Self Repair+1","Steam+1","Rip and Tear+1"],"picked":"SKIP","floor":44},{"not_picked":["Rip and Tear+1","Auto Shields+1","Hologram+1"],"picked":"Fission+1","floor":47},{"not_picked":["Sweeping Beam+1","Coolheaded+1","Reprogram+1","Tempest+1"],"picked":"SKIP","floor":54}],"player_experience":89771,"relics_obtained":[{"floor":7,"key":"Torii"},{"floor":9,"key":"Frozen Egg 2"},{"floor":10,"key":"Shuriken"},{"floor":19,"key":"Letter Opener"},{"floor":19,"key":"Ginger"},{"floor":29,"key":"Molten Egg 2"},{"floor":31,"key":"Toxic Egg 2"},{"floor":41,"key":"War Paint"},{"floor":43,"key":"Question Card"},{"floor":54,"key":"Vajra"}],"event_choices":[{"cards_removed":["Defend_B"],"damage_healed":0,"gold_gain":0,"player_choice":"Card Removal","damage_taken":7,"max_hp_gain":0,"max_hp_loss":0,"event_name":"Golden Wing","floor":2,"gold_loss":0},{"damage_healed":0,"gold_gain":0,"player_choice":"Upgraded","damage_taken":0,"max_hp_gain":0,"max_hp_loss":0,"event_name":"Upgrade Shrine","floor":4,"gold_loss":0,"cards_upgraded":["Zap"]},{"damage_healed":0,"gold_gain":0,"player_choice":"Fight","damage_taken":0,"max_hp_gain":0,"max_hp_loss":0,"event_name":"Colosseum","floor":19,"gold_loss":0},{"damage_healed":0,"gold_gain":0,"player_choice":"Fought Nobs","damage_taken":0,"max_hp_gain":0,"max_hp_loss":0,"event_name":"Colosseum","floor":19,"gold_loss":0},{"damage_healed":0,"gold_gain":0,"cards_transformed":["Strike_B","Strike_B"],"player_choice":"Became Test Subject","damage_taken":0,"max_hp_gain":0,"max_hp_loss":0,"event_name":"Drug Dealer","floor":25,"gold_loss":0,"cards_obtained":["Doom and Gloom","Hologram"]},{"damage_healed":0,"gold_gain":0,"player_choice":"Stole Relic","damage_taken":0,"relics_obtained":["Bag of Preparation"],"max_hp_gain":0,"max_hp_loss":0,"event_name":"Addict","floor":28,"gold_loss":0,"cards_obtained":["Shame"]},{"damage_healed":0,"gold_gain":0,"player_choice":"Got Potions","damage_taken":0,"max_hp_gain":0,"max_hp_loss":0,"event_name":"Lab","floor":39,"gold_loss":0},{"cards_removed":["Shame"],"damage_healed":0,"gold_gain":0,"player_choice":"Removed Curses","damage_taken":0,"max_hp_gain":0,"max_hp_loss":0,"event_name":"Fountain of Cleansing","floor":45,"gold_loss":0},{"damage_healed":0,"gold_gain":0,"player_choice":"1 cards matched","damage_taken":0,"max_hp_gain":0,"max_hp_loss":0,"event_name":"Match and Keep!","floor":48,"gold_loss":0,"cards_obtained":["Discovery"]}],"is_beta":false,"boss_relics":[{"not_picked":["Calling Bell","Philosopher\u0027s Stone"],"picked":"Fusion Hammer"},{"not_picked":["Lizard Tail","Runic Pyramid"],"picked":"White Beast Statue"}],"items_purged_floors":[12,21,24,36],"is_endless":false,"potions_floor_spawned":[1,7,13,19,20,22,27,29,35,37,38,41,42,44,47,54],"ascension_level":2}