{"gold_per_floor":[212,224,32,42,55,55,55,85,85,145,172,172,184,197,197,292,292,310,310],"floor_reached":19,"playtime":1151,"items_purged":[],"score":188,"play_id":"1373c078-da22-4b91-bf55-7a6001b6d474","local_time":"20181104130956","is_ascension_mode":true,"campfire_choices":[{"data":"Neutralize","floor":6,"key":"SMITH"},{"data":"Cloak And Dagger","floor":12,"key":"SMITH"},{"floor":15,"key":"RECALL"}],"neow_cost":"NONE","seed_source_timestamp":699256727768456,"circlet_count":0,"master_deck":["Defend_G","Defend_G","Defend_G","Defend_G","Defend_G","Strike_G","Strike_G","Strike_G","Strike_G","Strike_G","Survivor","Neutralize+1","Infinite Blades","Slice","After Image","Dagger Throw","Backstab","Cloak And Dagger+1","Flying Knee","Leg Sweep","Envenom","Slice","Burst","PiercingWail+1"],"relics":["Ring of the Snake","PreservedInsect","Oddly Smooth Stone","The Specimen","Busted Crown"],"potions_floor_usage":[8,11],"damage_taken":[{"damage":0,"enemies":"2 Louse","floor":1,"turns":4},{"damage":1,"enemies":"Jaw Worm","floor":2,"turns":6},{"damage":0,"enemies":"Small Slimes","floor":4,"turns":4},{"damage":7,"enemies":"Exordium Thugs","floor":5,"turns":6},{"damage":9,"enemies":"3 Sentries","floor":8,"turns":7},{"damage":1,"enemies":"3 Sentries","floor":10,"turns":8},{"damage":3,"enemies":"Lagavulin","floor":11,"turns":7},{"damage":0,"enemies":"2 Fungi Beasts","floor":13,"turns":3},{"damage":20,"enemies":"Lots of Slimes","floor":14,"turns":3},{"damage":15,"enemies":"Hexaghost","floor":16,"turns":11},{"damage":0,"enemies":"Shell Parasite","floor":18,"turns":6},{"damage":0,"enemies":"2 Thieves","floor":19,"turns":1}],"seed_played":"27116682938523762","potions_obtained":[{"floor":1,"key":"PowerPotion"},{"floor":5,"key":"EssenceOfSteel"},{"floor":10,"key":"AttackPotion"},{"floor":13,"key":"Weak Potion"},{"floor":14,"key":"Explosive Potion"},{"floor":18,"key":"SkillPotion"}],"is_trial":false,"path_per_floor":["M","M","$","M","M","R","?","E","T","?","E","R","M","M","R","B",null,"M","M"],"character_chosen":"THE_SILENT","items_purchased":["After Image","Dagger Throw"],"campfire_rested":0,"item_purchase_floors":[3,3],"current_hp_per_floor":[70,69,69,69,62,62,67,58,58,57,54,54,54,34,34,19,75,75,75],"gold":310,"neow_bonus":"HUNDRED_GOLD","is_prod":false,"is_daily":false,"chose_seed":false,"campfire_upgraded":2,"win_rate":0,"timestamp":1541362196,"path_taken":["M","M","$","M","M","R","?","E","T","?","E","R","M","M","R","BOSS","M","M"],"build_version":"2018-11-02","purchased_purges":0,"victory":false,"max_hp_per_floor":[70,70,70,70,70,70,75,75,75,75,75,75,75,75,75,75,75,75,75],"card_choices":[{"not_picked":["Escape Plan","Finisher"],"picked":"Infinite Blades","floor":1},{"not_picked":["Prepared","Masterful Stab"],"picked":"Slice","floor":2},{"not_picked":["Expertise","Bouncing Flask"],"picked":"Backstab","floor":4},{"not_picked":["Quick Slash","Caltrops"],"picked":"Cloak And Dagger","floor":5},{"not_picked":["Skewer","Bane"],"picked":"Flying Knee","floor":8},{"not_picked":["Slice","Blade Dance"],"picked":"Leg Sweep","floor":10},{"not_picked":["Dash","Escape Plan"],"picked":"Envenom","floor":11},{"not_picked":["Acrobatics","Concentrate"],"picked":"Slice","floor":13},{"not_picked":["Underhanded Strike","Blade Dance","Skewer"],"picked":"SKIP","floor":14},{"not_picked":["Tools of the Trade","Wraith Form v2"],"picked":"Burst","floor":16},{"not_picked":[],"picked":"PiercingWail+1","floor":18}],"player_experience":1096912,"relics_obtained":[{"floor":8,"key":"PreservedInsect"},{"floor":10,"key":"Oddly Smooth Stone"},{"floor":11,"key":"The Specimen"}],"event_choices":[{"damage_healed":0,"gold_gain":0,"player_choice":"Donut","damage_taken":0,"max_hp_gain":5,"max_hp_loss":0,"event_name":"Big Fish","floor":7,"gold_loss":0},{"damage_healed":0,"gold_gain":0,"player_choice":"Searched \u00271\u0027 times","damage_taken":0,"max_hp_gain":0,"max_hp_loss":0,"event_name":"Dead Adventurer","floor":10,"gold_loss":0}],"is_beta":true,"boss_relics":[{"not_picked":["Runic Pyramid","Calling Bell"],"picked":"Busted Crown"}],"items_purged_floors":[],"is_endless":false,"potions_floor_spawned":[1,5,10,13,14,18],"killed_by":"2 Thieves","ascension_level":1}