{"gold_per_floor":[116,134,150,165,184,184,210,229,229,229],"floor_reached":10,"playtime":333,"items_purged":[],"score":144,"play_id":"3f0c0948-7b15-4687-9f93-bc025c9eb466","local_time":"20190126163512","is_ascension_mode":true,"campfire_choices":[{"data":"Go for the Eyes","floor":6,"key":"SMITH"}],"neow_cost":"NONE","seed_source_timestamp":1464470147868691,"circlet_count":0,"master_deck":["AscendersBane","Strike_B","Strike_B","Strike_B","Strike_B","Defend_B","Defend_B","Defend_B","Defend_B","Zap+1","Dualcast","Conserve Battery","Coolheaded","Go for the Eyes+1","Ball Lightning","Compile Driver","Cold Snap","Auto Shields"],"relics":["Cracked Core","Gremlin Horn","StoneCalendar"],"potions_floor_usage":[7,7],"damage_taken":[{"damage":14,"enemies":"2 Louse","floor":1,"turns":2},{"damage":5,"enemies":"Small Slimes","floor":2,"turns":2},{"damage":0,"enemies":"Cultist","floor":3,"turns":3},{"damage":8,"enemies":"Exordium Thugs","floor":4,"turns":6},{"damage":0,"enemies":"Looter","floor":5,"turns":3},{"damage":20,"enemies":"Lagavulin","floor":7,"turns":4},{"damage":14,"enemies":"3 Louse","floor":8,"turns":2},{"damage":0,"enemies":"Exordium Thugs","floor":10,"turns":2}],"seed_played":"-8113920644255123381","potions_obtained":[{"floor":3,"key":"AttackPotion"},{"floor":5,"key":"SteroidPotion"}],"is_trial":false,"path_per_floor":["M","M","M","M","M","R","E","M","T","M"],"character_chosen":"DEFECT","items_purchased":[],"campfire_rested":0,"item_purchase_floors":[],"current_hp_per_floor":[50,45,45,37,37,37,17,3,3,3],"gold":229,"neow_bonus":"UPGRADE_CARD","is_prod":false,"is_daily":false,"chose_seed":false,"campfire_upgraded":1,"win_rate":0,"timestamp":1548545712,"path_taken":["M","M","M","M","M","R","E","M","T","M"],"build_version":"2019-01-23","purchased_purges":0,"victory":false,"max_hp_per_floor":[71,71,71,71,71,71,71,71,71,71],"card_choices":[{"not_picked":["Recycle","Loop"],"picked":"Conserve Battery","floor":1},{"not_picked":["Barrage","Steam"],"picked":"Coolheaded","floor":2},{"not_picked":["Conserve Battery","Genetic Algorithm"],"picked":"Go for the Eyes","floor":3},{"not_picked":["Blizzard","Reprogram"],"picked":"Ball Lightning","floor":4},{"not_picked":["Go for the Eyes","Storm"],"picked":"Compile Driver","floor":5},{"not_picked":["Storm","Gash"],"picked":"Cold Snap","floor":7},{"not_picked":["Go for the Eyes","Sunder"],"picked":"Auto Shields","floor":8}],"player_experience":1259471,"relics_obtained":[{"floor":7,"key":"Gremlin Horn"},{"floor":9,"key":"StoneCalendar"}],"event_choices":[],"is_beta":true,"boss_relics":[],"items_purged_floors":[],"is_endless":false,"potions_floor_spawned":[3,5],"killed_by":"Exordium Thugs","ascension_level":20}