{"gold_per_floor":[110,110,126,137,62,62,94,110,190,190,204,204,204,234,234,305,305,323,334,229,262,262,262,289,289,346,346,381,396,42,54,54,54],"floor_reached":33,"playtime":975,"items_purged":["Strike_B","Strike_B"],"score":661,"play_id":"dd0e07ba-1645-4757-be09-5b1654269e2d","local_time":"20181205231556","is_ascension_mode":true,"campfire_choices":[{"data":"Biased Cognition","floor":6,"key":"SMITH"},{"data":"Consume","floor":10,"key":"SMITH"},{"floor":13,"key":"REST"},{"data":"Conserve Battery","floor":15,"key":"SMITH"},{"data":"Biased Cognition","floor":23,"key":"SMITH"},{"data":"Undo","floor":25,"key":"SMITH"},{"data":"Defragment","floor":32,"key":"SMITH"}],"neow_cost":"NONE","seed_source_timestamp":1918209584050654,"circlet_count":0,"master_deck":["AscendersBane","Strike_B","Defend_B","Defend_B","Defend_B","Defend_B","Zap+1","Dualcast","Biased Cognition+1","Conserve Battery+1","Ball Lightning","Ball Lightning","Consume+1","Leap","Electrodynamics","Coolheaded","Biased Cognition+1","Ball Lightning","Conserve Battery","BootSequence","Necronomicurse","Undo+1","Decay","Hello World","Defragment+1","Thunder Strike","Ball Lightning"],"relics":["Cracked Core","FaceOfCleric","Unceasing Top","Question Card","DataDisk","Busted Crown","Red Mask","Necronomicon","Orichalcum","Tiny Chest","Emotion Chip"],"potions_floor_usage":[11,16,24,33,33],"damage_taken":[{"damage":4,"enemies":"Jaw Worm","floor":1,"turns":4},{"damage":1,"enemies":"Cultist","floor":3,"turns":3},{"damage":0,"enemies":"2 Louse","floor":4,"turns":1},{"damage":35,"enemies":"3 Sentries","floor":7,"turns":6},{"damage":1,"enemies":"2 Fungi Beasts","floor":8,"turns":2},{"damage":5,"enemies":"Gremlin Gang","floor":11,"turns":3},{"damage":11,"enemies":"Lagavulin","floor":14,"turns":4},{"damage":6,"enemies":"The Guardian","floor":16,"turns":8},{"damage":0,"enemies":"3 Byrds","floor":18,"turns":3},{"damage":9,"enemies":"Shell Parasite","floor":19,"turns":2},{"damage":0,"enemies":"Masked Bandits","floor":21,"turns":2},{"damage":0,"enemies":"Gremlin Leader","floor":24,"turns":4},{"damage":1,"enemies":"Slavers","floor":28,"turns":2},{"damage":0,"enemies":"3 Cultists","floor":29,"turns":2},{"damage":20,"enemies":"Snake Plant","floor":31,"turns":3},{"damage":23,"enemies":"Collector","floor":33,"turns":7}],"seed_played":"2583363970168114659","potions_obtained":[{"floor":7,"key":"EssenceOfSteel"},{"floor":8,"key":"Poison Potion"},{"floor":16,"key":"GamblersBrew"},{"floor":21,"key":"LiquidBronze"},{"floor":29,"key":"SkillPotion"},{"floor":31,"key":"EssenceOfSteel"}],"is_trial":false,"path_per_floor":["M","?","M","M","?","R","E","M","T","R","M","?","R","E","R","B",null,"M","M","$","?","?","R","E","R","T","?","E","M","$","M","R","B"],"character_chosen":"DEFECT","items_purchased":["Conserve Battery","Defragment","Thunder Strike"],"campfire_rested":1,"item_purchase_floors":[20,30,30],"current_hp_per_floor":[60,60,60,61,61,61,27,27,27,27,23,23,45,35,35,30,66,67,59,59,60,39,39,40,40,40,40,40,41,41,22,22,0],"gold":54,"neow_bonus":"ONE_RANDOM_RARE_CARD","is_prod":false,"is_daily":false,"chose_seed":false,"campfire_upgraded":6,"win_rate":0,"timestamp":1544076956,"path_taken":["M","?","M","?","?","R","E","M","T","R","M","?","R","E","R","BOSS","M","?","$","?","?","R","E","R","T","?","E","M","$","M","R","BOSS"],"build_version":"2018-12-05","purchased_purges":2,"victory":false,"max_hp_per_floor":[71,71,72,73,73,73,74,75,75,75,76,76,76,77,77,78,78,79,80,80,81,81,81,82,82,82,82,83,84,84,85,85,85],"card_choices":[{"not_picked":["Barrage","Stack"],"picked":"Conserve Battery","floor":1},{"not_picked":["Steam","Doom and Gloom"],"picked":"Ball Lightning","floor":3},{"not_picked":["Conserve Battery","Compile Driver"],"picked":"Ball Lightning","floor":4},{"not_picked":["Barrage","Ball Lightning"],"picked":"Consume","floor":7},{"not_picked":["Rebound","Sweeping Beam"],"picked":"Leap","floor":8},{"not_picked":["Leap","Consume","Undo"],"picked":"Electrodynamics","floor":11},{"not_picked":["Steam","Gash","Hologram"],"picked":"Coolheaded","floor":14},{"not_picked":["Meteor Strike","Amplify","Rainbow"],"picked":"Biased Cognition","floor":16},{"not_picked":["Coolheaded","Steam"],"picked":"SKIP","floor":18},{"not_picked":["Hologram"],"picked":"Ball Lightning","floor":19},{"not_picked":["Genetic Algorithm"],"picked":"BootSequence","floor":21},{"not_picked":["Hologram"],"picked":"Undo","floor":24},{"not_picked":["Consume","Hologram"],"picked":"SKIP","floor":28},{"not_picked":["Compile Driver"],"picked":"Hello World","floor":29},{"not_picked":["Coolheaded"],"picked":"Ball Lightning","floor":31}],"player_experience":1175596,"relics_obtained":[{"floor":7,"key":"Unceasing Top"},{"floor":9,"key":"Question Card"},{"floor":14,"key":"DataDisk"},{"floor":21,"key":"Red Mask"},{"floor":22,"key":"Necronomicon"},{"floor":24,"key":"Orichalcum"},{"floor":26,"key":"Tiny Chest"},{"floor":28,"key":"Emotion Chip"}],"event_choices":[{"damage_healed":0,"gold_gain":0,"player_choice":"Trade","damage_taken":0,"relics_obtained":["FaceOfCleric"],"max_hp_gain":0,"max_hp_loss":0,"event_name":"FaceTrader","floor":2,"gold_loss":0},{"cards_removed":["Strike_B"],"damage_healed":0,"gold_gain":0,"player_choice":"Card Removal","damage_taken":0,"max_hp_gain":0,"max_hp_loss":0,"event_name":"The Cleric","floor":5,"gold_loss":75},{"damage_healed":0,"gold_gain":0,"player_choice":"Forge","damage_taken":0,"max_hp_gain":0,"max_hp_loss":0,"event_name":"Accursed Blacksmith","floor":12,"gold_loss":0,"cards_upgraded":["Zap"]},{"damage_healed":0,"gold_gain":0,"player_choice":"Fought Bandits","damage_taken":0,"max_hp_gain":0,"max_hp_loss":0,"event_name":"Masked Bandits","floor":21,"gold_loss":0},{"damage_healed":0,"gold_gain":0,"player_choice":"Obtained Book","damage_taken":21,"max_hp_gain":0,"max_hp_loss":0,"event_name":"Cursed Tome","floor":22,"gold_loss":0},{"damage_healed":0,"gold_gain":0,"player_choice":"Smashed Altar","damage_taken":0,"max_hp_gain":0,"max_hp_loss":0,"event_name":"Forgotten Altar","floor":27,"gold_loss":0,"cards_obtained":["Decay"]}],"is_beta":true,"boss_relics":[{"not_picked":["White Beast Statue","Ectoplasm"],"picked":"Busted Crown"}],"items_purged_floors":[20,30],"is_endless":false,"potions_floor_spawned":[7,8,16,21,29,31],"killed_by":"Collector","ascension_level":20}