{"gold_per_floor":[109,109,129,129,143,143,182,182,208,269,296,339,371,383,395,407],"floor_reached":16,"playtime":483,"items_purged":[],"score":220,"play_id":"6875afe0-1170-4b0c-9f1a-58a21c65157e","local_time":"20190117180617","is_ascension_mode":true,"campfire_choices":[{"data":"Zap","floor":6,"key":"SMITH"},{"data":"Rainbow","floor":8,"key":"SMITH"},{"data":"Go for the Eyes","floor":15,"key":"SMITH"}],"neow_cost":"NONE","seed_source_timestamp":692186131026176,"circlet_count":0,"master_deck":["AscendersBane","Strike_B","Strike_B","Strike_B","Defend_B","Defend_B","Defend_B","Defend_B","Zap+1","Dualcast","Glacier","Cold Snap","Cold Snap","Rainbow+1","Auto Shields","Ball Lightning","Go for the Eyes+1"],"relics":["Cracked Core","DataDisk","Golden Idol","Oddly Smooth Stone","MawBank","Pen Nib","Bronze Scales"],"potions_floor_usage":[11,12],"damage_taken":[{"damage":6,"enemies":"2 Louse","floor":1,"turns":3},{"damage":0,"enemies":"Jaw Worm","floor":3,"turns":4},{"damage":1,"enemies":"Small Slimes","floor":5,"turns":3},{"damage":4,"enemies":"Lagavulin","floor":7,"turns":8},{"damage":0,"enemies":"Exordium Thugs","floor":11,"turns":3},{"damage":33,"enemies":"Gremlin Nob","floor":12,"turns":3},{"damage":0,"enemies":"Large Slime","floor":13,"turns":4},{"damage":14,"enemies":"Hexaghost","floor":16,"turns":7}],"seed_played":"-7490618513104244458","potions_obtained":[{"floor":1,"key":"LiquidBronze"},{"floor":5,"key":"Block Potion"},{"floor":11,"key":"Dexterity Potion"}],"is_trial":false,"path_per_floor":["M","?","M","?","M","R","E","R","T","T","M","E","M","?","R","B"],"character_chosen":"DEFECT","items_purchased":[],"campfire_rested":0,"item_purchase_floors":[],"current_hp_per_floor":[58,58,58,58,57,57,53,53,53,53,53,20,20,11,11,0],"gold":407,"neow_bonus":"RANDOM_COMMON_RELIC","is_prod":false,"is_daily":false,"chose_seed":false,"campfire_upgraded":3,"win_rate":0,"timestamp":1547773577,"path_taken":["M","?","M","?","M","R","E","R","T","?","M","E","M","?","R","BOSS"],"build_version":"2019-01-16","purchased_purges":0,"victory":false,"max_hp_per_floor":[71,64,64,64,64,64,64,64,64,64,64,64,64,64,64,64],"card_choices":[{"not_picked":["Steam Power","Reinforced Body"],"picked":"Glacier","floor":1},{"not_picked":["Lockon","Gash"],"picked":"Cold Snap","floor":3},{"not_picked":["Leap","Go for the Eyes"],"picked":"Cold Snap","floor":5},{"not_picked":["Sweeping Beam","Cold Snap"],"picked":"Rainbow","floor":7},{"not_picked":["Go for the Eyes","Hello World"],"picked":"Auto Shields","floor":11},{"not_picked":["Streamline","Hologram"],"picked":"Ball Lightning","floor":12},{"not_picked":["Hello World","Sweeping Beam"],"picked":"Go for the Eyes","floor":13}],"player_experience":1213599,"relics_obtained":[{"floor":7,"key":"Oddly Smooth Stone"},{"floor":9,"key":"MawBank"},{"floor":10,"key":"Pen Nib"},{"floor":12,"key":"Bronze Scales"}],"event_choices":[{"damage_healed":0,"gold_gain":0,"player_choice":"Lose Max HP","damage_taken":0,"relics_obtained":["Golden Idol"],"max_hp_gain":0,"max_hp_loss":7,"event_name":"Golden Idol","floor":2,"gold_loss":0},{"cards_removed":["Strike_B"],"damage_healed":0,"gold_gain":0,"player_choice":"Forget","damage_taken":0,"max_hp_gain":0,"max_hp_loss":0,"event_name":"Living Wall","floor":4,"gold_loss":0},{"damage_healed":0,"gold_gain":0,"player_choice":"Damaged","damage_taken":9,"max_hp_gain":0,"max_hp_loss":0,"event_name":"Wheel of Change","floor":14,"gold_loss":0}],"is_beta":true,"boss_relics":[],"items_purged_floors":[],"is_endless":false,"potions_floor_spawned":[1,5,11],"killed_by":"Hexaghost","ascension_level":20}