{"gold_per_floor":[116,2,19,19,194,229,229,249,249,293,293,314,334,334],"floor_reached":14,"playtime":1153,"items_purged":["Strike_R"],"score":110,"play_id":"32bd654e-60b6-47c0-8d5b-88524c214013","local_time":"20190217223310","is_ascension_mode":true,"campfire_choices":[{"floor":7,"key":"REST"}],"neow_cost":"NONE","seed_source_timestamp":2558060002179073,"circlet_count":0,"master_deck":["Strike_R+1","Strike_R","Strike_R","Strike_R","Defend_R","Defend_R","Defend_R","Defend_R","Bash","Berserk","Anger","Flame Barrier+1","Doubt","Anger","Shockwave","Barricade","Headbutt","Ghostly Armor"],"relics":["Burning Blood","Golden Idol","Gremlin Horn","Pear","Singing Bowl"],"potions_floor_usage":[6,14],"damage_taken":[{"damage":5,"enemies":"Cultist","floor":1,"turns":4},{"damage":13,"enemies":"Jaw Worm","floor":3,"turns":4},{"damage":20,"enemies":"Gremlin Nob","floor":6,"turns":4},{"damage":3,"enemies":"Small Slimes","floor":8,"turns":4},{"damage":37,"enemies":"3 Sentries","floor":10,"turns":11},{"damage":6,"enemies":"Blue Slaver","floor":12,"turns":4},{"damage":5,"enemies":"2 Fungi Beasts","floor":13,"turns":4},{"damage":29,"enemies":"Large Slime","floor":14,"turns":6}],"seed_played":"-9016890020879110970","potions_obtained":[{"floor":1,"key":"AttackPotion"},{"floor":10,"key":"Poison Potion"},{"floor":13,"key":"SkillPotion"}],"is_trial":false,"path_per_floor":["M","$","M","?","?","E","R","M","T","E","?","M","M","M"],"character_chosen":"IRONCLAD","items_purchased":["Flame Barrier"],"campfire_rested":1,"item_purchase_floors":[2],"current_hp_per_floor":[80,80,73,53,53,39,63,66,76,45,27,27,28,0],"gold":334,"neow_bonus":"ONE_RANDOM_RARE_CARD","is_prod":false,"is_daily":false,"chose_seed":false,"campfire_upgraded":0,"win_rate":0,"timestamp":1550442790,"path_taken":["M","$","M","?","?","E","R","M","T","E","?","M","M","M"],"build_version":"2019-01-23","purchased_purges":1,"victory":false,"max_hp_per_floor":[80,80,80,80,80,80,80,80,90,90,90,90,90,90],"card_choices":[{"not_picked":["Combust","Burning Pact"],"picked":"Anger","floor":1},{"not_picked":["Thunderclap","Havoc","Sever Soul"],"picked":"SKIP","floor":3},{"not_picked":["Clothesline","Armaments"],"picked":"Anger","floor":6},{"not_picked":["Warcry","Feel No Pain"],"picked":"Shockwave","floor":8},{"not_picked":["Flex","Rage"],"picked":"Barricade","floor":10},{"not_picked":["Uppercut","Warcry"],"picked":"Headbutt","floor":12},{"not_picked":["Combust","Power Through"],"picked":"Ghostly Armor","floor":13}],"player_experience":878401,"relics_obtained":[{"floor":6,"key":"Gremlin Horn"},{"floor":9,"key":"Pear"},{"floor":10,"key":"Singing Bowl"}],"event_choices":[{"damage_healed":0,"gold_gain":0,"player_choice":"Take Damage","damage_taken":20,"relics_obtained":["Golden Idol"],"max_hp_gain":0,"max_hp_loss":0,"event_name":"Golden Idol","floor":4,"gold_loss":0},{"damage_healed":0,"gold_gain":175,"player_choice":"AGREE","damage_taken":0,"max_hp_gain":0,"max_hp_loss":0,"event_name":"Liars Game","floor":5,"gold_loss":0,"cards_obtained":["Doubt"]},{"damage_healed":0,"gold_gain":0,"player_choice":"Entered Light","damage_taken":18,"max_hp_gain":0,"max_hp_loss":0,"event_name":"Shining Light","floor":11,"gold_loss":0,"cards_upgraded":["Flame Barrier","Strike_R"]}],"is_beta":false,"boss_relics":[],"items_purged_floors":[2],"is_endless":false,"potions_floor_spawned":[1,10,13],"killed_by":"Large Slime","ascension_level":2}