{"gold_per_floor":[118,137,43,58,78,108,108,120,147,147,93,93,63,63,63,160,160,178,178,178,192,38,55,55],"floor_reached":24,"playtime":2864,"items_purged":[],"score":196,"play_id":"7b33248e-9336-4159-bb88-0bc84307fd9e","local_time":"20190123175829","is_ascension_mode":false,"campfire_choices":[{"data":"Armaments","floor":10,"key":"SMITH"},{"data":"Perfected Strike","floor":15,"key":"SMITH"}],"neow_cost":"","seed_source_timestamp":11376438167620,"circlet_count":0,"master_deck":["Strike_R","Strike_R","Strike_R","Strike_R","Defend_R+1","Defend_R","Defend_R","Defend_R","Bash","Anger+1","Cleave","Finesse","Warcry+1","Armaments+1","Clothesline","Perfected Strike","Perfected Strike+1","Reaper","Flex","Fire Breathing","Bloodletting","Fire Breathing","Dual Wield","Clash"],"relics":["Burning Blood","Gambling Chip","Juzu Bracelet","Mark of Pain"],"potions_floor_usage":[6,16,16],"damage_taken":[{"damage":6,"enemies":"Jaw Worm","floor":1,"turns":4},{"damage":1,"enemies":"Cultist","floor":2,"turns":3},{"damage":2,"enemies":"2 Louse","floor":4,"turns":2},{"damage":27,"enemies":"Large Slime","floor":5,"turns":6},{"damage":6,"enemies":"3 Sentries","floor":6,"turns":8},{"damage":4,"enemies":"2 Fungi Beasts","floor":8,"turns":4},{"damage":41,"enemies":"The Guardian","floor":16,"turns":11},{"damage":17,"enemies":"Spheric Guardian","floor":18,"turns":4},{"damage":28,"enemies":"Shell Parasite","floor":21,"turns":5},{"damage":42,"enemies":"3 Cultists","floor":23,"turns":5},{"damage":38,"enemies":"Gremlin Leader","floor":24,"turns":2}],"seed_played":"-4563482402540739320","potions_obtained":[{"floor":1,"key":"SkillPotion"},{"floor":4,"key":"Energy Potion"},{"floor":13,"key":"EssenceOfSteel"},{"floor":13,"key":"LiquidBronze"},{"floor":16,"key":"FairyPotion"},{"floor":21,"key":"SpeedPotion"}],"is_trial":false,"path_per_floor":["?","?","?","?","?","?"],"character_chosen":"IRONCLAD","items_purchased":["Finesse","Perfected Strike","Fire Breathing","Dual Wield"],"campfire_rested":0,"item_purchase_floors":[3,11,22,22],"current_hp_per_floor":[80,80,80,80,59,59,59,61,61,61,61,45,45,45,45,10,80,69,69,69,51,51,27,0],"gold":55,"neow_bonus":"","is_prod":false,"is_daily":false,"chose_seed":false,"campfire_upgraded":2,"win_rate":0.0,"timestamp":1548262709,"path_taken":["M","M","$","M","M","E","?","M","T","R","$","?","?","?","R","BOSS","M","?","?","M","$","M","E"],"build_version":"2019-01-23","purchased_purges":0,"victory":false,"max_hp_per_floor":[80,80,80,80,80,80,80,80,80,80,80,80,80,80,80,80,80,80,80,80,80,80,80,80],"card_choices":[{"not_picked":["Ghostly Armor","Body Slam"],"picked":"Anger","floor":1},{"not_picked":["Shrug It Off","Anger"],"picked":"Cleave","floor":2},{"not_picked":["Intimidate","Ghostly Armor"],"picked":"Warcry","floor":4},{"not_picked":["Barricade","Rage"],"picked":"Armaments","floor":5},{"not_picked":["Warcry","Headbutt"],"picked":"Clothesline","floor":6},{"not_picked":["Disarm","Power Through"],"picked":"Perfected Strike","floor":8},{"not_picked":["Fiend Fire","Juggernaut"],"picked":"Reaper","floor":16},{"not_picked":["Clothesline","Sever Soul"],"picked":"Flex","floor":18},{"not_picked":["Warcry","Anger+1"],"picked":"Bloodletting","floor":21},{"not_picked":["Headbutt+1","Flex+1"],"picked":"Clash","floor":23}],"player_experience":0,"relics_obtained":[{"floor":6,"key":"Gambling Chip"},{"floor":9,"key":"Juzu Bracelet"}],"event_choices":[{"cards_removed":["Strike_R"],"damage_healed":0,"gold_gain":0,"player_choice":"Purged","damage_taken":0,"max_hp_gain":0,"max_hp_loss":0,"event_name":"Purifier","floor":7,"gold_loss":0},{"damage_healed":0,"gold_gain":0,"player_choice":"Entered Light","damage_taken":16,"max_hp_gain":0,"max_hp_loss":0,"event_name":"Shining Light","floor":12,"gold_loss":0,"cards_upgraded":["Defend_R","Anger"]},{"damage_healed":0,"gold_gain":0,"player_choice":"Bought 2 Potions","damage_taken":0,"max_hp_gain":0,"max_hp_loss":0,"event_name":"The Woman in Blue","floor":13,"gold_loss":0},{"damage_healed":0,"gold_gain":0,"player_choice":"Grow","damage_taken":0,"max_hp_gain":0,"max_hp_loss":0,"event_name":"Living Wall","floor":14,"gold_loss":0,"cards_upgraded":["Warcry"]},{"damage_healed":0,"gold_gain":0,"player_choice":"Ignored","damage_taken":0,"max_hp_gain":0,"max_hp_loss":0,"event_name":"Vampires","floor":19,"gold_loss":0},{"damage_healed":0,"gold_gain":0,"player_choice":"Read","damage_taken":0,"max_hp_gain":0,"max_hp_loss":0,"event_name":"The Library","floor":20,"gold_loss":0,"cards_obtained":["Fire Breathing"]}],"is_beta":false,"boss_relics":[{"not_picked":["Runic Cube","Empty Cage"],"picked":"Mark of Pain"}],"items_purged_floors":[],"is_endless":false,"potions_floor_spawned":[1,4,16,21],"killed_by":"Gremlin Leader","ascension_level":0}