{"gold_per_floor":[118,118,138,158,176,176,176,207,207,221,63,63,63,81,81,157,157,175,187,16,32,32,32,32],"floor_reached":24,"playtime":1145,"items_purged":[],"score":471,"play_id":"75f4bcb6-7385-4eec-b691-21e4e267c335","local_time":"20190101215057","is_ascension_mode":true,"campfire_choices":[{"data":"Predator","floor":6,"key":"SMITH"},{"data":"Footwork","floor":13,"key":"SMITH"},{"data":"Footwork","floor":15,"key":"SMITH"},{"data":"Cloak And Dagger","floor":23,"key":"SMITH"}],"neow_cost":"NONE","seed_source_timestamp":784389363249215,"circlet_count":0,"master_deck":["AscendersBane","Defend_G","Defend_G","Defend_G","Defend_G","Defend_G","Strike_G","Strike_G","Strike_G","Strike_G","Strike_G","Survivor","Neutralize+1","Dagger Throw","Footwork+1","Predator+1","Slice","Finisher","Terror","Footwork+1","Dodge and Roll","Doppelganger","Cloak And Dagger+1"],"relics":["Ring of the Snake","Mercury Hourglass","Mummified Hand","Philosopher\u0027s Stone","Pen Nib"],"potions_floor_usage":[5,10,14,16,21,22,22],"damage_taken":[{"damage":1,"enemies":"Jaw Worm","floor":1,"turns":6},{"damage":6,"enemies":"Cultist","floor":3,"turns":5},{"damage":4,"enemies":"2 Louse","floor":4,"turns":4},{"damage":0,"enemies":"Exordium Wildlife","floor":5,"turns":4},{"damage":21,"enemies":"Lagavulin","floor":8,"turns":8},{"damage":4,"enemies":"Lots of Slimes","floor":10,"turns":3},{"damage":8,"enemies":"Looter","floor":14,"turns":4},{"damage":0,"enemies":"Slime Boss","floor":16,"turns":6},{"damage":18,"enemies":"Spheric Guardian","floor":18,"turns":4},{"damage":0,"enemies":"Chosen","floor":19,"turns":3},{"damage":5,"enemies":"3 Cultists","floor":21,"turns":5},{"damage":10,"enemies":"Colosseum Slavers","floor":22,"turns":3},{"damage":9,"enemies":"Slavers","floor":24,"turns":2}],"seed_played":"-7276072429926492274","potions_obtained":[{"floor":3,"key":"Energy Potion"},{"floor":5,"key":"GamblersBrew"},{"floor":8,"key":"PowerPotion"},{"floor":14,"key":"Energy Potion"},{"floor":16,"key":"Poison Potion"},{"floor":18,"key":"Poison Potion"},{"floor":21,"key":"AttackPotion"}],"is_trial":false,"path_per_floor":["M","?","M","M","M","R","?","E","T","M","$","?","R","M","R","B",null,"M","M","$","M","?","R","E"],"character_chosen":"THE_SILENT","items_purchased":["Footwork","Regen Potion","Pen Nib"],"campfire_rested":0,"item_purchase_floors":[11,11,20],"current_hp_per_floor":[58,58,52,48,48,48,48,27,27,23,23,23,23,27,27,27,56,38,38,38,33,23,23,14],"gold":32,"neow_bonus":"UPGRADE_CARD","is_prod":false,"is_daily":false,"chose_seed":false,"campfire_upgraded":4,"win_rate":0,"timestamp":1546404657,"path_taken":["M","?","M","?","M","R","?","E","T","M","$","?","R","M","R","BOSS","M","?","$","M","?","R","E"],"build_version":"2019-01-01","purchased_purges":0,"victory":false,"max_hp_per_floor":[66,66,66,66,66,66,66,66,66,66,66,66,66,66,66,66,66,66,66,66,66,66,66,66],"card_choices":[{"not_picked":["Underhanded Strike","Flying Knee"],"picked":"Dagger Throw","floor":1},{"not_picked":["Acrobatics","Tactician"],"picked":"Footwork","floor":3},{"not_picked":["Poisoned Stab","Endless Agony"],"picked":"Predator","floor":4},{"not_picked":["Underhanded Strike","Skewer"],"picked":"Slice","floor":5},{"not_picked":["Escape Plan","Terror"],"picked":"Finisher","floor":8},{"not_picked":["Poisoned Stab","Deflect"],"picked":"Terror","floor":10},{"not_picked":["Blade Dance","Masterful Stab"],"picked":"Dodge and Roll","floor":14},{"not_picked":["Wraith Form v2","Unload"],"picked":"Doppelganger","floor":16},{"not_picked":["Poisoned Stab","Dagger Spray"],"picked":"Cloak And Dagger","floor":18},{"not_picked":["Blade Dance","Bouncing Flask","Eviscerate"],"picked":"SKIP","floor":19},{"not_picked":["Sucker Punch","Deadly Poison","Outmaneuver"],"picked":"SKIP","floor":21}],"player_experience":1183809,"relics_obtained":[{"floor":8,"key":"Mercury Hourglass"},{"floor":9,"key":"Mummified Hand"}],"event_choices":[{"damage_healed":0,"gold_gain":0,"player_choice":"Cursed","damage_taken":0,"max_hp_gain":0,"max_hp_loss":0,"event_name":"Wheel of Change","floor":2,"gold_loss":0,"cards_obtained":["Decay"]},{"damage_healed":0,"gold_gain":0,"player_choice":"Ignored","damage_taken":0,"max_hp_gain":0,"max_hp_loss":0,"event_name":"Liars Game","floor":7,"gold_loss":0},{"cards_removed":["Decay"],"damage_healed":0,"gold_gain":0,"player_choice":"Purged","damage_taken":0,"max_hp_gain":0,"max_hp_loss":0,"event_name":"Purifier","floor":12,"gold_loss":0},{"damage_healed":0,"gold_gain":0,"player_choice":"Fight","damage_taken":0,"max_hp_gain":0,"max_hp_loss":0,"event_name":"Colosseum","floor":22,"gold_loss":0},{"damage_healed":0,"gold_gain":0,"player_choice":"Fled From Nobs","damage_taken":0,"max_hp_gain":0,"max_hp_loss":0,"event_name":"Colosseum","floor":22,"gold_loss":0}],"is_beta":true,"boss_relics":[{"not_picked":["Fusion Hammer","Black Star"],"picked":"Philosopher\u0027s Stone"}],"items_purged_floors":[],"is_endless":false,"potions_floor_spawned":[3,5,8,14,16,18,21,22],"killed_by":"Slavers","ascension_level":18}