{"gold_per_floor":[112,130,130,149,129,129,162,162,162,189,207,223,234,253,253,355,355,374,392,392,404,417,417,431,456,456,456,476,55,17,33,33,133,133,150,170,181,281,19,51,51,62,62,62,76,96,96,13,13,13,13,13,13,39,39],"floor_reached":55,"playtime":3794,"items_purged":["Strike_B","Strike_B"],"score":878,"play_id":"1ad8bf8a-0a1c-4185-9135-01db2f78e21e","local_time":"20181125214923","is_ascension_mode":true,"campfire_choices":[{"data":"Defragment","floor":6,"key":"SMITH"},{"data":"Dualcast","floor":8,"key":"SMITH"},{"data":"Zap","floor":15,"key":"SMITH"},{"floor":23,"key":"REST"},{"floor":27,"key":"REST"},{"floor":32,"key":"REST"},{"floor":41,"key":"REST"},{"data":"Normality","floor":44,"key":"PURGE"},{"floor":47,"key":"RECALL"},{"floor":49,"key":"REST"},{"data":"Echo Form","floor":52,"key":"SMITH"}],"neow_cost":"NONE","seed_source_timestamp":45259547638881,"circlet_count":0,"master_deck":["Strike_B","Defend_B","Defend_B+1","Defend_B","Defend_B","Zap+1","Dualcast+1","Defragment+1","Glacier+1","Go for the Eyes+1","Leap","Go for the Eyes","Compile Driver+1","Darkness+1","BootSequence+1","Genetic Algorithm+1","Hologram+1","Meteor Strike+1","Hologram+1","Gash+1","Auto Shields+1","Turbo+1","Steam+1","Reinforced Body+1","Redo+1","Scrape+1","Scrape+1","Gash+1","Core Surge+1","FTL+1","Stack+1","Go for the Eyes+1","Capacitor","All For One+1","Gash+1","Core Surge+1","Sweeping Beam+1","Leap+1","Echo Form+1","Stack+1","Steam+1"],"relics":["Cracked Core","Incense Burner","Molten Egg 2","Toxic Egg 2","Nuclear Battery","Potion Belt","Membership Card","Torii","Cursed Key","Peace Pipe","War Paint","PreservedInsect","FossilizedHelix","Symbiotic Virus"],"potions_floor_usage":[25,35,37,55,55],"damage_taken":[{"damage":0,"enemies":"2 Louse","floor":1,"turns":3},{"damage":1,"enemies":"Cultist","floor":2,"turns":3},{"damage":0,"enemies":"Small Slimes","floor":4,"turns":4},{"damage":0,"enemies":"Exordium Thugs","floor":5,"turns":4},{"damage":24,"enemies":"Gremlin Nob","floor":7,"turns":6},{"damage":5,"enemies":"Lagavulin","floor":10,"turns":10},{"damage":1,"enemies":"Looter","floor":11,"turns":4},{"damage":0,"enemies":"2 Fungi Beasts","floor":12,"turns":3},{"damage":0,"enemies":"Lots of Slimes","floor":13,"turns":4},{"damage":2,"enemies":"Large Slime","floor":14,"turns":3},{"damage":8,"enemies":"Hexaghost","floor":16,"turns":11},{"damage":9,"enemies":"Chosen","floor":18,"turns":6},{"damage":3,"enemies":"3 Byrds","floor":19,"turns":6},{"damage":14,"enemies":"Snake Plant","floor":21,"turns":4},{"damage":0,"enemies":"Centurion and Healer","floor":22,"turns":9},{"damage":9,"enemies":"Snecko","floor":24,"turns":7},{"damage":39,"enemies":"Slavers","floor":25,"turns":12},{"damage":3,"enemies":"Shelled Parasite and Fungi","floor":28,"turns":12},{"damage":2,"enemies":"Snake Plant","floor":31,"turns":4},{"damage":56,"enemies":"Automaton","floor":33,"turns":15},{"damage":6,"enemies":"3 Darklings","floor":35,"turns":12},{"damage":1,"enemies":"3 Shapes","floor":36,"turns":7},{"damage":31,"enemies":"Transient","floor":37,"turns":5},{"damage":0,"enemies":"Mind Bloom Boss Battle","floor":38,"turns":7},{"damage":1,"enemies":"Reptomancer","floor":40,"turns":7},{"damage":1,"enemies":"3 Darklings","floor":42,"turns":8},{"damage":28,"enemies":"Writhing Mass","floor":45,"turns":7},{"damage":0,"enemies":"Transient","floor":46,"turns":5},{"damage":35,"enemies":"Awakened One","floor":50,"turns":16},{"damage":0,"enemies":"Shield and Spear","floor":54,"turns":7},{"damage":82,"enemies":"The Heart","floor":55,"turns":11}],"seed_played":"5902599538012070595","potions_obtained":[{"floor":1,"key":"SneckoOil"},{"floor":2,"key":"Swift Potion"},{"floor":7,"key":"Energy Potion"},{"floor":11,"key":"FocusPotion"},{"floor":25,"key":"PowerPotion"},{"floor":31,"key":"SpeedPotion"},{"floor":40,"key":"SpeedPotion"},{"floor":45,"key":"SneckoOil"},{"floor":46,"key":"FairyPotion"}],"is_trial":false,"path_per_floor":["M","M","?","M","M","R","E","R","T","E","M","M","M","M","R","B",null,"M","M","?","M","M","R","M","E","T","R","M","$","$","M","R","B",null,"M","M","M","?","$","E","R","M","T","R","M","M","R","$","R","B",null,"R","$","E","B"],"character_chosen":"DEFECT","items_purchased":["Membership Card","Torii","Scrape+1","Scrape+1","Capacitor","All For One+1","Gash+1","War Paint","Echo Form","Stack+1"],"campfire_rested":5,"item_purchase_floors":[29,29,29,30,39,39,39,39,48,48],"current_hp_per_floor":[75,74,74,74,74,74,50,50,50,45,44,44,44,42,42,34,75,66,63,63,49,49,71,62,23,23,45,42,42,42,40,62,6,75,69,68,37,37,37,36,58,57,57,57,29,29,29,29,51,16,75,75,75,75,0],"gold":39,"neow_bonus":"REMOVE_CARD","is_prod":false,"is_daily":false,"chose_seed":false,"campfire_upgraded":4,"win_rate":0,"timestamp":1543189763,"path_taken":["M","M","?","M","?","R","E","R","T","E","M","M","M","M","R","BOSS","M","?","?","M","M","R","M","E","T","R","M","?","$","M","R","BOSS","M","M","M","?","$","E","R","M","T","R","M","M","R","$","R","BOSS","R","$","E","BOSS"],"build_version":"2018-11-15","purchased_purges":2,"victory":false,"max_hp_per_floor":[75,75,75,75,75,75,75,75,75,75,75,75,75,75,75,75,75,75,75,75,75,75,75,75,75,75,75,75,75,75,75,75,75,75,75,75,75,75,75,75,75,75,75,75,75,75,75,75,75,75,75,75,75,75,75],"card_choices":[{"not_picked":["Hologram","Leap"],"picked":"Defragment","floor":1},{"not_picked":["Hologram","Turbo"],"picked":"Glacier","floor":2},{"not_picked":["Steam","Gash"],"picked":"Go for the Eyes","floor":4},{"not_picked":["Sweeping Beam","Tempest"],"picked":"Leap","floor":5},{"not_picked":["Doom and Gloom","Hello World"],"picked":"Go for the Eyes","floor":7},{"not_picked":["Redo","Conserve Battery"],"picked":"Compile Driver+1","floor":10},{"not_picked":["Undo+1","Blizzard+1"],"picked":"Darkness+1","floor":11},{"not_picked":["Beam Cell+1","Loop"],"picked":"BootSequence+1","floor":12},{"not_picked":["Hologram+1","Heatsinks"],"picked":"Genetic Algorithm+1","floor":13},{"not_picked":["Leap+1","Aggregate+1"],"picked":"Hologram+1","floor":14},{"not_picked":["Echo Form","Electrodynamics"],"picked":"Meteor Strike+1","floor":16},{"not_picked":["Go for the Eyes+1","Rebound+1"],"picked":"Hologram+1","floor":18},{"not_picked":["Tempest+1","Compile Driver+1"],"picked":"Gash+1","floor":19},{"not_picked":["Aggregate+1","Rebound+1"],"picked":"Auto Shields+1","floor":21},{"not_picked":["Barrage+1","Go for the Eyes+1"],"picked":"Turbo+1","floor":22},{"not_picked":["Stack+1","Heatsinks"],"picked":"Steam+1","floor":24},{"not_picked":["Sweeping Beam+1","Rebound+1"],"picked":"Reinforced Body+1","floor":25},{"not_picked":["Undo+1","Chaos+1"],"picked":"Redo+1","floor":28},{"not_picked":["Darkness+1","Rebound+1"],"picked":"Gash+1","floor":31},{"not_picked":["Creative AI","Rainbow+1"],"picked":"Core Surge+1","floor":33},{"not_picked":["Steam+1","Sweeping Beam+1"],"picked":"FTL+1","floor":35},{"not_picked":["Cold Snap+1","Compile Driver+1"],"picked":"Stack+1","floor":36},{"not_picked":["Ball Lightning+1","Rebound+1","Fusion+1"],"picked":"SKIP","floor":37},{"not_picked":["Darkness+1","Steam+1"],"picked":"Go for the Eyes+1","floor":38},{"not_picked":["Loop","Heatsinks+1"],"picked":"Core Surge+1","floor":40},{"not_picked":["Steam+1","Streamline+1"],"picked":"Sweeping Beam+1","floor":42},{"not_picked":["Storm","Steam Power+1","Conserve Battery+1"],"picked":"SKIP","floor":45},{"not_picked":["Melter+1","Streamline+1"],"picked":"Leap+1","floor":46},{"not_picked":["Fission+1","Static Discharge+1"],"picked":"Steam+1","floor":54}],"player_experience":170374,"relics_obtained":[{"floor":7,"key":"Incense Burner"},{"floor":9,"key":"Molten Egg 2"},{"floor":10,"key":"Toxic Egg 2"},{"floor":25,"key":"Potion Belt"},{"floor":38,"key":"Peace Pipe"},{"floor":40,"key":"PreservedInsect"},{"floor":43,"key":"FossilizedHelix"},{"floor":54,"key":"Symbiotic Virus"}],"event_choices":[{"damage_healed":0,"gold_gain":0,"player_choice":"Bought 0 Potions","damage_taken":0,"max_hp_gain":0,"max_hp_loss":0,"event_name":"The Woman in Blue","floor":3,"gold_loss":0},{"damage_healed":0,"gold_gain":0,"player_choice":"Forge","damage_taken":0,"max_hp_gain":0,"max_hp_loss":0,"event_name":"Accursed Blacksmith","floor":20,"gold_loss":0,"cards_upgraded":["Go for the Eyes"]},{"damage_healed":0,"gold_gain":0,"player_choice":"Fight","damage_taken":0,"max_hp_gain":0,"max_hp_loss":0,"event_name":"MindBloom","floor":38,"gold_loss":0}],"is_beta":false,"boss_relics":[{"not_picked":["Velvet Choker","Coffee Dripper"],"picked":"Nuclear Battery"},{"not_picked":["Astrolabe","Pandora\u0027s Box"],"picked":"Cursed Key"}],"items_purged_floors":[29,39],"is_endless":false,"potions_floor_spawned":[1,2,7,11,12,13,19,24,25,31,40,45,46,54],"killed_by":"The Heart","ascension_level":3}