{"gold_per_floor":[114,189,32,47,61,61,94,105,105,137,5,5,20,33,33,107,107,126,146,6,6,20,20,49,49,49,76,76,76,92,107,107,107],"floor_reached":33,"playtime":1410,"items_purged":["Strike_R"],"score":594,"play_id":"8af9acfd-f72c-4603-b97e-f8404c70aa75","local_time":"20190117225726","is_ascension_mode":true,"campfire_choices":[{"data":"Perfected Strike","floor":6,"key":"SMITH"},{"data":"Anger","floor":12,"key":"SMITH"},{"data":"True Grit","floor":15,"key":"SMITH"},{"data":"Barricade","floor":23,"key":"SMITH"},{"data":"Rage","floor":25,"key":"SMITH"},{"data":"Immolate","floor":29,"key":"SMITH"},{"data":"Spot Weakness","floor":32,"key":"SMITH"}],"neow_cost":"NONE","seed_source_timestamp":708727566599563,"circlet_count":0,"master_deck":["AscendersBane","Strike_R","Strike_R","Strike_R","Strike_R","Defend_R","Defend_R","Defend_R","Defend_R","Bash","Feed","Battle Trance","Shrug It Off","Clothesline","Perfected Strike+1","Barricade+1","True Grit+1","Anger+1","Corruption","Thunderclap","Immolate+1","Cleave","Feel No Pain","Shrug It Off","Ghostly","Ghostly","Ghostly","Rage+1","Doubt","Pummel","Perfected Strike+1","Spot Weakness+1"],"relics":["Burning Blood","Ornamental Fan","Darkstone Periapt","Shuriken","Cursed Key","PreservedInsect","Meat on the Bone","Potion Belt"],"potions_floor_usage":[7,10,14,16,18,24,27,31],"damage_taken":[{"damage":11,"enemies":"Small Slimes","floor":1,"turns":6},{"damage":1,"enemies":"2 Louse","floor":4,"turns":5},{"damage":11,"enemies":"Jaw Worm","floor":5,"turns":4},{"damage":29,"enemies":"3 Sentries","floor":7,"turns":10},{"damage":9,"enemies":"Looter","floor":8,"turns":5},{"damage":6,"enemies":"Gremlin Nob","floor":10,"turns":3},{"damage":14,"enemies":"Large Slime","floor":13,"turns":7},{"damage":1,"enemies":"Blue Slaver","floor":14,"turns":3},{"damage":21,"enemies":"Hexaghost","floor":16,"turns":9},{"damage":24,"enemies":"Shell Parasite","floor":18,"turns":4},{"damage":13,"enemies":"2 Thieves","floor":19,"turns":3},{"damage":0,"enemies":"Snecko","floor":22,"turns":7},{"damage":14,"enemies":"Book of Stabbing","floor":24,"turns":5},{"damage":22,"enemies":"Slavers","floor":27,"turns":6},{"damage":0,"enemies":"Centurion and Healer","floor":30,"turns":5},{"damage":0,"enemies":"Snake Plant","floor":31,"turns":2},{"damage":51,"enemies":"Champ","floor":33,"turns":11}],"seed_played":"5162347934619746286","potions_obtained":[{"floor":7,"key":"Poison Potion"},{"floor":10,"key":"Strength Potion"},{"floor":13,"key":"Swift Potion"},{"floor":16,"key":"SkillPotion"},{"floor":18,"key":"LiquidBronze"},{"floor":19,"key":"GamblersBrew"},{"floor":30,"key":"FearPotion"}],"is_trial":false,"path_per_floor":["M","?","$","M","M","R","E","M","T","E","$","R","M","M","R","B",null,"M","M","$","?","M","R","E","R","T","E","?","R","M","M","R","B"],"character_chosen":"IRONCLAD","items_purchased":["Shrug It Off","SteroidPotion","Anger","Corruption","Feel No Pain","Shrug It Off"],"campfire_rested":0,"item_purchase_floors":[3,3,11,11,20,20],"current_hp_per_floor":[66,55,55,63,61,61,41,38,38,41,41,41,36,44,44,29,79,61,57,57,49,49,49,41,41,47,43,29,29,38,44,44,0],"gold":107,"neow_bonus":"ONE_RANDOM_RARE_CARD","is_prod":false,"is_daily":false,"chose_seed":false,"campfire_upgraded":7,"win_rate":0,"timestamp":1547791046,"path_taken":["M","?","$","M","M","R","E","M","T","E","$","R","M","M","R","BOSS","M","M","$","?","M","R","E","R","T","E","?","R","M","M","R","BOSS"],"build_version":"2019-01-16","purchased_purges":1,"victory":false,"max_hp_per_floor":[78,78,78,81,84,84,87,87,87,90,90,90,93,96,96,96,96,96,99,99,49,49,49,49,49,55,55,60,60,63,63,63,63],"card_choices":[{"not_picked":["Sword Boomerang","Sentinel"],"picked":"Battle Trance","floor":1},{"not_picked":["Clash","Bloodletting"],"picked":"Clothesline","floor":4},{"not_picked":["Headbutt","Warcry"],"picked":"Perfected Strike","floor":5},{"not_picked":["Rampage","Infernal Blade"],"picked":"Barricade","floor":7},{"not_picked":["Twin Strike","Anger"],"picked":"True Grit","floor":8},{"not_picked":["Blood for Blood","Uppercut","Heavy Blade"],"picked":"SKIP","floor":10},{"not_picked":["Clothesline","Havoc"],"picked":"Thunderclap","floor":13},{"not_picked":["Warcry","Power Through","Uppercut"],"picked":"SKIP","floor":14},{"not_picked":["Juggernaut","Barricade"],"picked":"Immolate","floor":16},{"not_picked":["Clash","Flex","Thunderclap"],"picked":"SKIP","floor":18},{"not_picked":["Body Slam","Power Through+1"],"picked":"Cleave","floor":19},{"not_picked":["Rampage","Combust+1"],"picked":"Rage","floor":22},{"not_picked":["Thunderclap","Bloodletting","Dual Wield"],"picked":"SKIP","floor":24},{"not_picked":["Armaments","Rampage"],"picked":"Pummel","floor":27},{"not_picked":["Clothesline","Body Slam"],"picked":"Perfected Strike+1","floor":30},{"not_picked":["Barricade","Iron Wave"],"picked":"Spot Weakness","floor":31}],"player_experience":1224391,"relics_obtained":[{"floor":7,"key":"Ornamental Fan"},{"floor":9,"key":"Darkstone Periapt"},{"floor":10,"key":"Shuriken"},{"floor":24,"key":"PreservedInsect"},{"floor":26,"key":"Meat on the Bone"},{"floor":27,"key":"Potion Belt"}],"event_choices":[{"damage_healed":0,"gold_gain":75,"player_choice":"Gather Gold","damage_taken":11,"max_hp_gain":0,"max_hp_loss":0,"event_name":"World of Goop","floor":2,"gold_loss":0},{"damage_healed":0,"gold_gain":0,"player_choice":"Became a Ghost","damage_taken":0,"max_hp_gain":0,"max_hp_loss":50,"event_name":"Ghosts","floor":21,"gold_loss":0,"cards_obtained":["Ghostly","Ghostly","Ghostly"]},{"damage_healed":0,"gold_gain":0,"player_choice":"Shed Blood","damage_taken":19,"max_hp_gain":5,"max_hp_loss":0,"event_name":"Forgotten Altar","floor":28,"gold_loss":0}],"is_beta":true,"boss_relics":[{"not_picked":["White Beast Statue","Runic Cube"],"picked":"Cursed Key"}],"items_purged_floors":[3],"is_endless":false,"potions_floor_spawned":[7,10,13,16,18,19,30],"killed_by":"Champ","ascension_level":20}