{"gold_per_floor":[114,114,17,17,32,66,66,82,108,108,121,23,23,48,48,145,145,164,64,77,87,87,119,129,129],"floor_reached":25,"playtime":1799,"items_purged":["Strike_B","Strike_B"],"score":302,"play_id":"a355dd9d-4888-4078-8ca4-6c6305c32bd8","local_time":"20190130001337","is_ascension_mode":true,"campfire_choices":[{"data":"Hologram","floor":7,"key":"SMITH"},{"data":"Genetic Algorithm","floor":15,"key":"SMITH"}],"neow_cost":"NONE","seed_source_timestamp":553366428487225,"circlet_count":0,"master_deck":["Strike_B+1","Defend_B","Defend_B+1","Defend_B","Defend_B","Zap","Dualcast","Go for the Eyes","Coolheaded+1","Gash","Hologram+1","Gash","Sweeping Beam","Go for the Eyes","Steam","Melter","Genetic Algorithm+1","Echo Form","Chill","Rebound","Turbo+1","Dark Shackles","Impatience","Hello World"],"relics":["Cracked Core","DataDisk","Blood Vial","Pear","Shuriken","Busted Crown","Cables"],"potions_floor_usage":[6,18,25,25],"damage_taken":[{"damage":2,"enemies":"Jaw Worm","floor":1,"turns":3},{"damage":0,"enemies":"Small Slimes","floor":5,"turns":3},{"damage":20,"enemies":"Gremlin Nob","floor":6,"turns":5},{"damage":0,"enemies":"Cultist","floor":8,"turns":3},{"damage":5,"enemies":"Gremlin Gang","floor":11,"turns":3},{"damage":18,"enemies":"3 Sentries","floor":14,"turns":5},{"damage":24,"enemies":"The Guardian","floor":16,"turns":9},{"damage":13,"enemies":"Spheric Guardian","floor":18,"turns":3},{"damage":3,"enemies":"Shell Parasite","floor":20,"turns":5},{"damage":9,"enemies":"Chosen and Byrds","floor":21,"turns":6},{"damage":30,"enemies":"Gremlin Leader","floor":23,"turns":8},{"damage":2,"enemies":"3 Cultists","floor":24,"turns":5},{"damage":22,"enemies":"Slavers","floor":25,"turns":1}],"seed_played":"6756589955707130992","potions_obtained":[{"floor":5,"key":"Block Potion"},{"floor":16,"key":"LiquidBronze"},{"floor":21,"key":"Dexterity Potion"},{"floor":24,"key":"LiquidBronze"}],"is_trial":false,"path_per_floor":["M","?","$","?","M","E","R","M","T","T","M","$","?","E","R","B",null,"M","$","M","M","?","E","M","E"],"character_chosen":"DEFECT","items_purchased":["Coolheaded","Go for the Eyes","Steam"],"campfire_rested":0,"item_purchase_floors":[3,12,12],"current_hp_per_floor":[80,64,64,64,64,44,44,44,44,54,51,51,51,35,35,13,92,79,79,78,71,44,16,16,0],"gold":129,"neow_bonus":"TEN_PERCENT_HP_BONUS","is_prod":false,"is_daily":false,"chose_seed":false,"campfire_upgraded":2,"win_rate":0,"timestamp":1548803617,"path_taken":["M","?","$","?","?","E","R","?","T","?","M","?","?","E","R","BOSS","M","$","M","?","?","E","?","E"],"build_version":"2019-01-23","purchased_purges":2,"victory":false,"max_hp_per_floor":[82,82,82,82,82,82,82,82,82,92,92,92,92,92,92,92,92,92,92,92,92,92,92,92,92],"card_choices":[{"not_picked":["Redo","Rip and Tear"],"picked":"Go for the Eyes","floor":1},{"not_picked":["Turbo","Streamline"],"picked":"Gash","floor":5},{"not_picked":["Leap","Darkness"],"picked":"Hologram","floor":6},{"not_picked":["Fusion","Leap"],"picked":"Gash","floor":8},{"not_picked":["Redo","Storm"],"picked":"Sweeping Beam","floor":11},{"not_picked":["Ball Lightning","Barrage"],"picked":"Genetic Algorithm","floor":14},{"not_picked":["Biased Cognition","Fission"],"picked":"Echo Form","floor":16},{"not_picked":[],"picked":"Chill","floor":18},{"not_picked":[],"picked":"Rebound","floor":20},{"not_picked":[],"picked":"Turbo+1","floor":21},{"not_picked":["Recycle"],"picked":"SKIP","floor":23},{"not_picked":[],"picked":"Hello World","floor":24}],"player_experience":107876,"relics_obtained":[{"floor":6,"key":"DataDisk"},{"floor":9,"key":"Blood Vial"},{"floor":10,"key":"Pear"},{"floor":14,"key":"Shuriken"},{"floor":23,"key":"Cables"}],"event_choices":[{"damage_healed":0,"gold_gain":0,"player_choice":"Entered Light","damage_taken":16,"max_hp_gain":0,"max_hp_loss":0,"event_name":"Shining Light","floor":2,"gold_loss":0,"cards_upgraded":["Strike_B","Defend_B"]},{"damage_healed":0,"gold_gain":0,"player_choice":"Forge","damage_taken":0,"max_hp_gain":0,"max_hp_loss":0,"event_name":"Accursed Blacksmith","floor":4,"gold_loss":0,"cards_upgraded":["Coolheaded"]},{"damage_healed":0,"gold_gain":0,"cards_transformed":["Strike_B"],"player_choice":"Transformed","damage_taken":0,"max_hp_gain":0,"max_hp_loss":0,"event_name":"Transmorgrifier","floor":13,"gold_loss":0,"cards_obtained":["Melter"]},{"damage_healed":0,"gold_gain":0,"player_choice":"CARD CARD ","damage_taken":27,"max_hp_gain":0,"max_hp_loss":0,"event_name":"Knowing Skull","floor":22,"potions_obtained":[],"gold_loss":0,"cards_obtained":["Dark Shackles","Impatience"]}],"is_beta":false,"boss_relics":[{"not_picked":["White Beast Statue","Snecko Eye"],"picked":"Busted Crown"}],"items_purged_floors":[3,19],"is_endless":false,"potions_floor_spawned":[5,16,21,24],"killed_by":"Slavers","ascension_level":4}