{"gold_per_floor":[115,115,115,115,135,135,171,23,23,63,11,41,96,111,111,111],"floor_reached":16,"playtime":309,"items_purged":[],"score":183,"play_id":"1120ba00-83a0-48b8-adb6-e43ffdb5f976","local_time":"20190211103628","is_ascension_mode":true,"campfire_choices":[{"data":"Dualcast","floor":6,"key":"SMITH"},{"data":"Go for the Eyes","floor":15,"key":"SMITH"}],"neow_cost":"NONE","seed_source_timestamp":994672320866407,"circlet_count":0,"master_deck":["Strike_B","Strike_B","Strike_B","Strike_B+1","Defend_B","Defend_B","Defend_B","Defend_B","Zap+1","Dualcast+1","Conserve Battery","Regret","Gash+1","Ball Lightning","Go for the Eyes+1","Compile Driver"],"relics":["Cracked Core","NeowsBlessing","Dream Catcher","Golden Idol","Frozen Egg 2","Vajra","Whetstone","Bag of Preparation","Tiny Chest","Juzu Bracelet"],"potions_floor_usage":[16],"damage_taken":[{"damage":0,"enemies":"2 Louse","floor":1,"turns":1},{"damage":0,"enemies":"Small Slimes","floor":5,"turns":1},{"damage":0,"enemies":"Gremlin Nob","floor":7,"turns":1},{"damage":25,"enemies":"Lagavulin","floor":10,"turns":5},{"damage":0,"enemies":"Cultist","floor":14,"turns":2},{"damage":40,"enemies":"The Guardian","floor":16,"turns":7}],"seed_played":"-3801215430390837976","potions_obtained":[{"floor":5,"key":"SpeedPotion"},{"floor":14,"key":"PowerPotion"}],"is_trial":false,"path_per_floor":["M","?","?","?","M","R","E","$","T","E","$","?","T","M","R","B"],"character_chosen":"DEFECT","items_purchased":["Vajra","Go for the Eyes"],"campfire_rested":0,"item_purchase_floors":[8,11],"current_hp_per_floor":[68,68,68,68,68,68,68,68,68,43,43,40,40,40,40,0],"gold":111,"neow_bonus":"THREE_ENEMY_KILL","is_prod":false,"is_daily":false,"chose_seed":false,"campfire_upgraded":2,"win_rate":0,"timestamp":1549888588,"path_taken":["M","?","?","?","M","R","E","?","T","E","$","?","?","M","R","BOSS"],"build_version":"2019-01-23","purchased_purges":0,"victory":false,"max_hp_per_floor":[75,75,69,69,69,69,69,69,69,69,69,69,69,69,69,69],"card_choices":[{"not_picked":["Steam","Scrape"],"picked":"Conserve Battery","floor":1},{"not_picked":["Hello World","Conserve Battery"],"picked":"Gash","floor":5},{"not_picked":["Go for the Eyes","Chaos"],"picked":"Ball Lightning","floor":7},{"not_picked":["Turbo","Reprogram","Steam Power"],"picked":"SKIP","floor":10},{"not_picked":["Aggregate","Skim"],"picked":"Compile Driver","floor":14}],"player_experience":303224,"relics_obtained":[{"floor":7,"key":"Frozen Egg 2"},{"floor":9,"key":"Whetstone"},{"floor":10,"key":"Bag of Preparation"},{"floor":13,"key":"Juzu Bracelet"}],"event_choices":[{"damage_healed":0,"gold_gain":0,"player_choice":"Box","damage_taken":0,"relics_obtained":["Dream Catcher"],"max_hp_gain":0,"max_hp_loss":0,"event_name":"Big Fish","floor":2,"gold_loss":0,"cards_obtained":["Regret"]},{"damage_healed":0,"gold_gain":0,"player_choice":"Lose Max HP","damage_taken":0,"relics_obtained":["Golden Idol"],"max_hp_gain":0,"max_hp_loss":6,"event_name":"Golden Idol","floor":3,"gold_loss":0},{"damage_healed":0,"gold_gain":0,"player_choice":"Grow","damage_taken":0,"max_hp_gain":0,"max_hp_loss":0,"event_name":"Living Wall","floor":4,"gold_loss":0,"cards_upgraded":["Zap"]},{"damage_healed":0,"gold_gain":0,"player_choice":"Success","damage_taken":3,"relics_obtained":["Tiny Chest"],"max_hp_gain":0,"max_hp_loss":0,"event_name":"Scrap Ooze","floor":12,"gold_loss":0}],"is_beta":false,"boss_relics":[],"items_purged_floors":[],"is_endless":false,"potions_floor_spawned":[5,14],"killed_by":"The Guardian","ascension_level":8}