{"gold_per_floor":[111,121,46,46,20,20,35,61,112,112,148,148,28,44,44,134,134,155,171,0,21,39,39,75,75,75,75,75,75,75,100,100,100],"floor_reached":33,"playtime":1221,"items_purged":["Strike_B","Strike_B"],"score":478,"play_id":"0f9a731e-45d6-4a5d-a857-63d9c06a2323","local_time":"20180730055555","is_ascension_mode":true,"campfire_choices":[{"data":"Zap","floor":6,"key":"SMITH"},{"data":"Conserve Battery","floor":12,"key":"SMITH"},{"data":"Ball Lightning","floor":15,"key":"SMITH"},{"floor":23,"key":"REST"},{"floor":25,"key":"REST"},{"data":"1","floor":28,"key":"LIFT"},{"floor":30,"key":"REST"},{"data":"2","floor":32,"key":"LIFT"}],"neow_cost":"NONE","seed_source_timestamp":417651377502685,"circlet_count":0,"master_deck":["Defend_B","Defend_B","Defend_B","Defend_B","Zap+1","Dualcast","AscendersBane","FTL","Compile Driver","Gash","White Noise","Conserve Battery+1","Gash","Ball Lightning+1","Auto Shields","Machine Learning","Cold Snap","Hologram","Rebound","Defragment","Gash","Steam","Doubt","Cold Snap"],"relics":["Cracked Core","Boot","Bag of Preparation","Golden Idol","Letter Opener","Cursed Key","Matryoshka","Shuriken","Girya"],"potions_floor_usage":[2,8,14,16,24,24],"damage_taken":[{"damage":1,"enemies":"Cultist","floor":1,"turns":3},{"damage":0,"enemies":"Small Slimes","floor":2,"turns":3},{"damage":0,"enemies":"2 Louse","floor":7,"turns":2},{"damage":11,"enemies":"Lagavulin","floor":8,"turns":5},{"damage":11,"enemies":"Gremlin Nob","floor":11,"turns":4},{"damage":0,"enemies":"Lots of Slimes","floor":14,"turns":1},{"damage":20,"enemies":"Slime Boss","floor":16,"turns":7},{"damage":0,"enemies":"Spheric Guardian","floor":18,"turns":3},{"damage":0,"enemies":"3 Byrds","floor":19,"turns":3},{"damage":24,"enemies":"Snake Plant","floor":21,"turns":4},{"damage":28,"enemies":"Slaver and Parasite","floor":22,"turns":5},{"damage":31,"enemies":"Slavers","floor":24,"turns":4},{"damage":12,"enemies":"Centurion and Healer","floor":31,"turns":6},{"damage":55,"enemies":"Champ","floor":33,"turns":11}],"seed_played":"-5397535121117977196","potions_obtained":[{"floor":1,"key":"EntropicBrew"},{"floor":2,"key":"Explosive Potion"},{"floor":11,"key":"SkillPotion"},{"floor":18,"key":"Weak Potion"},{"floor":19,"key":"FearPotion"},{"floor":21,"key":"Strength Potion"}],"is_trial":false,"path_per_floor":["M","M","?","?","$","R","M","E","T","?","E","R","$","M","R","B",null,"M","M","$","M","M","R","E","R","T","$","R","?","R","M","R"],"character_chosen":"DEFECT","items_purchased":["Gash","Ball Lightning","Hologram","Rebound"],"campfire_rested":3,"item_purchase_floors":[5,13,20,20],"current_hp_per_floor":[70,70,70,63,63,63,63,52,52,52,41,41,41,41,41,21,59,59,66,66,42,14,35,4,25,25,25,25,25,46,34,34,0],"gold":100,"neow_bonus":"TEN_PERCENT_HP_BONUS","is_prod":false,"is_daily":false,"chose_seed":false,"campfire_upgraded":3,"win_rate":0,"timestamp":1532951755,"path_taken":["M","M","?","?","$","R","?","E","T","?","E","R","?","M","R","BOSS","M","M","$","M","M","R","E","R","T","$","R","?","R","M","R","BOSS"],"build_version":"2018-07-26","purchased_purges":2,"victory":false,"max_hp_per_floor":[78,78,78,78,78,78,78,78,78,71,71,71,71,71,71,71,71,71,71,71,71,71,71,71,71,71,71,71,71,71,71,71,71],"card_choices":[{"not_picked":["Sweeping Beam","Go for the Eyes"],"picked":"FTL","floor":1},{"not_picked":["Force Field","Storm"],"picked":"Compile Driver","floor":2},{"not_picked":["Streamline","Blizzard"],"picked":"White Noise","floor":7},{"not_picked":["Melter","Static Discharge"],"picked":"Conserve Battery","floor":8},{"not_picked":["Cold Snap","Skim"],"picked":"Gash","floor":11},{"not_picked":["Rebound","Compile Driver"],"picked":"Auto Shields","floor":14},{"not_picked":["Reboot","Core Surge"],"picked":"Machine Learning","floor":16},{"not_picked":["Beam Cell","Recycle"],"picked":"Cold Snap","floor":18},{"not_picked":["Tempest","Stack","Steam Power"],"picked":"SKIP","floor":19},{"not_picked":["Go for the Eyes","Conserve Battery"],"picked":"Defragment","floor":21},{"not_picked":["Tempest","BootSequence"],"picked":"Gash","floor":22},{"not_picked":["Hologram","Compile Driver"],"picked":"Steam","floor":24},{"not_picked":["Steam Power","Beam Cell"],"picked":"Cold Snap","floor":31}],"player_experience":868915,"relics_obtained":[{"floor":8,"key":"Boot"},{"floor":9,"key":"Bag of Preparation"},{"floor":11,"key":"Letter Opener"},{"floor":24,"key":"Matryoshka"},{"floor":26,"key":"Shuriken"},{"floor":26,"key":"Girya"}],"event_choices":[{"event_name":"The Cleric","player_choice":"Card Removal","floor":3,"damage_taken":0},{"event_name":"Golden Wing","player_choice":"Card Removal","floor":4,"damage_taken":0},{"event_name":"Golden Idol","player_choice":"Lose Max HP","floor":10,"damage_taken":0},{"event_name":"Drug Dealer","player_choice":"Ignored","floor":29,"damage_taken":0}],"is_beta":true,"boss_relics":[{"not_picked":["Snecko Eye","Empty Cage"],"picked":"Cursed Key"}],"items_purged_floors":[13,20],"is_endless":false,"potions_floor_spawned":[1,2,7,11,18,19,21],"killed_by":"Champ","ascension_level":15}