{"gold_per_floor":[111,124,140,65,79,109,121,148,160,201,213,225,248,260,272,284],"floor_reached":16,"playtime":1070,"items_purged":["Strike_R"],"score":112,"play_id":"69509bf5-5978-4066-bc6c-6d60e164fb48","local_time":"20190123014800","is_ascension_mode":false,"campfire_choices":[{"floor":7,"key":"REST"},{"floor":15,"key":"REST"}],"neow_cost":"NONE","seed_source_timestamp":15343363125600,"circlet_count":0,"master_deck":["Strike_R","Strike_R","Strike_R","Defend_R","Defend_R","Defend_R","Defend_R","Bash","Wild Strike","Seeing Red","Rupture","Pommel Strike","Power Through","Twin Strike","Whirlwind","Uppercut","Parasite"],"relics":["Burning Blood","NeowsBlessing","MawBank","Ice Cream","Bottled Tornado"],"potions_floor_usage":[6,10,16,16],"damage_taken":[{"damage":0,"enemies":"Jaw Worm","floor":1,"turns":1},{"damage":0,"enemies":"2 Louse","floor":2,"turns":1},{"damage":0,"enemies":"Cultist","floor":3,"turns":1},{"damage":46,"enemies":"Gremlin Gang","floor":5,"turns":8},{"damage":20,"enemies":"Gremlin Nob","floor":6,"turns":4},{"damage":0,"enemies":"Looter","floor":8,"turns":3},{"damage":25,"enemies":"Lagavulin","floor":10,"turns":6},{"damage":13,"enemies":"Red Slaver","floor":13,"turns":3},{"damage":78,"enemies":"The Guardian","floor":16,"turns":14}],"seed_played":"-4400328643134632225","potions_obtained":[{"floor":1,"key":"Swift Potion"},{"floor":3,"key":"FearPotion"},{"floor":5,"key":"Poison Potion"},{"floor":6,"key":"Dexterity Potion"}],"is_trial":false,"path_per_floor":["M","M","M","$","M","E","R","M","T","E","?","?","M","?","R","B"],"character_chosen":"IRONCLAD","items_purchased":[],"campfire_rested":2,"item_purchase_floors":[],"current_hp_per_floor":[80,80,80,80,40,26,50,56,56,37,37,37,30,50,74,0],"gold":284,"neow_bonus":"THREE_ENEMY_KILL","is_prod":false,"is_daily":false,"chose_seed":false,"campfire_upgraded":0,"win_rate":0.0,"timestamp":1548236880,"path_taken":["M","M","M","$","M","E","R","M","T","E","?","?","M","?","R","BOSS"],"build_version":"2019-01-17v2","purchased_purges":1,"victory":false,"max_hp_per_floor":[80,80,80,80,80,80,80,80,80,80,80,80,80,80,80,80],"card_choices":[{"not_picked":["Pummel","Second Wind"],"picked":"Wild Strike","floor":1},{"not_picked":["Headbutt","True Grit"],"picked":"Seeing Red","floor":2},{"not_picked":["True Grit","Reckless Charge"],"picked":"Rupture","floor":3},{"not_picked":["Flex","Perfected Strike"],"picked":"Pommel Strike","floor":5},{"not_picked":["Evolve","Flex"],"picked":"Power Through","floor":6},{"not_picked":["Clash","Shrug It Off"],"picked":"Twin Strike","floor":8},{"not_picked":["Headbutt","Pummel"],"picked":"Whirlwind","floor":10},{"not_picked":["Clothesline","Anger"],"picked":"Uppercut","floor":13}],"player_experience":49072,"relics_obtained":[{"floor":6,"key":"MawBank"},{"floor":9,"key":"Ice Cream"},{"floor":10,"key":"Bottled Tornado"}],"event_choices":[{"damage_healed":0,"gold_gain":0,"player_choice":"Ignored","damage_taken":0,"max_hp_gain":0,"max_hp_loss":0,"event_name":"Liars Game","floor":11,"gold_loss":0},{"cards_removed":["Strike_R"],"damage_healed":0,"gold_gain":0,"player_choice":"Forget","damage_taken":0,"max_hp_gain":0,"max_hp_loss":0,"event_name":"Living Wall","floor":12,"gold_loss":0},{"damage_healed":20,"gold_gain":0,"player_choice":"Healed and dodged fight","damage_taken":0,"max_hp_gain":0,"max_hp_loss":0,"event_name":"Mushrooms","floor":14,"gold_loss":0,"cards_obtained":["Parasite"]}],"is_beta":false,"boss_relics":[],"items_purged_floors":[4],"is_endless":false,"potions_floor_spawned":[1,3,5,6],"killed_by":"The Guardian","ascension_level":0}