{"gold_per_floor":[214,214,232,245,260,260,295,21,48,48,58,38,38,57,57,57],"floor_reached":16,"playtime":675,"items_purged":["Strike_B"],"score":204,"play_id":"b95bf1b8-ea35-4b38-94a5-910192d06fb7","local_time":"20190103232543","is_ascension_mode":true,"campfire_choices":[{"floor":6,"key":"REST"},{"floor":10,"key":"REST"},{"data":"Zap","floor":15,"key":"SMITH"}],"neow_cost":"NONE","seed_source_timestamp":963345001496934,"circlet_count":0,"master_deck":["AscendersBane","Strike_B","Strike_B","Defend_B","Defend_B","Defend_B","Defend_B","Zap+1","Dualcast","Ball Lightning","Go for the Eyes","Go for the Eyes","Cold Snap","Leap","All For One","All For One","Swift Strike","Capacitor","Beam Cell","Self Repair"],"relics":["Cracked Core","Anchor","Smiling Mask"],"potions_floor_usage":[5],"damage_taken":[{"damage":4,"enemies":"2 Louse","floor":1,"turns":3},{"damage":1,"enemies":"Cultist","floor":3,"turns":3},{"damage":2,"enemies":"Small Slimes","floor":4,"turns":4},{"damage":37,"enemies":"Gremlin Gang","floor":5,"turns":6},{"damage":32,"enemies":"3 Sentries","floor":7,"turns":10},{"damage":10,"enemies":"Large Slime","floor":11,"turns":3},{"damage":6,"enemies":"2 Fungi Beasts","floor":14,"turns":3},{"damage":0,"enemies":"Slime Boss","floor":16,"turns":5}],"seed_played":"7114172610803182560","potions_obtained":[{"floor":1,"key":"Block Potion"},{"floor":3,"key":"FearPotion"},{"floor":12,"key":"Weak Potion"}],"is_trial":false,"path_per_floor":["M","?","M","M","M","R","E","$","T","R","M","?","$","M","R","B"],"character_chosen":"DEFECT","items_purchased":["Swift Strike","Capacitor","Beam Cell"],"campfire_rested":2,"item_purchase_floors":[8,8,8],"current_hp_per_floor":[60,60,59,57,20,41,9,9,9,30,20,20,20,14,14,14],"gold":57,"neow_bonus":"HUNDRED_GOLD","is_prod":false,"is_daily":false,"chose_seed":false,"campfire_upgraded":1,"win_rate":0,"timestamp":1546583143,"path_taken":["M","?","M","M","M","R","E","$","T","R","?","?","$","M","R","BOSS"],"build_version":"2019-01-03v3","purchased_purges":1,"victory":false,"max_hp_per_floor":[71,71,71,71,71,71,71,71,71,71,71,71,71,71,71,71],"card_choices":[{"not_picked":["BootSequence","Chaos"],"picked":"Ball Lightning","floor":1},{"not_picked":["Force Field","Leap"],"picked":"Go for the Eyes","floor":3},{"not_picked":["Force Field","Leap"],"picked":"Go for the Eyes","floor":3},{"not_picked":["Barrage","Scrape"],"picked":"Cold Snap","floor":4},{"not_picked":["Sweeping Beam","Barrage"],"picked":"Leap","floor":5},{"not_picked":["Sweeping Beam","Hologram"],"picked":"All For One","floor":7},{"not_picked":["Sweeping Beam","Hologram"],"picked":"All For One","floor":7},{"not_picked":["Doom and Gloom","Coolheaded"],"picked":"Self Repair","floor":11},{"not_picked":["Sunder","Streamline","Compile Driver"],"picked":"SKIP","floor":14}],"player_experience":1188454,"relics_obtained":[{"floor":7,"key":"Anchor"},{"floor":9,"key":"Smiling Mask"}],"event_choices":[{"cards_removed":["Strike_B"],"damage_healed":0,"gold_gain":0,"player_choice":"Offered Basic","damage_taken":0,"max_hp_gain":0,"max_hp_loss":0,"event_name":"Bonfire Elementals","floor":2,"gold_loss":0},{"damage_healed":0,"gold_gain":0,"player_choice":"Bought 1 Potion","damage_taken":0,"max_hp_gain":0,"max_hp_loss":0,"event_name":"The Woman in Blue","floor":12,"gold_loss":0}],"is_beta":true,"boss_relics":[],"items_purged_floors":[8],"is_endless":false,"potions_floor_spawned":[1,3],"killed_by":"Slime Boss","ascension_level":20}