{"gold_per_floor":[118,130,154,165,176,176,205,10,40,54,54,54,88,88,88,167,167,182,182,192,50,64,64,64,98,123,137,137,187,187,212,212,285,285,303,323,349,402,23,23,48,48,71,86,86,86,115,131,131,131],"floor_reached":51,"playtime":3011,"items_purged":["Strike_B"],"score":1532,"play_id":"2cb65121-c01d-461c-b379-e608dab0d242","local_time":"20180918164223","is_ascension_mode":true,"campfire_choices":[{"data":"Sunder","floor":6,"key":"SMITH"},{"floor":11,"key":"REST"},{"data":"Zap","floor":15,"key":"SMITH"},{"data":"Fission","floor":23,"key":"SMITH"},{"data":"Go for the Eyes","floor":28,"key":"SMITH"},{"data":"Barrage","floor":32,"key":"SMITH"},{"data":"Tempest","floor":40,"key":"SMITH"},{"data":"Auto Shields","floor":42,"key":"SMITH"},{"floor":45,"key":"REST"},{"data":"Capacitor","floor":49,"key":"SMITH"}],"neow_cost":"TEN_PERCENT_HP_LOSS","seed_source_timestamp":506869085512058,"circlet_count":0,"master_deck":["Strike_B+1","Defend_B+1","Defend_B+1","Defend_B+1","Defend_B+1","Zap+1","Dualcast+1","AscendersBane","Reinforced Body","Tempest+1","Compile Driver+1","Skim","BootSequence","Sunder+1","Go for the Eyes+1","FTL","Undo","Cold Snap","Ball Lightning","Fission+1","Beam Cell+1","Capacitor+1","Conserve Battery","Auto Shields+1","Hologram+1","BootSequence","Barrage+1","Echo Form","Conserve Battery","Capacitor","Conserve Battery","Conserve Battery"],"relics":["Cracked Core","PreservedInsect","War Paint","Tiny Chest","Strawberry","Runic Pyramid","Symbiotic Virus","Orichalcum","Pen Nib","Nuclear Battery","Boot","Oddly Smooth Stone","Cables","Ornamental Fan","Centennial Puzzle","Whetstone","Regal Pillow"],"potions_floor_usage":[5,13,16,16,22,33,33,41,41,41,50,50],"damage_taken":[{"damage":1,"enemies":"Cultist","floor":1,"turns":4},{"damage":0,"enemies":"Small Slimes","floor":2,"turns":3},{"damage":9,"enemies":"Jaw Worm","floor":4,"turns":4},{"damage":14,"enemies":"Lots of Slimes","floor":5,"turns":3},{"damage":16,"enemies":"Gremlin Nob","floor":7,"turns":3},{"damage":0,"enemies":"2 Fungi Beasts","floor":10,"turns":2},{"damage":0,"enemies":"3 Sentries","floor":13,"turns":4},{"damage":20,"enemies":"Slime Boss","floor":16,"turns":8},{"damage":2,"enemies":"Shell Parasite","floor":18,"turns":9},{"damage":0,"enemies":"Spheric Guardian","floor":20,"turns":4},{"damage":8,"enemies":"Shelled Parasite and Fungi","floor":22,"turns":5},{"damage":16,"enemies":"Gremlin Leader","floor":25,"turns":6},{"damage":4,"enemies":"Centurion and Healer","floor":27,"turns":5},{"damage":0,"enemies":"Book of Stabbing","floor":31,"turns":4},{"damage":21,"enemies":"Champ","floor":33,"turns":11},{"damage":21,"enemies":"3 Darklings","floor":35,"turns":4},{"damage":0,"enemies":"Orb Walker","floor":36,"turns":2},{"damage":0,"enemies":"2 Orb Walkers","floor":41,"turns":4},{"damage":0,"enemies":"Sphere and 2 Shapes","floor":44,"turns":3},{"damage":0,"enemies":"Nemesis","floor":47,"turns":3},{"damage":0,"enemies":"Jaw Worm Horde","floor":48,"turns":4},{"damage":19,"enemies":"Awakened One","floor":50,"turns":17}],"seed_played":"5833991725268031780","potions_obtained":[{"floor":4,"key":"SkillPotion"},{"floor":5,"key":"SteroidPotion"},{"floor":7,"key":"SkillPotion"},{"floor":13,"key":"FearPotion"},{"floor":20,"key":"Weak Potion"},{"floor":22,"key":"Ancient Potion"},{"floor":31,"key":"AttackPotion"},{"floor":35,"key":"EntropicBrew"},{"floor":36,"key":"FearPotion"},{"floor":48,"key":"SteroidPotion"}],"is_trial":false,"path_per_floor":["M","M","T","M","M","R","E","$","T","M","R","$","E","$","R","B",null,"M","?","M","$","M","R","$","E","T","M","R","?","?","E","R","B",null,"M","M","T","T","$","R","E","R","T","M","R","T","E","M","R","B"],"character_chosen":"DEFECT","items_purchased":["FTL","Undo","Conserve Battery","Auto Shields","Capacitor","Cables"],"campfire_rested":2,"item_purchase_floors":[8,8,21,21,39,39],"current_hp_per_floor":[63,63,63,54,40,40,24,24,24,24,43,43,50,50,50,30,61,59,59,59,59,51,51,51,35,35,31,31,31,31,31,31,10,56,35,35,35,35,35,35,35,35,35,35,56,56,56,56,56,37],"gold":131,"neow_bonus":"TRANSFORM_TWO_CARDS","is_prod":false,"is_daily":false,"chose_seed":false,"campfire_upgraded":8,"win_rate":0,"timestamp":1537310543,"path_taken":["M","M","?","?","M","R","E","$","T","M","R","$","E","?","R","BOSS","M","?","M","$","M","R","$","E","T","M","R","?","?","E","R","BOSS","M","M","?","?","$","R","E","R","T","M","R","?","E","M","R","BOSS"],"build_version":"2018-09-18","purchased_purges":1,"victory":true,"max_hp_per_floor":[64,64,64,64,64,64,64,64,64,64,64,64,71,71,71,71,71,71,71,71,71,71,71,71,71,71,71,71,71,71,71,71,71,71,71,71,71,71,71,71,71,71,71,71,71,71,71,71,71,71],"card_choices":[{"not_picked":["Barrage","Rebound"],"picked":"Compile Driver","floor":1},{"not_picked":["Redo","Coolheaded"],"picked":"Skim","floor":2},{"not_picked":["Skim","Turbo"],"picked":"BootSequence","floor":4},{"not_picked":["Blizzard","Turbo"],"picked":"Sunder","floor":5},{"not_picked":["Streamline","Stack"],"picked":"Go for the Eyes","floor":7},{"not_picked":["Stack","Streamline"],"picked":"Cold Snap","floor":10},{"not_picked":["Buffer","Steam Power"],"picked":"Ball Lightning","floor":13},{"not_picked":["Meteor Strike","Amplify"],"picked":"Fission","floor":16},{"not_picked":["Barrage","Rebound"],"picked":"Beam Cell","floor":18},{"not_picked":["Hologram","Self Repair"],"picked":"Capacitor","floor":20},{"not_picked":["Leap","Sweeping Beam"],"picked":"Hologram+1","floor":22},{"not_picked":["Reboot","Auto Shields"],"picked":"BootSequence","floor":25},{"not_picked":["Sweeping Beam","Auto Shields","Storm"],"picked":"SKIP","floor":27},{"not_picked":["Rip and Tear","Compile Driver+1"],"picked":"Barrage","floor":31},{"not_picked":["Biased Cognition","Meteor Strike"],"picked":"Echo Form","floor":33},{"not_picked":["Redo","Rebound"],"picked":"Conserve Battery","floor":35},{"not_picked":["Heatsinks","Redo","Go for the Eyes+1"],"picked":"SKIP","floor":36},{"not_picked":["Go for the Eyes","Static Discharge"],"picked":"Conserve Battery","floor":41},{"not_picked":["Hello World","Rip and Tear+1","Streamline"],"picked":"SKIP","floor":44},{"not_picked":["Rebound","Barrage+1"],"picked":"Conserve Battery","floor":47},{"not_picked":["Rip and Tear+1","Sweeping Beam","Amplify"],"picked":"SKIP","floor":48}],"player_experience":1024070,"relics_obtained":[{"floor":3,"key":"PreservedInsect"},{"floor":7,"key":"War Paint"},{"floor":9,"key":"Tiny Chest"},{"floor":13,"key":"Strawberry"},{"floor":25,"key":"Symbiotic Virus"},{"floor":26,"key":"Orichalcum"},{"floor":31,"key":"Pen Nib"},{"floor":37,"key":"Boot"},{"floor":38,"key":"Oddly Smooth Stone"},{"floor":41,"key":"Ornamental Fan"},{"floor":43,"key":"Centennial Puzzle"},{"floor":46,"key":"Whetstone"},{"floor":47,"key":"Regal Pillow"}],"event_choices":[{"event_name":"Back to Basics","player_choice":"Simplicity","floor":19,"damage_taken":0},{"event_name":"Nest","player_choice":"Stole From Cult","floor":29,"damage_taken":0},{"event_name":"The Mausoleum","player_choice":"No","floor":30,"damage_taken":0}],"is_beta":true,"boss_relics":[{"not_picked":["Fusion Hammer","Calling Bell"],"picked":"Runic Pyramid"},{"not_picked":["Astrolabe","White Beast Statue"],"picked":"Nuclear Battery"}],"items_purged_floors":[8],"is_endless":false,"potions_floor_spawned":[4,5,7,13,20,22,31,35,36,48],"ascension_level":17}