{"gold_per_floor":[112,112,128,146,164,189,189,219,242,242,51,51,51,51,51,149,199,216,316,316,327,346,346,377,377,377,377,409,124,150,169,169,273,273,289,163,181,191,191,516,13,29,29,41,68,0,27,45,45,45],"floor_reached":51,"playtime":6326,"items_purged":["Writhe","Doom and Gloom","Ball Lightning"],"score":1430,"play_id":"c56126e4-9909-4bd2-a7cf-c31a0dfcd524","local_time":"20190215165824","is_ascension_mode":true,"campfire_choices":[{"floor":7,"key":"REST"},{"data":"Sunder","floor":10,"key":"SMITH"},{"data":"Scrape","floor":13,"key":"SMITH"},{"data":"Streamline","floor":15,"key":"SMITH"},{"data":"Skim","floor":23,"key":"SMITH"},{"data":"Hologram","floor":25,"key":"SMITH"},{"data":"Coolheaded","floor":32,"key":"SMITH"},{"floor":49,"key":"REST"}],"neow_cost":"NONE","seed_source_timestamp":128857210903362,"circlet_count":0,"master_deck":["AscendersBane","Zap","Dualcast","Fusion","Sunder+1","Scrape+1","Streamline+1","Reinforced Body","Echo Form","Coolheaded+1","Double Energy","Skim+1","Skim","Steam Power","Hologram+1","Steam+1","Coolheaded","Skim","Thunder Strike","Loop","Heatsinks","Compile Driver","Multi-Cast","Hello World","Sweeping Beam","Leap","Hologram","Hologram+1","Aggregate+1","White Noise+1","Apotheosis","Sunder+1","Heatsinks","Rainbow","Meteor Strike"],"relics":["Snecko Eye","Meat on the Bone","Happy Flower","Strawberry","Strange Spoon","Bag of Preparation","Tiny House","Darkstone Periapt","Gambling Chip","Sundial","DataDisk","Juzu Bracelet","Enchiridion","Blood Vial","Chemical X","Ornamental Fan","Pandora\u0027s Box","CultistMask","Old Coin","DollysMirror","PreservedInsect","Potion Belt","Red Mask","Dodecahedron"],"potions_floor_usage":[8,8,16,18,24,33,33,37,45,45],"damage_taken":[{"damage":0,"enemies":"2 Louse","floor":1,"turns":3},{"damage":5,"enemies":"Cultist","floor":3,"turns":4},{"damage":4,"enemies":"Small Slimes","floor":4,"turns":4},{"damage":8,"enemies":"Blue Slaver","floor":5,"turns":3},{"damage":33,"enemies":"Gremlin Nob","floor":6,"turns":4},{"damage":20,"enemies":"Lagavulin","floor":8,"turns":4},{"damage":19,"enemies":"The Guardian","floor":16,"turns":9},{"damage":3,"enemies":"Shell Parasite","floor":18,"turns":4},{"damage":19,"enemies":"Colosseum Slavers","floor":19,"turns":5},{"damage":36,"enemies":"Colosseum Nobs","floor":19,"turns":4},{"damage":0,"enemies":"Spheric Guardian","floor":21,"turns":3},{"damage":0,"enemies":"Chosen and Byrds","floor":22,"turns":4},{"damage":11,"enemies":"Book of Stabbing","floor":24,"turns":3},{"damage":0,"enemies":"Slavers","floor":28,"turns":3},{"damage":0,"enemies":"Book of Stabbing","floor":30,"turns":4},{"damage":0,"enemies":"Centurion and Healer","floor":31,"turns":3},{"damage":13,"enemies":"Automaton","floor":33,"turns":9},{"damage":0,"enemies":"3 Darklings","floor":35,"turns":2},{"damage":3,"enemies":"3 Shapes","floor":37,"turns":4},{"damage":15,"enemies":"Maw","floor":38,"turns":7},{"damage":35,"enemies":"Nemesis","floor":40,"turns":9},{"damage":0,"enemies":"Sphere and 2 Shapes","floor":42,"turns":4},{"damage":0,"enemies":"Jaw Worm Horde","floor":44,"turns":4},{"damage":2,"enemies":"Giant Head","floor":45,"turns":6},{"damage":0,"enemies":"Nemesis","floor":47,"turns":5},{"damage":0,"enemies":"Maw","floor":48,"turns":2},{"damage":0,"enemies":"Awakened One","floor":50,"turns":4}],"seed_played":"1780174799780449855","potions_obtained":[{"floor":3,"key":"SteroidPotion"},{"floor":5,"key":"Energy Potion"},{"floor":8,"key":"SpeedPotion"},{"floor":17,"key":"EssenceOfSteel"},{"floor":22,"key":"GamblersBrew"},{"floor":30,"key":"EssenceOfSteel"},{"floor":31,"key":"SkillPotion"},{"floor":33,"key":"SkillPotion"},{"floor":40,"key":"Fruit Juice"},{"floor":42,"key":"AttackPotion"},{"floor":47,"key":"Block Potion"}],"is_trial":false,"path_per_floor":["M","?","M","M","M","E","R","E","T","R","$","?","R","?","R","B",null,"M","?","?","M","M","R","E","R","T","?","E","$","E","M","R","B",null,"M","$","M","M","?","E","$","M","T","M","E","?","E","M","R","B",null],"character_chosen":"DEFECT","items_purchased":["Strange Spoon","Chemical X","Hologram","Apotheosis","DollysMirror"],"campfire_rested":2,"item_purchase_floors":[11,29,36,41,41],"current_hp_per_floor":[68,68,63,59,51,18,40,32,39,39,39,39,39,39,39,32,75,72,29,35,47,47,47,48,48,48,32,44,44,58,60,60,49,82,84,84,83,70,70,49,49,51,51,53,58,58,60,62,91,93],"gold":45,"neow_bonus":"BOSS_RELIC","is_prod":false,"is_daily":false,"chose_seed":false,"campfire_upgraded":6,"win_rate":0,"timestamp":1550246304,"path_taken":["M","?","M","?","M","E","R","E","T","R","$","?","R","?","R","BOSS","M","?","?","M","M","R","E","R","T","?","E","$","E","M","R","BOSS","M","$","M","M","?","E","$","M","T","M","E","?","E","M","R","BOSS"],"build_version":"2019-01-23","purchased_purges":3,"victory":true,"max_hp_per_floor":[75,75,75,75,75,75,75,75,82,82,82,82,82,82,82,82,87,87,87,93,93,93,93,93,93,93,93,93,93,93,93,93,93,93,93,93,93,93,93,93,93,93,93,93,98,98,98,98,98,98],"card_choices":[{"not_picked":["Gash","Consume"],"picked":"Stack","floor":1},{"not_picked":["Static Discharge","Conserve Battery"],"picked":"Fusion","floor":3},{"not_picked":["Conserve Battery","Compile Driver"],"picked":"Sunder","floor":4},{"not_picked":["Gash","Hologram"],"picked":"Scrape","floor":5},{"not_picked":["Reprogram","Compile Driver"],"picked":"Streamline","floor":6},{"not_picked":["White Noise","Chill"],"picked":"Reinforced Body","floor":8},{"not_picked":["Thunder Strike","Core Surge"],"picked":"Echo Form","floor":16},{"not_picked":["Beam Cell","Storm"],"picked":"Coolheaded","floor":17},{"not_picked":["Cold Snap","Go for the Eyes"],"picked":"Double Energy","floor":18},{"not_picked":["Leap+1","Barrage+1"],"picked":"Skim","floor":19},{"not_picked":["Gash","Go for the Eyes"],"picked":"Skim","floor":21},{"not_picked":["Sweeping Beam+1","Stack"],"picked":"Steam Power","floor":22},{"not_picked":["Reprogram","Compile Driver"],"picked":"Hologram","floor":24},{"not_picked":["Barrage+1","Recycle"],"picked":"Steam+1","floor":28},{"not_picked":["Doom and Gloom","Steam"],"picked":"Coolheaded","floor":30},{"not_picked":["Redo","Double Energy"],"picked":"Skim","floor":31},{"not_picked":["Rainbow","Fission"],"picked":"Thunder Strike","floor":33},{"not_picked":["Blizzard+1","Beam Cell+1"],"picked":"Leap","floor":35},{"not_picked":["Compile Driver+1","Fusion+1"],"picked":"Hologram+1","floor":37},{"not_picked":["Fusion+1","Capacitor+1"],"picked":"Aggregate+1","floor":38},{"not_picked":["Gash","Defragment+1"],"picked":"White Noise+1","floor":40},{"not_picked":["Compile Driver+1","Go for the Eyes+1"],"picked":"Heatsinks","floor":42},{"not_picked":["Ball Lightning","Gash"],"picked":"Rainbow","floor":44},{"not_picked":["Steam","Compile Driver","Capacitor"],"picked":"SKIP","floor":45},{"not_picked":["Leap+1","Ball Lightning+1"],"picked":"Meteor Strike","floor":47},{"not_picked":["Recycle","Doom and Gloom","Go for the Eyes+1"],"picked":"SKIP","floor":48}],"player_experience":194143,"relics_obtained":[{"floor":6,"key":"Meat on the Bone"},{"floor":8,"key":"Happy Flower"},{"floor":9,"key":"Strawberry"},{"floor":19,"key":"Darkstone Periapt"},{"floor":19,"key":"Gambling Chip"},{"floor":24,"key":"DataDisk"},{"floor":26,"key":"Juzu Bracelet"},{"floor":27,"key":"Enchiridion"},{"floor":28,"key":"Blood Vial"},{"floor":30,"key":"Ornamental Fan"},{"floor":40,"key":"Old Coin"},{"floor":43,"key":"PreservedInsect"},{"floor":45,"key":"Potion Belt"},{"floor":47,"key":"Dodecahedron"}],"event_choices":[{"cards_removed":["Stack"],"damage_healed":0,"gold_gain":0,"player_choice":"Purged","damage_taken":0,"max_hp_gain":0,"max_hp_loss":0,"event_name":"Purifier","floor":2,"gold_loss":0},{"damage_healed":0,"gold_gain":0,"player_choice":"Box","damage_taken":0,"relics_obtained":["Bag of Preparation"],"max_hp_gain":0,"max_hp_loss":0,"event_name":"Big Fish","floor":12,"gold_loss":0,"cards_obtained":["Regret"]},{"cards_removed":["Regret"],"damage_healed":0,"gold_gain":0,"player_choice":"Forget","damage_taken":0,"max_hp_gain":0,"max_hp_loss":0,"event_name":"Living Wall","floor":14,"gold_loss":0},{"damage_healed":0,"gold_gain":0,"player_choice":"Fight","damage_taken":0,"max_hp_gain":0,"max_hp_loss":0,"event_name":"Colosseum","floor":19,"gold_loss":0},{"damage_healed":0,"gold_gain":0,"player_choice":"Fought Nobs","damage_taken":0,"max_hp_gain":0,"max_hp_loss":0,"event_name":"Colosseum","floor":19,"gold_loss":0},{"damage_healed":0,"gold_gain":0,"player_choice":"Opened","damage_taken":0,"relics_obtained":["Sundial"],"max_hp_gain":0,"max_hp_loss":0,"event_name":"The Mausoleum","floor":20,"gold_loss":0,"cards_obtained":["Writhe"]},{"damage_healed":0,"gold_gain":0,"player_choice":"Obtained Book","damage_taken":16,"max_hp_gain":0,"max_hp_loss":0,"event_name":"Cursed Tome","floor":27,"gold_loss":0},{"damage_healed":0,"gold_gain":0,"player_choice":"Trade","damage_taken":0,"relics_obtained":["CultistMask"],"max_hp_gain":0,"max_hp_loss":0,"event_name":"FaceTrader","floor":39,"gold_loss":0},{"damage_healed":0,"gold_gain":0,"player_choice":"Paid","damage_taken":0,"relics_obtained":["Red Mask"],"max_hp_gain":0,"max_hp_loss":0,"event_name":"Tomb of Lord Red Mask","floor":46,"gold_loss":68}],"is_beta":false,"boss_relics":[{"not_picked":["Ectoplasm","Fusion Hammer"],"picked":"Tiny House"},{"not_picked":["Runic Pyramid","Inserter"],"picked":"Pandora\u0027s Box"}],"items_purged_floors":[29,36,41],"is_endless":false,"potions_floor_spawned":[3,5,8,22,30,31,33,40,42,47],"ascension_level":10}