{"gold_per_floor":[118,44,58,73,86,86,113,130,157,14,14,55,55,55,55,150,150,164,164,185,21,35,73,73,73,97,132,143,71,81,91,91,165,165,180,180,48,61,73,106,123,123,123,123,123,223,240,11,11,11],"floor_reached":50,"playtime":2977,"items_purged":["Strike_G","Strike_G"],"score":1017,"play_id":"3ca357bd-e4ca-401b-a28a-c127b6f029ea","local_time":"20190101210301","is_ascension_mode":true,"campfire_choices":[{"data":"Dagger Spray","floor":6.0,"key":"SMITH"},{"floor":13.0,"key":"REST"},{"data":"Phantasmal Killer","floor":15.0,"key":"SMITH"},{"floor":24,"key":"REST"},{"floor":32,"key":"REST"},{"data":"Cloak And Dagger","floor":42,"key":"SMITH"},{"data":"Cloak And Dagger","floor":44,"key":"SMITH"},{"floor":49,"key":"REST"}],"neow_cost":"NONE","seed_source_timestamp":0,"circlet_count":0,"master_deck":["AscendersBane","Defend_G","Defend_G","Defend_G","Defend_G","Defend_G","Strike_G","Strike_G","Survivor","Neutralize+1","Dagger Throw","Riddle With Holes","Dagger Spray+1","Skewer","Backstab","Endless Agony","PiercingWail","Footwork+1","Phantasmal Killer+1","Cloak And Dagger+1","Glass Knife","Poisoned Stab","Wraith Form v2+1","Infinite Blades+1","Well Laid Plans+1","Cloak And Dagger+1","Finisher","Prepared+1","Acrobatics+1","Cloak And Dagger","Endless Agony","Night Terror","Noxious Fumes+1","Slice","Backflip+1","Leg Sweep","Blade Dance+1","Endless Agony","Footwork+1","After Image+1"],"special_seed":0,"relics":["Ring of the Snake","Frozen Egg 2","Dream Catcher","Bloody Idol","Ancient Tea Set","Bronze Scales","Cursed Key","Omamori","Potion Belt","Snake Skull","Bag of Marbles","WristBlade","Bottled Lightning","Mummified Hand","Nunchaku"],"potions_floor_usage":[20,22,23,28,33,40,40,47,47,50,50],"damage_taken":[{"damage":3.0,"enemies":"Cultist","floor":1.0,"turns":5.0},{"damage":1.0,"enemies":"Small Slimes","floor":3.0,"turns":4.0},{"damage":0.0,"enemies":"2 Louse","floor":4.0,"turns":2.0},{"damage":0.0,"enemies":"Exordium Wildlife","floor":5.0,"turns":2.0},{"damage":30.0,"enemies":"Lagavulin","floor":7.0,"turns":6.0},{"damage":0.0,"enemies":"Red Slaver","floor":8.0,"turns":1.0},{"damage":10.0,"enemies":"3 Sentries","floor":12.0,"turns":4.0},{"damage":12.0,"enemies":"The Guardian","floor":16.0,"turns":15.0},{"damage":3.0,"enemies":"Chosen","floor":18.0,"turns":4.0},{"damage":1,"enemies":"3 Byrds","floor":20,"turns":2},{"damage":19,"enemies":"Shelled Parasite and Fungi","floor":22,"turns":4},{"damage":6,"enemies":"Slavers","floor":23,"turns":6},{"damage":28,"enemies":"Book of Stabbing","floor":27,"turns":4},{"damage":11,"enemies":"Sentry and Sphere","floor":28,"turns":3},{"damage":0,"enemies":"Snecko","floor":30,"turns":4},{"damage":0,"enemies":"Centurion and Healer","floor":31,"turns":5},{"damage":20,"enemies":"Collector","floor":33,"turns":9},{"damage":18,"enemies":"3 Shapes","floor":35,"turns":4},{"damage":1,"enemies":"Orb Walker","floor":38,"turns":3},{"damage":0,"enemies":"3 Darklings","floor":39,"turns":4},{"damage":27,"enemies":"Giant Head","floor":40,"turns":7},{"damage":5,"enemies":"4 Shapes","floor":41,"turns":5},{"damage":0,"enemies":"Mind Bloom Boss Battle","floor":46,"turns":4},{"damage":26,"enemies":"Transient","floor":47,"turns":6},{"damage":35,"enemies":"Donu and Deca","floor":50,"turns":4}],"seed_played":"6518681087939061995","potions_obtained":[{"floor":1.0,"key":"Explosive Potion"},{"floor":5.0,"key":"SpeedPotion"},{"floor":7.0,"key":"SkillPotion"},{"floor":12.0,"key":"LiquidBronze"},{"floor":18,"key":"Energy Potion"},{"floor":22,"key":"FearPotion"},{"floor":27,"key":"PowerPotion"},{"floor":28,"key":"PowerPotion"},{"floor":33,"key":"PowerPotion"},{"floor":35,"key":"SpeedPotion"},{"floor":41,"key":"SpeedPotion"},{"floor":46,"key":"FearPotion"},{"floor":47,"key":"Explosive Potion"}],"is_trial":false,"path_per_floor":["M","$","M","M","M","R","E","M","T","$","?","E","R","?","R","B",null,"M","?","M","$","M","E","R","?","T","E","M","?","M","M","R","B",null,"M","?","$","M","M","E","M","R","T","R","?","?","M","$","R","B"],"character_chosen":"THE_SILENT","items_purchased":["Riddle With Holes","Footwork+1","SteroidPotion","Well Laid Plans+1","Noxious Fumes+1","Slice","Footwork+1","Energy Potion"],"campfire_rested":4,"item_purchase_floors":[2,10,10,21,37,37,48,48],"current_hp_per_floor":[56,56,55,55,55,55,25,25,25,25,25,15,33,33,33,21,50,47,47,46,46,27,21,39,39,44,21,15,15,20,25,43,28,52,39,39,39,43,48,26,26,26,26,26,26,31,10,10,28,0],"gold":11,"neow_bonus":"UPGRADE_CARD","is_prod":false,"is_daily":false,"chose_seed":false,"campfire_upgraded":4,"win_rate":0,"timestamp":1546401781,"path_taken":["M","$","M","M","?","R","E","M","T","$","?","E","R","?","R","BOSS","M","?","?","$","M","E","R","?","T","E","M","?","?","M","R","BOSS","M","?","$","M","M","E","M","R","T","R","?","?","M","$","R","BOSS"],"build_version":"2019-01-01","purchased_purges":2,"victory":false,"max_hp_per_floor":[66,66,66,66,66,66,66,66,66,66,60,60,60,60,60,60,60,60,60,60,60,60,60,60,60,60,60,60,60,60,60,60,60,60,60,60,60,60,60,60,60,60,60,60,60,60,60,60,60,60],"card_choices":[{"not_picked":["Finisher","Acrobatics"],"picked":"Dagger Throw","floor":1.0},{"not_picked":["Backflip","Blade Dance"],"picked":"Dagger Spray","floor":3.0},{"not_picked":["Expertise","Terror"],"picked":"Skewer","floor":4.0},{"not_picked":["Tactician","PiercingWail"],"picked":"Backstab","floor":5.0},{"not_picked":["Dagger Spray","Infinite Blades"],"picked":"Endless Agony","floor":7.0},{"not_picked":["Crippling Poison","Dagger Throw"],"picked":"PiercingWail","floor":8.0},{"not_picked":["Heel Hook","Tactician"],"picked":"Phantasmal Killer","floor":12.0},{"not_picked":["Outmaneuver","Slice"],"picked":"Cloak And Dagger","floor":13.0},{"not_picked":["Die Die Die","Bullet Time"],"picked":"Glass Knife","floor":16.0},{"not_picked":["Dagger Throw","Deflect"],"picked":"Poisoned Stab","floor":18},{"not_picked":["Accuracy+1","Deflect"],"picked":"Infinite Blades+1","floor":20},{"not_picked":["Dash","Predator"],"picked":"Cloak And Dagger","floor":22},{"not_picked":["Backflip","Malaise"],"picked":"Finisher","floor":23},{"not_picked":["Outmaneuver+1","Sucker Punch"],"picked":"Prepared+1","floor":24},{"not_picked":["Well Laid Plans+1","Setup+1"],"picked":"Acrobatics+1","floor":27},{"not_picked":["Prepared+1","Blade Dance","Deadly Poison"],"picked":"SKIP","floor":28},{"not_picked":["Backflip","Glass Knife"],"picked":"Cloak And Dagger","floor":30},{"not_picked":["Setup","Predator+1"],"picked":"Endless Agony","floor":31},{"not_picked":["Glass Knife","Venomology"],"picked":"Night Terror","floor":33},{"not_picked":["Terror","Deadly Poison","Escape Plan"],"picked":"SKIP","floor":35},{"not_picked":["PiercingWail","Outmaneuver","Eviscerate"],"picked":"SKIP","floor":38},{"not_picked":["Accuracy+1","Flechettes"],"picked":"Backflip+1","floor":39},{"not_picked":["Eviscerate","Dash","Concentrate+1"],"picked":"SKIP","floor":40},{"not_picked":["Bane","Skewer+1"],"picked":"Leg Sweep","floor":41},{"not_picked":["Outmaneuver","Quick Slash"],"picked":"Blade Dance+1","floor":46},{"not_picked":["Prepared+1","PiercingWail"],"picked":"Endless Agony","floor":47},{"not_picked":["Outmaneuver+1","Masterful Stab"],"picked":"After Image+1","floor":49}],"player_experience":1179145,"relics_obtained":[{"floor":7.0,"key":"Frozen Egg 2"},{"floor":9.0,"key":"Dream Catcher"},{"floor":12.0,"key":"Ancient Tea Set"},{"floor":23,"key":"Omamori"},{"floor":26,"key":"Potion Belt"},{"floor":27,"key":"Snake Skull"},{"floor":40,"key":"Bottled Lightning"},{"floor":43,"key":"Mummified Hand"},{"floor":46,"key":"Nunchaku"}],"event_choices":[{"damage_healed":0.0,"max_hp_gain":0.0,"max_hp_loss":6.0,"gold_gain":0.0,"event_name":"Golden Idol","player_choice":"Lose Max HP","floor":11.0,"gold_loss":0.0,"damage_taken":0.0,"relics_obtained":["Golden Idol"]},{"damage_healed":0.0,"max_hp_gain":0.0,"max_hp_loss":0.0,"gold_gain":0.0,"event_name":"Dead Adventurer","player_choice":"Searched \u00271\u0027 times","floor":14.0,"gold_loss":0.0,"damage_taken":0.0,"relics_obtained":["Bronze Scales"]},{"damage_healed":0,"gold_gain":0,"cards_transformed":["Strike_G"],"player_choice":"Transformed","damage_taken":0,"max_hp_gain":0,"max_hp_loss":0,"event_name":"Transmorgrifier","floor":19,"gold_loss":0,"cards_obtained":["Wraith Form v2"]},{"damage_healed":0,"gold_gain":0,"player_choice":"Gave Idol","damage_taken":0,"relics_obtained":["Bloody Idol"],"max_hp_gain":0,"max_hp_loss":0,"event_name":"Forgotten Altar","floor":25,"relics_lost":["Golden Idol"],"gold_loss":0},{"damage_healed":0,"gold_gain":0,"player_choice":"Paid Gold","damage_taken":0,"relics_obtained":["Bag of Marbles"],"max_hp_gain":0,"max_hp_loss":0,"event_name":"WeMeetAgain","floor":29,"gold_loss":72},{"damage_healed":0,"gold_gain":0,"player_choice":"Ignored","damage_taken":0,"max_hp_gain":0,"max_hp_loss":0,"event_name":"Mysterious Sphere","floor":36,"gold_loss":0},{"damage_healed":0,"gold_gain":0,"player_choice":"Memory 1","damage_taken":0,"max_hp_gain":0,"max_hp_loss":0,"event_name":"SensoryStone","floor":45,"gold_loss":0},{"damage_healed":0,"gold_gain":0,"player_choice":"Fight","damage_taken":0,"max_hp_gain":0,"max_hp_loss":0,"event_name":"MindBloom","floor":46,"gold_loss":0}],"is_beta":true,"boss_relics":[{"not_picked":["Pandora\u0027s Box","Sozu"],"picked":"Cursed Key"},{"not_picked":["Runic Pyramid","Fusion Hammer"],"picked":"WristBlade"}],"items_purged_floors":[21,48],"is_endless":false,"potions_floor_spawned":[1,5,7,12,18,22,27,28,33,35,41,46,47],"killed_by":"Donu and Deca","ascension_level":18}