{"gold_per_floor":[109,121,121,121,54,54,88,100,124,124,141,156,182,206,218,325,337,363,375,399,151,66,66,99,112,160,160,160,65,145,164,164,266,266,285,334,352,6,19,19,38,38,38,38,51,31,131,141,141,141,141,141,12,39,39],"floor_reached":55,"playtime":2531,"items_purged":["Strike_G","Strike_G","Strike_G","Defend_G"],"score":787,"play_id":"4830c37f-5138-4b05-b220-1cba9ddf69e7","local_time":"20181119100330","is_ascension_mode":true,"campfire_choices":[{"data":"Neutralize","floor":6,"key":"SMITH"},{"floor":10,"key":"REST"},{"data":"Noxious Fumes","floor":15,"key":"SMITH"},{"data":"Adrenaline","floor":23,"key":"SMITH"},{"floor":27,"key":"RECALL"},{"floor":32,"key":"REST"},{"floor":40,"key":"REST"},{"data":"Footwork","floor":42,"key":"SMITH"},{"floor":44,"key":"REST"},{"data":"Catalyst","floor":49,"key":"SMITH"},{"data":"Burst","floor":52,"key":"SMITH"}],"neow_cost":"CURSE","seed_source_timestamp":3068164459246,"circlet_count":0,"master_deck":["Defend_G","Defend_G","Defend_G","Defend_G","Strike_G","Survivor","Neutralize+1","Footwork+1","Quick Slash","Noxious Fumes+1","Deadly Poison","Cloak And Dagger","Dagger Throw","Adrenaline+1","Tactician+1","Poisoned Stab+1","Accuracy+1","Cloak And Dagger","Backflip","Burst+1","Dash+1","Backflip","Escape Plan+1","Backflip+1","Backflip+1","Deadly Poison+1","Catalyst+1","Sucker Punch+1","Backflip"],"relics":["Ring of the Snake","Mango","Juzu Bracelet","Smiling Mask","MawBank","Philosopher\u0027s Stone","TwistedFunnel","Molten Egg 2","Boot","Ancient Tea Set","Question Card","WristBlade","The Specimen","Thread and Needle","Dodecahedron","Du-Vu Doll","Singing Bowl"],"potions_floor_usage":[12,13,20,33,33,36,36,48,50,55],"damage_taken":[{"damage":0,"enemies":"Small Slimes","floor":1,"turns":4},{"damage":0,"enemies":"2 Louse","floor":2,"turns":4},{"damage":20,"enemies":"Gremlin Nob","floor":7,"turns":5},{"damage":1,"enemies":"Jaw Worm","floor":8,"turns":5},{"damage":3,"enemies":"Exordium Thugs","floor":11,"turns":6},{"damage":4,"enemies":"Gremlin Gang","floor":12,"turns":5},{"damage":16,"enemies":"Lagavulin","floor":13,"turns":8},{"damage":2,"enemies":"Looter","floor":14,"turns":4},{"damage":20,"enemies":"Hexaghost","floor":16,"turns":10},{"damage":7,"enemies":"Spheric Guardian","floor":18,"turns":5},{"damage":0,"enemies":"3 Byrds","floor":20,"turns":6},{"damage":37,"enemies":"Slavers","floor":24,"turns":5},{"damage":5,"enemies":"Cultist and Chosen","floor":25,"turns":5},{"damage":0,"enemies":"Chosen and Byrds","floor":31,"turns":4},{"damage":48,"enemies":"Collector","floor":33,"turns":9},{"damage":0,"enemies":"Orb Walker","floor":35,"turns":3},{"damage":37,"enemies":"2 Orb Walkers","floor":36,"turns":5},{"damage":3,"enemies":"3 Shapes","floor":37,"turns":5},{"damage":32,"enemies":"3 Darklings","floor":39,"turns":5},{"damage":0,"enemies":"Maw","floor":41,"turns":8},{"damage":0,"enemies":"Sphere and 2 Shapes","floor":45,"turns":5},{"damage":0,"enemies":"Mind Bloom Boss Battle","floor":47,"turns":7},{"damage":0,"enemies":"3 Darklings","floor":48,"turns":4},{"damage":13,"enemies":"Time Eater","floor":50,"turns":4},{"damage":73,"enemies":"Shield and Spear","floor":54,"turns":8},{"damage":15,"enemies":"The Heart","floor":55,"turns":2}],"seed_played":"-4636413664642321217","potions_obtained":[{"floor":7,"key":"Regen Potion"},{"floor":8,"key":"AttackPotion"},{"floor":11,"key":"GhostInAJar"},{"floor":12,"key":"FearPotion"},{"floor":16,"key":"SpeedPotion"},{"floor":24,"key":"Fire Potion"},{"floor":33,"key":"Fire Potion"},{"floor":35,"key":"Weak Potion"},{"floor":39,"key":"Block Potion"},{"floor":45,"key":"EssenceOfSteel"},{"floor":46,"key":"Weak Potion"}],"is_trial":false,"path_per_floor":["M","M","?","?","$","R","E","M","T","R","M","M","E","M","R","B",null,"M","?","M","$","?","R","E","M","T","R","?","$","T","M","R","B",null,"M","?","M","$","M","R","M","R","T","R","M","?","?","M","R","B",null,"R","$","E","B"],"character_chosen":"THE_SILENT","items_purchased":["Noxious Fumes","TwistedFunnel","Backflip","Thread and Needle","Sucker Punch+1","Backflip"],"campfire_rested":4,"item_purchase_floors":[5,21,29,38,53,53],"current_hp_per_floor":[84,84,77,52,52,52,32,31,31,56,53,49,48,46,46,26,84,77,77,77,77,77,77,40,35,35,35,35,35,35,35,60,12,84,84,47,44,44,12,37,37,37,37,62,62,62,62,62,62,49,84,84,84,13,0],"gold":39,"neow_bonus":"ONE_RARE_RELIC","is_prod":false,"is_daily":false,"chose_seed":false,"campfire_upgraded":6,"win_rate":0,"timestamp":1542629010,"path_taken":["M","M","?","?","?","R","E","M","T","R","M","M","E","M","R","BOSS","M","?","M","$","?","R","E","M","T","R","?","?","?","M","R","BOSS","M","?","M","?","M","R","M","R","T","R","M","?","?","M","R","BOSS","R","$","E","BOSS"],"build_version":"2018-11-15","purchased_purges":4,"victory":false,"max_hp_per_floor":[84,84,84,84,84,84,84,84,84,84,84,84,84,84,84,84,84,84,84,84,84,84,84,84,84,84,84,84,84,84,84,84,84,84,84,84,84,84,84,84,84,84,84,84,84,84,84,84,84,84,84,84,84,86,86],"card_choices":[{"not_picked":["Sucker Punch","Bouncing Flask"],"picked":"Footwork","floor":1},{"not_picked":["Underhanded Strike","Prepared"],"picked":"Quick Slash","floor":2},{"not_picked":["Deflect","Tools of the Trade"],"picked":"Deadly Poison","floor":7},{"not_picked":["Bane","Poisoned Stab","Caltrops"],"picked":"SKIP","floor":8},{"not_picked":["Prepared","Deflect","Noxious Fumes"],"picked":"SKIP","floor":11},{"not_picked":["Masterful Stab","Infinite Blades","Underhanded Strike"],"picked":"SKIP","floor":12},{"not_picked":["Masterful Stab","Sucker Punch"],"picked":"Cloak And Dagger","floor":13},{"not_picked":["Poisoned Stab","Blade Dance"],"picked":"Dagger Throw","floor":14},{"not_picked":["Bullet Time","Night Terror"],"picked":"Adrenaline","floor":16},{"not_picked":["Quick Slash","Infinite Blades"],"picked":"Tactician+1","floor":18},{"not_picked":["Underhanded Strike","Dodge and Roll","PiercingWail"],"picked":"SKIP","floor":20},{"not_picked":["Heel Hook+1","Quick Slash+1"],"picked":"Poisoned Stab+1","floor":24},{"not_picked":["Backstab+1","Endless Agony+1"],"picked":"Accuracy+1","floor":25},{"not_picked":["All Out Attack+1","Deflect","Masterful Stab+1","Dodge and Roll"],"picked":"SKIP","floor":31},{"not_picked":["Phantasmal Killer","Adrenaline","Envenom"],"picked":"Burst","floor":33},{"not_picked":["Deflect","Deadly Poison+1","Cloak And Dagger"],"picked":"Dash+1","floor":35},{"not_picked":["Outmaneuver+1","Calculated Gamble+1","Dagger Throw+1"],"picked":"Backflip","floor":36},{"not_picked":["Quick Slash+1","Outmaneuver+1","Dodge and Roll+1"],"picked":"Escape Plan+1","floor":37},{"not_picked":["Tools of the Trade","Reflex+1","Poisoned Stab+1"],"picked":"Backflip+1","floor":39},{"not_picked":["Eviscerate+1","PiercingWail+1","Underhanded Strike+1"],"picked":"Backflip+1","floor":41},{"not_picked":["Dagger Throw+1","Dagger Spray+1","Cloak And Dagger"],"picked":"Deadly Poison+1","floor":45},{"not_picked":["Footwork","Acrobatics","Heel Hook+1"],"picked":"Catalyst","floor":47},{"not_picked":["Deflect+1","Poisoned Stab+1","Underhanded Strike+1","Reflex+1"],"picked":"SKIP","floor":48},{"not_picked":["Cloak And Dagger","Night Terror","Backflip","Quick Slash+1"],"picked":"Singing Bowl","floor":54}],"player_experience":139237,"relics_obtained":[{"floor":7,"key":"Smiling Mask"},{"floor":13,"key":"MawBank"},{"floor":24,"key":"Boot"},{"floor":26,"key":"Ancient Tea Set"},{"floor":30,"key":"Question Card"},{"floor":36,"key":"The Specimen"},{"floor":43,"key":"Dodecahedron"},{"floor":47,"key":"Du-Vu Doll"},{"floor":54,"key":"Singing Bowl"}],"event_choices":[{"cards_removed":["Normality"],"damage_healed":0,"gold_gain":0,"player_choice":"Card Removal","damage_taken":7,"max_hp_gain":0,"max_hp_loss":0,"event_name":"Golden Wing","floor":3,"gold_loss":0},{"damage_healed":0,"gold_gain":0,"player_choice":"Success","damage_taken":25,"relics_obtained":["Juzu Bracelet"],"max_hp_gain":0,"max_hp_loss":0,"event_name":"Scrap Ooze","floor":4,"gold_loss":0},{"cards_removed":["Strike_G"],"damage_healed":0,"gold_gain":0,"player_choice":"Offered Basic","damage_taken":0,"max_hp_gain":0,"max_hp_loss":0,"event_name":"Bonfire Elementals","floor":19,"gold_loss":0},{"damage_healed":0,"gold_gain":0,"player_choice":"Obtained Relic","damage_taken":0,"relics_obtained":["Molten Egg 2"],"max_hp_gain":0,"max_hp_loss":0,"event_name":"Addict","floor":22,"gold_loss":85},{"damage_healed":0,"gold_gain":0,"player_choice":"Read","damage_taken":0,"max_hp_gain":0,"max_hp_loss":0,"event_name":"The Library","floor":28,"gold_loss":0,"cards_obtained":["Cloak And Dagger"]},{"damage_healed":0,"gold_gain":0,"player_choice":"Fight","damage_taken":0,"max_hp_gain":0,"max_hp_loss":0,"event_name":"Mysterious Sphere","floor":36,"gold_loss":0},{"damage_healed":0,"gold_gain":0,"player_choice":"Bought 1 Potion","damage_taken":0,"max_hp_gain":0,"max_hp_loss":0,"event_name":"The Woman in Blue","floor":46,"gold_loss":0},{"damage_healed":0,"gold_gain":0,"player_choice":"Fight","damage_taken":0,"max_hp_gain":0,"max_hp_loss":0,"event_name":"MindBloom","floor":47,"gold_loss":0}],"is_beta":false,"boss_relics":[{"not_picked":["Ring of the Serpent","Pandora\u0027s Box"],"picked":"Philosopher\u0027s Stone"},{"not_picked":["Black Star","Snecko Eye"],"picked":"WristBlade"}],"items_purged_floors":[21,29,38,53],"is_endless":false,"potions_floor_spawned":[7,8,11,12,16,24,33,35,39,45,47],"killed_by":"The Heart","ascension_level":1}