{"gold_per_floor":[115,135,158,33,33,33,44,76,158,158,170,186,236,262,262,338,338,351,351,371,371,35,35,67,67,67,92,92,102,120,139,139,218,218,236,236,236,1235,792,792,792,615,642,673,690,690,690,701,701,701],"floor_reached":50,"playtime":3519,"items_purged":["Writhe","Normality","Normality"],"score":1403,"play_id":"5803af6e-5b07-4afd-aab0-823153dc6a8a","local_time":"20190122000654","is_ascension_mode":true,"campfire_choices":[{"data":"Noxious Fumes","floor":6,"key":"SMITH"},{"data":"Neutralize","floor":10,"key":"SMITH"},{"data":"Blur","floor":15,"key":"SMITH"},{"data":"Flechettes","floor":23,"key":"SMITH"},{"data":"After Image","floor":25,"key":"SMITH"},{"data":"Well Laid Plans","floor":28,"key":"SMITH"},{"data":"Deadly Poison","floor":32,"key":"SMITH"},{"data":"Tools of the Trade","floor":40,"key":"SMITH"},{"data":"Footwork","floor":46,"key":"SMITH"},{"data":"Dagger Throw","floor":49,"key":"PURGE"}],"neow_cost":"NONE","seed_source_timestamp":1056385618292126,"circlet_count":0,"master_deck":["AscendersBane","Survivor","Neutralize+1","After Image+1","Noxious Fumes+1","Well Laid Plans+1","Deadly Poison+1","PiercingWail","Blur+1","Acrobatics+1","Prepared+1","After Image","Infinite Blades","Blur+1","Blade Dance+1","Venomology+1","Tools of the Trade+1","Tactician+1","Deadly Poison+1","Blur+1","Prepared+1","Deadly Poison+1","Backflip+1","Flechettes+1","Leg Sweep+1","After Image","Acrobatics+1","Concentrate+1","Acrobatics+1","Acrobatics+1","Prepared+1","Deadly Poison+1","Secret Weapon+1","Footwork+1","Outmaneuver+1","Concentrate+1","Bouncing Flask+1","Chrysalis+1","Good Instincts+1"],"relics":["Ring of the Snake","Anchor","Smiling Mask","Pocketwatch","Toxic Egg 2","The Specimen","Pandora\u0027s Box","Bag of Preparation","Membership Card","Ancient Tea Set","Strawberry","Orrery","Thread and Needle","Pen Nib","PreservedInsect","Peace Pipe"],"potions_floor_usage":[8,12,19,19,24,24,29,30,30,31,33,35,44,44,45,48,48,50],"damage_taken":[{"damage":0,"enemies":"Cultist","floor":1,"turns":5},{"damage":2,"enemies":"Small Slimes","floor":2,"turns":6},{"damage":4,"enemies":"Jaw Worm","floor":7,"turns":5},{"damage":2,"enemies":"Lagavulin","floor":8,"turns":8},{"damage":0,"enemies":"Large Slime","floor":11,"turns":7},{"damage":0,"enemies":"2 Fungi Beasts","floor":12,"turns":4},{"damage":9,"enemies":"3 Sentries","floor":14,"turns":7},{"damage":0,"enemies":"Hexaghost","floor":16,"turns":11},{"damage":1,"enemies":"Shell Parasite","floor":18,"turns":5},{"damage":3,"enemies":"Chosen","floor":19,"turns":4},{"damage":0,"enemies":"Snake Plant","floor":20,"turns":5},{"damage":2,"enemies":"Slavers","floor":24,"turns":5},{"damage":0,"enemies":"Book of Stabbing","floor":27,"turns":6},{"damage":0,"enemies":"Centurion and Healer","floor":29,"turns":5},{"damage":0,"enemies":"3 Cultists","floor":30,"turns":5},{"damage":0,"enemies":"Sentry and Sphere","floor":31,"turns":6},{"damage":0,"enemies":"Champ","floor":33,"turns":12},{"damage":0,"enemies":"Orb Walker","floor":35,"turns":6},{"damage":0,"enemies":"Giant Head","floor":44,"turns":7},{"damage":1,"enemies":"3 Shapes","floor":45,"turns":5},{"damage":0,"enemies":"Jaw Worm Horde","floor":48,"turns":5},{"damage":60,"enemies":"Awakened One","floor":50,"turns":6}],"seed_played":"2501114509020529890","potions_obtained":[{"floor":1,"key":"FearPotion"},{"floor":2,"key":"Weak Potion"},{"floor":11,"key":"SkillPotion"},{"floor":16,"key":"Dexterity Potion"},{"floor":30,"key":"SteroidPotion"},{"floor":31,"key":"Block Potion"},{"floor":44,"key":"SteroidPotion"}],"is_trial":false,"path_per_floor":["T","?","M","?","M","?","?","?","?","?","M","?"],"character_chosen":"THE_SILENT","items_purchased":["Well Laid Plans","Deadly Poison","Membership Card","Backflip+1","Flechettes","Thread and Needle","Prepared+1","Deadly Poison+1","Pen Nib","Secret Weapon+1","Footwork","Outmaneuver+1","PowerPotion","PowerPotion"],"campfire_rested":0,"item_purchase_floors":[4,4,22,22,22,39,39,39,39,39,42,42,42,42],"current_hp_per_floor":[59,57,57,57,57,57,53,51,51,51,51,51,51,42,42,42,60,59,56,56,56,56,56,54,54,54,61,61,61,61,61,61,61,70,70,70,70,70,70,70,70,70,70,70,69,69,59,59,59,0],"gold":701,"neow_bonus":"ONE_RANDOM_RARE_CARD","is_prod":false,"is_daily":false,"chose_seed":false,"campfire_upgraded":9,"win_rate":0,"timestamp":1548140814,"path_taken":["M","M","?","$","?","R","M","E","T","R","M","?","?","E","R","BOSS","M","?","M","?","$","R","E","R","T","E","R","M","M","M","R","BOSS","M","?","?","?","$","R","?","$","T","E","?","R","?","M","R","BOSS"],"build_version":"2019-01-20","purchased_purges":3,"victory":false,"max_hp_per_floor":[66,66,66,66,66,66,66,66,66,66,66,66,66,66,66,66,66,66,66,66,66,66,66,66,66,66,73,73,73,73,73,73,73,73,73,73,73,73,73,73,73,73,73,73,73,73,73,73,73,73],"card_choices":[{"not_picked":["Eviscerate","Calculated Gamble"],"picked":"Riddle With Holes","floor":1},{"not_picked":["Bouncing Flask","Outmaneuver"],"picked":"Noxious Fumes","floor":2},{"not_picked":["Slice","Blade Dance"],"picked":"PiercingWail","floor":7},{"not_picked":["Backstab","Deadly Poison"],"picked":"Blur","floor":8},{"not_picked":["Sucker Punch","Predator"],"picked":"Acrobatics+1","floor":11},{"not_picked":["Masterful Stab","Acrobatics+1","Outmaneuver+1"],"picked":"SKIP","floor":12},{"not_picked":["Sucker Punch","Dagger Spray"],"picked":"Prepared+1","floor":14},{"not_picked":["Unload","Tools of the Trade"],"picked":"After Image","floor":16},{"not_picked":["Concentrate+1","Dagger Throw"],"picked":"Prepared+1","floor":18},{"not_picked":["Eviscerate","Prepared+1"],"picked":"Deadly Poison+1","floor":20},{"not_picked":["Dagger Spray","Unload","Skewer+1"],"picked":"SKIP","floor":24},{"not_picked":["Blade Dance+1","Flying Knee","Acrobatics+1"],"picked":"SKIP","floor":27},{"not_picked":["Blade Dance+1","Prepared+1","Outmaneuver+1"],"picked":"SKIP","floor":29},{"not_picked":["Deflect+1","Blade Dance+1"],"picked":"Leg Sweep+1","floor":30},{"not_picked":["Bane","Underhanded Strike","Flying Knee"],"picked":"SKIP","floor":31},{"not_picked":["Die Die Die","Unload"],"picked":"After Image","floor":33},{"not_picked":["Sucker Punch","Poisoned Stab"],"picked":"Acrobatics+1","floor":34},{"not_picked":["PiercingWail+1","Poisoned Stab"],"picked":"Concentrate+1","floor":34},{"not_picked":["Caltrops","Terror+1"],"picked":"Acrobatics+1","floor":34},{"not_picked":["Tools of the Trade","Endless Agony"],"picked":"Acrobatics+1","floor":34},{"not_picked":["Acrobatics+1","All Out Attack","Flying Knee"],"picked":"SKIP","floor":35},{"not_picked":["Bane+1","Dagger Throw"],"picked":"Concentrate+1","floor":44},{"not_picked":["Sucker Punch","PiercingWail+1"],"picked":"Bouncing Flask+1","floor":45},{"not_picked":["Blind+1","Metamorphosis+1"],"picked":"Chrysalis+1","floor":47},{"not_picked":["Violence+1","Discovery+1"],"picked":"Good Instincts+1","floor":47},{"not_picked":["Bane+1","Infinite Blades","Riddle With Holes+1"],"picked":"SKIP","floor":48}],"player_experience":1243832,"relics_obtained":[{"floor":3,"key":"Anchor"},{"floor":8,"key":"Pocketwatch"},{"floor":9,"key":"Toxic Egg 2"},{"floor":14,"key":"The Specimen"},{"floor":24,"key":"Ancient Tea Set"},{"floor":27,"key":"Strawberry"},{"floor":43,"key":"PreservedInsect"},{"floor":44,"key":"Peace Pipe"}],"event_choices":[{"cards_removed":["Riddle With Holes"],"damage_healed":0,"gold_gain":0,"player_choice":"Gave Card","damage_taken":0,"relics_obtained":["Smiling Mask"],"max_hp_gain":0,"max_hp_loss":0,"event_name":"WeMeetAgain","floor":5,"gold_loss":0},{"damage_healed":0,"gold_gain":50,"player_choice":"Pray","damage_taken":0,"max_hp_gain":0,"max_hp_loss":0,"event_name":"Golden Shrine","floor":13,"gold_loss":0},{"damage_healed":0,"gold_gain":0,"player_choice":"Opened","damage_taken":0,"relics_obtained":["Bag of Preparation"],"max_hp_gain":0,"max_hp_loss":0,"event_name":"The Mausoleum","floor":21,"gold_loss":0,"cards_obtained":["Writhe"]},{"damage_healed":0,"gold_gain":0,"player_choice":"Ignored","damage_taken":0,"max_hp_gain":0,"max_hp_loss":0,"event_name":"Tomb of Lord Red Mask","floor":36,"gold_loss":0},{"cards_removed":["Quick Slash"],"damage_healed":0,"gold_gain":0,"player_choice":"Removed Attack","damage_taken":0,"max_hp_gain":0,"max_hp_loss":0,"event_name":"Falling","floor":37,"gold_loss":0},{"damage_healed":0,"gold_gain":999,"player_choice":"Gold","damage_taken":0,"max_hp_gain":0,"max_hp_loss":0,"event_name":"MindBloom","floor":38,"gold_loss":0,"cards_obtained":["Normality","Normality"]},{"damage_healed":0,"gold_gain":0,"player_choice":"Ignored","damage_taken":0,"max_hp_gain":0,"max_hp_loss":0,"event_name":"Mysterious Sphere","floor":41,"gold_loss":0},{"damage_healed":0,"gold_gain":0,"player_choice":"Memory 3","damage_taken":10,"max_hp_gain":0,"max_hp_loss":0,"event_name":"SensoryStone","floor":47,"gold_loss":0}],"is_beta":true,"boss_relics":[{"not_picked":["Calling Bell","Coffee Dripper"],"picked":"Pandora\u0027s Box"},{"not_picked":["Snecko Eye","Runic Pyramid"],"picked":"Orrery"}],"items_purged_floors":[22,39,42],"is_endless":false,"potions_floor_spawned":[1,2,11,16,27,30,31,35,44],"killed_by":"Awakened One","ascension_level":19}