{"path_per_floor":["M","T","M","M","M","R","M","R","T","R","M","$","M","M","R","B",null],"character_chosen":"IRONCLAD","items_purchased":["Feel No Pain","Exhume"],"gold_per_floor":[113,113,125,143,155,155,168,168,219,219,230,21,36,47,47,125,125,125],"floor_reached":18,"campfire_rested":0,"playtime":841,"current_hp_per_floor":[69,69,70,72,62,62,72,72,72,72,72,72,61,66,66,52,75,75],"items_purged":[],"gold":125,"score":317,"play_id":"a30a2ddf-5667-4150-bdaf-e508667782fd","local_time":"20180422105721","is_prod":false,"is_daily":false,"chose_seed":true,"is_ascension_mode":true,"campfire_upgraded":4,"timestamp":1524416241,"path_taken":["M","?","?","M","M","R","M","R","T","R","M","?","?","M","R","BOSS","M"],"build_version":"2018-04-19","seed_source_timestamp":749736941163726,"purchased_purges":0,"victory":false,"master_deck":["Strike_R","Strike_R","Strike_R","Strike_R","Strike_R","Defend_R","Defend_R","Defend_R","Defend_R","Bash+1","AscendersBane","Burning Pact","Corruption+1","Armaments+1","Battle Trance+1","Pommel Strike","Warcry","Feel No Pain+1","Exhume","Warcry","Offering","Dark Embrace"],"max_hp_per_floor":[75,75,75,75,75,75,79,79,79,79,79,79,79,79,79,83,83,83],"relics":["Burning Blood","Dead Branch","Bronze Scales","Snecko Eye"],"card_choices":[{"not_picked":["Armaments","Havoc"],"picked":"Burning Pact","floor":1},{"not_picked":["Flex","Iron Wave"],"picked":"Corruption","floor":3},{"not_picked":["Twin Strike","Clash"],"picked":"Armaments","floor":4},{"not_picked":["Ghostly Armor","Heavy Blade"],"picked":"Battle Trance","floor":5},{"not_picked":["Wild Strike","Thunderclap"],"picked":"Pommel Strike","floor":7},{"not_picked":["Headbutt","Entrench"],"picked":"Warcry","floor":11},{"not_picked":["Wild Strike","Sword Boomerang"],"picked":"Warcry","floor":13},{"not_picked":["Twin Strike","Shockwave"],"picked":"Offering","floor":14},{"not_picked":["Double Tap","Reaper"],"picked":"Dark Embrace","floor":16}],"player_experience":396705,"potions_floor_usage":[7,16],"damage_taken":[{"damage":5,"enemies":"Cultist","floor":1,"turns":4},{"damage":5,"enemies":"Small Slimes","floor":3,"turns":4},{"damage":4,"enemies":"2 Louse","floor":4,"turns":2},{"damage":16,"enemies":"Exordium Wildlife","floor":5,"turns":4},{"damage":0,"enemies":"2 Fungi Beasts","floor":7,"turns":3},{"damage":6,"enemies":"Looter","floor":11,"turns":4},{"damage":17,"enemies":"Blue Slaver","floor":13,"turns":2},{"damage":1,"enemies":"Exordium Wildlife","floor":14,"turns":3},{"damage":24,"enemies":"The Guardian","floor":16,"turns":6},{"damage":0,"enemies":"Shell Parasite","floor":18,"turns":1}],"event_choices":[],"boss_relics":[{"not_picked":["Astrolabe","Velvet Choker"],"picked":"Snecko Eye"}],"potions_floor_spawned":[5,13,14,16],"seed_played":"-2987561348928804589","killed_by":"Shell Parasite","ascension_level":15,"is_trial":false}