{"gold_per_floor":[113,113,113,38,48,48,48,60,114,114,14,28,54,70,70,168,168,184,198,208,223,223,223,223],"floor_reached":24,"playtime":757,"items_purged":["Strike_G","Defend_G"],"score":208,"play_id":"5a4dfa5a-b0fd-4cf3-bab9-eaed7df12f44","local_time":"20190203141522","is_ascension_mode":true,"campfire_choices":[{"data":"Neutralize","floor":6,"key":"SMITH"},{"data":"Survivor","floor":10,"key":"SMITH"},{"data":"Finisher","floor":15,"key":"SMITH"},{"floor":23,"key":"REST"}],"neow_cost":"NONE","seed_source_timestamp":327183525393060,"circlet_count":0,"master_deck":["Defend_G","Defend_G","Strike_G","Strike_G","Strike_G","Strike_G","Survivor+1","Neutralize+1","Dagger Throw","Finisher+1","Tactician"],"relics":["Ring of the Snake","Dream Catcher","Sundial","Philosopher\u0027s Stone"],"potions_floor_usage":[13,13,16,16,21],"damage_taken":[{"damage":0,"enemies":"Small Slimes","floor":1,"turns":3},{"damage":1,"enemies":"Cultist","floor":5,"turns":4},{"damage":0,"enemies":"2 Louse","floor":8,"turns":3},{"damage":0,"enemies":"Exordium Wildlife","floor":12,"turns":3},{"damage":13,"enemies":"Gremlin Nob","floor":13,"turns":4},{"damage":14,"enemies":"Lots of Slimes","floor":14,"turns":4},{"damage":3,"enemies":"Hexaghost","floor":16,"turns":6},{"damage":5,"enemies":"Shell Parasite","floor":18,"turns":2},{"damage":11,"enemies":"Spheric Guardian","floor":19,"turns":3},{"damage":15,"enemies":"Cultist and Chosen","floor":20,"turns":7},{"damage":10,"enemies":"Snecko","floor":21,"turns":4},{"damage":5,"enemies":"Book of Stabbing","floor":24,"turns":2}],"seed_played":"-8010782037298005987","potions_obtained":[{"floor":12,"key":"EntropicBrew"},{"floor":13,"key":"Weak Potion"},{"floor":18,"key":"PowerPotion"}],"is_trial":false,"path_per_floor":["M","?","$","$","M","R","?","M","T","R","$","M","E","M","R","B",null,"M","M","M","M","?","R","E"],"character_chosen":"THE_SILENT","items_purchased":[],"campfire_rested":1,"item_purchase_floors":[],"current_hp_per_floor":[70,70,70,70,69,69,62,62,62,62,62,62,49,35,35,32,70,65,54,39,29,29,50,45],"gold":223,"neow_bonus":"REMOVE_CARD","is_prod":false,"is_daily":false,"chose_seed":false,"campfire_upgraded":3,"win_rate":0,"timestamp":1549228522,"path_taken":["M","?","?","$","M","R","?","M","T","R","$","M","E","?","R","BOSS","M","?","M","M","?","R","E"],"build_version":"2019-01-23","purchased_purges":2,"victory":false,"max_hp_per_floor":[70,70,70,70,70,70,70,70,70,70,70,70,70,70,70,70,70,70,70,70,70,70,70,70],"card_choices":[{"not_picked":["Backflip","Predator","Blur"],"picked":"SKIP","floor":1},{"not_picked":["Backflip","Terror","Outmaneuver"],"picked":"SKIP","floor":5},{"not_picked":["All Out Attack","Acrobatics","Bane"],"picked":"SKIP","floor":8},{"not_picked":["Leg Sweep","Quick Slash"],"picked":"Dagger Throw","floor":12},{"not_picked":["Dagger Spray","Accuracy"],"picked":"Finisher","floor":13},{"not_picked":["Dagger Spray","Venomology"],"picked":"Tactician","floor":14},{"not_picked":["Accuracy+1","Acrobatics+1","Slice"],"picked":"SKIP","floor":18},{"not_picked":["Outmaneuver+1","Deadly Poison","Flying Knee+1"],"picked":"SKIP","floor":19},{"not_picked":["Escape Plan","Backflip","Well Laid Plans"],"picked":"SKIP","floor":20},{"not_picked":["Caltrops+1","Blade Dance","PiercingWail"],"picked":"SKIP","floor":21}],"player_experience":1300129,"relics_obtained":[{"floor":9,"key":"Dream Catcher"},{"floor":13,"key":"Sundial"}],"event_choices":[{"damage_healed":0,"gold_gain":0,"player_choice":"Bought 0 Potions","damage_taken":0,"max_hp_gain":0,"max_hp_loss":0,"event_name":"The Woman in Blue","floor":2,"gold_loss":0},{"cards_removed":["Defend_G"],"damage_healed":0,"gold_gain":0,"player_choice":"Card Removal","damage_taken":7,"max_hp_gain":0,"max_hp_loss":0,"event_name":"Golden Wing","floor":7,"gold_loss":0},{"damage_healed":0,"gold_gain":0,"player_choice":"Ignored","damage_taken":0,"max_hp_gain":0,"max_hp_loss":0,"event_name":"The Mausoleum","floor":22,"gold_loss":0}],"is_beta":true,"boss_relics":[{"not_picked":["Runic Pyramid","Fusion Hammer"],"picked":"Philosopher\u0027s Stone"}],"items_purged_floors":[4,11],"is_endless":false,"potions_floor_spawned":[12,13,14,18],"killed_by":"Book of Stabbing","ascension_level":1}