{"gold_per_floor":[112,77,3,20,39,39,67,67,67,67,94,114,114,126,126,203,203,203,203,203,203,7,7,7,7,7,7,7],"floor_reached":28,"playtime":923,"items_purged":[],"score":427,"play_id":"2c9f3d86-cb95-4e21-a8e2-56ffb97f132e","local_time":"20180919171652","is_ascension_mode":true,"campfire_choices":[{"data":"Bash","floor":6,"key":"SMITH"},{"data":"True Grit","floor":8,"key":"SMITH"},{"data":"Spot Weakness","floor":10,"key":"SMITH"},{"data":"Flame Barrier","floor":15,"key":"SMITH"},{"data":"Armaments","floor":23,"key":"SMITH"}],"neow_cost":"","seed_source_timestamp":597429051104983,"circlet_count":0,"master_deck":["Strike_R","Strike_R","Strike_R","Strike_R","Defend_R","Defend_R","Defend_R","Defend_R","Bash+1","AscendersBane","Anger","Spot Weakness+1","Ghostly Armor","Pummel","True Grit+1","Flame Barrier+1","Feel No Pain","Armaments+1","Impervious","Pommel Strike","Thunderclap","Shrug It Off","Clothesline"],"relics":["Burning Blood","Pear","Bottled Lightning","Calipers","Ectoplasm","MutagenicStrength","Vajra","Kunai","Oddly Smooth Stone","Dream Catcher"],"potions_floor_usage":[7,12,14,16,16,18,28],"damage_taken":[{"damage":15,"enemies":"Small Slimes","floor":1,"turns":5},{"damage":12,"enemies":"Jaw Worm","floor":4,"turns":3},{"damage":0,"enemies":"Cultist","floor":5,"turns":4},{"damage":11,"enemies":"Lagavulin","floor":7,"turns":8},{"damage":20,"enemies":"Gremlin Nob","floor":11,"turns":4},{"damage":0,"enemies":"3 Louse","floor":12,"turns":1},{"damage":6,"enemies":"Lots of Slimes","floor":14,"turns":3},{"damage":31,"enemies":"The Guardian","floor":16,"turns":13},{"damage":0,"enemies":"3 Byrds","floor":18,"turns":1},{"damage":11,"enemies":"Shell Parasite","floor":21,"turns":5},{"damage":68,"enemies":"Book of Stabbing","floor":24,"turns":6},{"damage":21,"enemies":"Slavers","floor":28,"turns":4}],"seed_played":"4482795009111783681","potions_obtained":[{"floor":1,"key":"Explosive Potion"},{"floor":4,"key":"Block Potion"},{"floor":12,"key":"Energy Potion"},{"floor":13,"key":"Strength Potion"},{"floor":14,"key":"Block Potion"},{"floor":18,"key":"Fruit Juice"},{"floor":24,"key":"Swift Potion"}],"is_trial":false,"path_per_floor":["M","?","$","M","M","R","E","R","T","R","E","M","?","M","R","B",null,"M","?","?","M","$","R","E","T","T","$"],"character_chosen":"IRONCLAD","items_purchased":["Spot Weakness","Vajra","Shrug It Off"],"campfire_rested":0,"item_purchase_floors":[3,22,22],"current_hp_per_floor":[59,75,75,69,75,75,80,80,80,80,66,72,72,72,72,47,76,87,87,87,82,82,82,20,20,20,20,0],"gold":7,"neow_bonus":"","is_prod":false,"is_daily":false,"chose_seed":false,"campfire_upgraded":5,"win_rate":0,"timestamp":1537399012,"path_taken":["M","?","?","M","M","R","E","R","T","R","E","M","?","?","R","BOSS","M","?","?","M","?","R","E","?","T","$","E"],"build_version":"2018-09-18v3","purchased_purges":0,"victory":false,"max_hp_per_floor":[75,75,75,75,75,75,85,85,85,85,85,85,85,85,85,85,85,90,90,90,90,90,90,90,90,90,90,90],"card_choices":[{"not_picked":["Blood for Blood","Clash"],"picked":"Anger","floor":1},{"not_picked":["Headbutt","Fire Breathing"],"picked":"Ghostly Armor","floor":4},{"not_picked":["Twin Strike","Second Wind"],"picked":"Pummel","floor":5},{"not_picked":["Sever Soul","Warcry"],"picked":"True Grit","floor":7},{"not_picked":["Battle Trance","Twin Strike"],"picked":"Flame Barrier","floor":11},{"not_picked":["Twin Strike","Dropkick"],"picked":"Feel No Pain","floor":12},{"not_picked":["Anger","Warcry"],"picked":"Armaments","floor":14},{"not_picked":["Berserk","Exhume"],"picked":"Impervious","floor":16},{"not_picked":["Rage","Intimidate"],"picked":"Pommel Strike","floor":18},{"not_picked":["Dual Wield","Cleave"],"picked":"Thunderclap","floor":21},{"not_picked":["Armaments","Hemokinesis"],"picked":"Clothesline","floor":24}],"player_experience":1039572,"relics_obtained":[{"floor":7,"key":"Pear"},{"floor":9,"key":"Bottled Lightning"},{"floor":11,"key":"Calipers"},{"floor":24,"key":"Kunai"},{"floor":25,"key":"Oddly Smooth Stone"},{"floor":26,"key":"Dream Catcher"}],"event_choices":[{"event_name":"The Cleric","player_choice":"Healed","floor":2,"damage_taken":0},{"event_name":"The Lab","player_choice":"Got Potions","floor":13,"damage_taken":0},{"event_name":"Purifier","player_choice":"One Purge","floor":19,"damage_taken":0},{"event_name":"Drug Dealer","player_choice":"Inject Mutagens","floor":20,"damage_taken":0}],"is_beta":true,"boss_relics":[{"not_picked":["Pandora\u0027s Box","Empty Cage"],"picked":"Ectoplasm"}],"items_purged_floors":[],"is_endless":false,"potions_floor_spawned":[1,4,5,12,14,18,24],"killed_by":"Slavers","ascension_level":15}