{"gold_per_floor":[116,41,41,51,68,68,98,13,313,313,330,330,174,186,186,262,262,276,286,20,20,20],"floor_reached":22,"playtime":577,"items_purged":["Strike_B","Strike_B"],"score":368,"play_id":"27813ded-57d7-45e5-8284-d3cab009f17e","local_time":"20190127165439","is_ascension_mode":true,"campfire_choices":[{"data":"Zap","floor":6,"key":"SMITH"},{"data":"Ball Lightning","floor":10,"key":"SMITH"},{"data":"Capacitor","floor":15,"key":"SMITH"}],"neow_cost":"NONE","seed_source_timestamp":1551793482176153,"circlet_count":0,"master_deck":["AscendersBane","Strike_B","Defend_B","Defend_B","Defend_B","Defend_B","Zap+1","Dualcast","Lockon","Hello World","Rebound","Genetic Algorithm","Ball Lightning+1","Compile Driver","Cold Snap","Capacitor+1","Coolheaded","Machine Learning","Conserve Battery","Defragment","Consume"],"relics":["Cracked Core","NeowsBlessing","Unceasing Top","Old Coin","Mercury Hourglass","White Beast Statue"],"potions_floor_usage":[7,16,18,19,19,22],"damage_taken":[{"damage":0,"enemies":"Small Slimes","floor":1,"turns":1},{"damage":0,"enemies":"Jaw Worm","floor":4,"turns":1},{"damage":0,"enemies":"Cultist","floor":5,"turns":1},{"damage":8,"enemies":"Gremlin Nob","floor":7,"turns":3},{"damage":6,"enemies":"Looter","floor":11,"turns":2},{"damage":8,"enemies":"Blue Slaver","floor":14,"turns":3},{"damage":14,"enemies":"Hexaghost","floor":16,"turns":8},{"damage":16,"enemies":"Chosen","floor":18,"turns":6},{"damage":15,"enemies":"Shell Parasite","floor":19,"turns":5},{"damage":0,"enemies":"Snake Plant","floor":22,"turns":2}],"seed_played":"2780472834606318169","potions_obtained":[{"floor":1,"key":"Poison Potion"},{"floor":7,"key":"Ancient Potion"},{"floor":11,"key":"FocusPotion"},{"floor":16,"key":"Poison Potion"},{"floor":18,"key":"PowerPotion"},{"floor":19,"key":"Block Potion"}],"is_trial":false,"path_per_floor":["M","?","?","M","M","R","E","$","T","R","M","T","$","M","R","B",null,"M","M","$","?","M"],"character_chosen":"DEFECT","items_purchased":["Ball Lightning","Compile Driver","Capacitor","Defragment","Consume"],"campfire_rested":0,"item_purchase_floors":[8,8,13,20,20],"current_hp_per_floor":[64,64,69,69,69,69,61,61,61,61,55,55,55,47,47,33,65,49,34,34,12,12],"gold":20,"neow_bonus":"THREE_ENEMY_KILL","is_prod":false,"is_daily":false,"chose_seed":false,"campfire_upgraded":3,"win_rate":0,"timestamp":1548633279,"path_taken":["M","?","?","M","M","R","E","$","T","R","M","?","$","?","R","BOSS","M","M","$","?","M"],"build_version":"2019-01-23","purchased_purges":2,"victory":false,"max_hp_per_floor":[71,71,76,76,76,76,76,76,76,76,76,76,76,76,76,76,76,76,76,76,81,81],"card_choices":[{"not_picked":["Aggregate","Redo"],"picked":"Lockon","floor":1},{"not_picked":["Hologram","Fusion"],"picked":"Hello World","floor":4},{"not_picked":["Beam Cell","Turbo"],"picked":"Rebound","floor":5},{"not_picked":["Heatsinks","Self Repair"],"picked":"Genetic Algorithm","floor":7},{"not_picked":["Go for the Eyes","Rip and Tear"],"picked":"Cold Snap","floor":11},{"not_picked":["Go for the Eyes","Compile Driver"],"picked":"Coolheaded","floor":14},{"not_picked":["Rainbow","Meteor Strike"],"picked":"Machine Learning","floor":16},{"not_picked":["Streamline","Sunder","Coolheaded"],"picked":"SKIP","floor":18},{"not_picked":["Leap","Heatsinks"],"picked":"Conserve Battery","floor":19}],"player_experience":1269868,"relics_obtained":[{"floor":7,"key":"Unceasing Top"},{"floor":9,"key":"Old Coin"},{"floor":12,"key":"Mercury Hourglass"}],"event_choices":[{"cards_removed":["Strike_B"],"damage_healed":0,"gold_gain":0,"player_choice":"Card Removal","damage_taken":0,"max_hp_gain":0,"max_hp_loss":0,"event_name":"The Cleric","floor":2,"gold_loss":75},{"damage_healed":0,"gold_gain":0,"player_choice":"Donut","damage_taken":0,"max_hp_gain":5,"max_hp_loss":0,"event_name":"Big Fish","floor":3,"gold_loss":0},{"damage_healed":0,"gold_gain":0,"player_choice":"Shed Blood","damage_taken":27,"max_hp_gain":5,"max_hp_loss":0,"event_name":"Forgotten Altar","floor":21,"gold_loss":0}],"is_beta":true,"boss_relics":[{"not_picked":["Runic Pyramid","Orrery"],"picked":"White Beast Statue"}],"items_purged_floors":[13,20],"is_endless":false,"potions_floor_spawned":[1,7,11,16,18,19],"killed_by":"Snake Plant","ascension_level":20}