{"gold_per_floor":[109,120,136,136,155,155,183,183,209,209,224,250,250,250,250,355,355,373,390,390,489,507,534,534],"floor_reached":24,"playtime":924,"items_purged":[],"score":271,"play_id":"8e2ec1b7-a333-4d20-b9f8-06aab3b27104","local_time":"20181214001250","is_ascension_mode":true,"campfire_choices":[{"data":"Disarm","floor":6.0,"key":"SMITH"},{"floor":8.0,"key":"REST"},{"data":"Bash","floor":10.0,"key":"SMITH"},{"floor":15.0,"key":"REST"}],"neow_cost":"NONE","seed_source_timestamp":10947023828429,"circlet_count":0,"master_deck":["Strike_R","Strike_R","Strike_R","Defend_R","Defend_R","Defend_R","Bash+1","Disarm+1","Rage","Warcry","Fiend Fire","Havoc","Reaper","Clothesline+1","Sword Boomerang","Anger","Flame Barrier"],"special_seed":0,"relics":["Burning Blood","Boot","Juzu Bracelet","Red Skull","Centennial Puzzle","Fusion Hammer","Happy Flower","Bronze Scales"],"potions_floor_usage":[23],"damage_taken":[{"damage":6.0,"enemies":"Cultist","floor":1.0,"turns":3.0},{"damage":8.0,"enemies":"Jaw Worm","floor":2.0,"turns":5.0},{"damage":1.0,"enemies":"2 Louse","floor":3.0,"turns":3.0},{"damage":4.0,"enemies":"Blue Slaver","floor":5.0,"turns":5.0},{"damage":48.0,"enemies":"Lagavulin","floor":7.0,"turns":8.0},{"damage":0.0,"enemies":"2 Fungi Beasts","floor":11.0,"turns":4.0},{"damage":50.0,"enemies":"3 Sentries","floor":12.0,"turns":13.0},{"damage":17.0,"enemies":"The Guardian","floor":16.0,"turns":10.0},{"damage":0.0,"enemies":"Chosen","floor":18.0,"turns":5.0},{"damage":29.0,"enemies":"Spheric Guardian","floor":19.0,"turns":6.0},{"damage":12.0,"enemies":"Snecko","floor":22.0,"turns":5.0},{"damage":66,"enemies":"Slavers","floor":23,"turns":8},{"damage":19,"enemies":"Sentry and Sphere","floor":24,"turns":3}],"seed_played":"-8623213883765508271","potions_obtained":[{"floor":7.0,"key":"Energy Potion"},{"floor":11.0,"key":"Block Potion"},{"floor":12.0,"key":"Strength Potion"},{"floor":22.0,"key":"EssenceOfSteel"}],"is_trial":false,"path_per_floor":["M","M","M","?","M","R","E","R","T","R","M","E","?","?","R","B",null,"M","M","?","?","M","E","M"],"character_chosen":"IRONCLAD","items_purchased":[],"campfire_rested":2,"item_purchase_floors":[],"current_hp_per_floor":[80,78,80,73,75,75,33,57,57,57,63,19,19,12,36,25,80,80,57,57,57,51,12,0],"gold":534,"neow_bonus":"REMOVE_CARD","is_prod":false,"is_daily":false,"chose_seed":false,"campfire_upgraded":2,"win_rate":0,"timestamp":1544753570,"path_taken":["M","M","M","?","M","R","E","R","T","R","M","E","?","?","R","BOSS","M","M","?","?","M","E","M"],"build_version":"2018-12-13","purchased_purges":0,"victory":false,"max_hp_per_floor":[80,80,80,80,80,80,80,80,80,80,80,80,80,80,80,80,80,80,80,80,80,80,80,80],"card_choices":[{"not_picked":["Iron Wave","Wild Strike","Twin Strike"],"picked":"SKIP","floor":1.0},{"not_picked":["Perfected Strike","Sword Boomerang"],"picked":"Disarm","floor":2.0},{"not_picked":["True Grit","Dropkick"],"picked":"Rage","floor":3.0},{"not_picked":["Perfected Strike","Reckless Charge"],"picked":"Warcry","floor":5.0},{"not_picked":["Infernal Blade","Disarm"],"picked":"Fiend Fire","floor":7.0},{"not_picked":["Wild Strike","Flex"],"picked":"Havoc","floor":11.0},{"not_picked":["Burning Pact","Havoc","Wild Strike"],"picked":"SKIP","floor":12.0},{"not_picked":["Barricade","Dark Embrace"],"picked":"Reaper","floor":16.0},{"not_picked":["Sentinel","Carnage"],"picked":"Clothesline+1","floor":18.0},{"not_picked":["Perfected Strike+1","Combust"],"picked":"Sword Boomerang","floor":19.0},{"not_picked":["Blood for Blood","Clothesline"],"picked":"Anger","floor":22.0},{"not_picked":["Cleave","Infernal Blade+1"],"picked":"Flame Barrier","floor":23}],"player_experience":238944,"relics_obtained":[{"floor":7.0,"key":"Boot"},{"floor":9.0,"key":"Juzu Bracelet"},{"floor":12.0,"key":"Red Skull"},{"floor":23,"key":"Bronze Scales"}],"event_choices":[{"cards_removed":["Strike_R"],"damage_healed":0.0,"max_hp_gain":0.0,"max_hp_loss":0.0,"gold_gain":0.0,"event_name":"Golden Wing","player_choice":"Card Removal","floor":4.0,"gold_loss":0.0,"damage_taken":7.0},{"cards_removed":["Defend_R"],"damage_healed":0.0,"max_hp_gain":0.0,"max_hp_loss":0.0,"gold_gain":0.0,"event_name":"Living Wall","player_choice":"Forget","floor":13.0,"gold_loss":0.0,"damage_taken":0.0},{"damage_healed":0.0,"max_hp_gain":0.0,"max_hp_loss":0.0,"gold_gain":0.0,"event_name":"Scrap Ooze","player_choice":"Success","floor":14.0,"gold_loss":0.0,"damage_taken":7.0,"relics_obtained":["Centennial Puzzle"]},{"damage_healed":0.0,"max_hp_gain":0.0,"max_hp_loss":0.0,"gold_gain":0.0,"event_name":"The Mausoleum","player_choice":"Opened","floor":20.0,"gold_loss":0.0,"damage_taken":0.0,"relics_obtained":["Happy Flower"]},{"damage_healed":0.0,"max_hp_gain":0.0,"max_hp_loss":0.0,"gold_gain":99.0,"event_name":"Nest","player_choice":"Stole From Cult","floor":21.0,"gold_loss":0.0,"damage_taken":0.0}],"is_beta":false,"boss_relics":[{"not_picked":["Black Star","Ectoplasm"],"picked":"Fusion Hammer"}],"items_purged_floors":[],"is_endless":false,"potions_floor_spawned":[7,11,12,22],"killed_by":"Sentry and Sphere","ascension_level":4}