{"gold_per_floor":[115,135,310,320,70,102,102,128,128,163,242,252,252,284,284,382,382,402,402,402,417,417,417,451,451,498,498,517,27,27,53,53,53],"floor_reached":33,"playtime":2321,"items_purged":["Doubt"],"score":445,"play_id":"f6da7fec-5711-45de-bdaf-9368047fbe15","local_time":"20190211135613","is_ascension_mode":true,"campfire_choices":[{"data":"Offering","floor":7,"key":"SMITH"},{"data":"Havoc","floor":13,"key":"SMITH"},{"data":"Disarm","floor":15,"key":"SMITH"},{"data":"Armaments","floor":23,"key":"SMITH"},{"data":"Havoc","floor":25,"key":"SMITH"},{"floor":32,"key":"REST"}],"neow_cost":"NONE","seed_source_timestamp":615962477875888,"circlet_count":0,"master_deck":["Defend_R","Defend_R+1","Defend_R+1","Defend_R","Bash","Anger","Sword Boomerang","Cleave","Offering+1","Flex","Disarm+1","Havoc+1","Thunderclap","Iron Wave","Immolate","Armaments+1","J.A.X.","Heavy Blade","Bite","Bite","Bite","Bite","Bite","Havoc+1","Blood for Blood","Double Tap","Bandage Up"],"relics":["Black Blood","NeowsBlessing","Omamori","Gambling Chip","Mercury Hourglass","Question Card","Pear","Pocketwatch","Strawberry","War Paint","Ornamental Fan","NlothsMask","Singing Bowl"],"potions_floor_usage":[6,14,27,31],"damage_taken":[{"damage":0,"enemies":"Cultist","floor":1,"turns":1},{"damage":0,"enemies":"2 Louse","floor":2,"turns":1},{"damage":0,"enemies":"Jaw Worm","floor":4,"turns":1},{"damage":26,"enemies":"3 Sentries","floor":6,"turns":5},{"damage":12,"enemies":"Gremlin Nob","floor":8,"turns":3},{"damage":19,"enemies":"3 Sentries","floor":10,"turns":4},{"damage":6,"enemies":"Looter","floor":12,"turns":2},{"damage":17,"enemies":"Lagavulin","floor":14,"turns":4},{"damage":20,"enemies":"Hexaghost","floor":16,"turns":7},{"damage":7,"enemies":"Chosen","floor":18,"turns":3},{"damage":9,"enemies":"Spheric Guardian","floor":21,"turns":2},{"damage":42,"enemies":"Book of Stabbing","floor":24,"turns":5},{"damage":0,"enemies":"Snake Plant","floor":27,"turns":1},{"damage":3,"enemies":"Cultist and Chosen","floor":28,"turns":4},{"damage":43,"enemies":"Slavers","floor":31,"turns":3},{"damage":129,"enemies":"Collector","floor":33,"turns":8}],"seed_played":"-7615397358908959110","potions_obtained":[{"floor":1,"key":"Explosive Potion"},{"floor":10,"key":"SpeedPotion"},{"floor":12,"key":"Strength Potion"},{"floor":16,"key":"FairyPotion"},{"floor":24,"key":"SmokeBomb"}],"is_trial":false,"path_per_floor":["M","M","?","M","$","E","R","E","T","E","T","M","R","E","R","B",null,"M","?","?","M","?","R","E","R","T","M","M","$","?","E","R","B"],"character_chosen":"IRONCLAD","items_purchased":["Offering","Flex","Ornamental Fan","Double Tap","Bandage Up"],"campfire_rested":1,"item_purchase_floors":[5,5,29,29,29],"current_hp_per_floor":[78,80,80,80,80,60,60,54,54,41,51,51,51,40,40,26,74,77,59,59,60,60,60,41,41,41,51,67,67,67,44,66,0],"gold":53,"neow_bonus":"THREE_ENEMY_KILL","is_prod":false,"is_daily":false,"chose_seed":false,"campfire_upgraded":5,"win_rate":0,"timestamp":1549871773,"path_taken":["M","?","?","M","$","E","R","E","T","E","?","M","R","E","R","BOSS","M","?","?","M","?","R","E","R","T","M","M","$","?","E","R","BOSS"],"build_version":"2019-01-23","purchased_purges":1,"victory":false,"max_hp_per_floor":[80,80,80,80,80,80,80,80,80,80,90,90,90,90,90,90,90,90,95,95,95,66,66,73,73,73,73,73,73,73,75,75,75],"card_choices":[{"not_picked":["Fire Breathing","Warcry"],"picked":"Anger","floor":1},{"not_picked":["Spot Weakness","Thunderclap"],"picked":"Sword Boomerang","floor":2},{"not_picked":["True Grit","Body Slam"],"picked":"Cleave","floor":4},{"not_picked":["Wild Strike","Intimidate"],"picked":"Disarm","floor":6},{"not_picked":["Uppercut","Shockwave"],"picked":"Havoc","floor":8},{"not_picked":["Wild Strike","Carnage","Havoc"],"picked":"SKIP","floor":10},{"not_picked":["Dual Wield","Feel No Pain","Anger"],"picked":"Thunderclap","floor":12},{"not_picked":["Headbutt","Corruption","True Grit"],"picked":"Iron Wave","floor":14},{"not_picked":["Bludgeon","Juggernaut","Impervious"],"picked":"Immolate","floor":16},{"not_picked":["Power Through","Metallicize","Body Slam+1"],"picked":"Armaments","floor":18},{"not_picked":["Perfected Strike","Body Slam","Headbutt"],"picked":"Heavy Blade","floor":21},{"not_picked":["Clothesline","Burning Pact","Thunderclap"],"picked":"Havoc","floor":24},{"not_picked":["Perfected Strike+1","Juggernaut","Hemokinesis"],"picked":"Blood for Blood","floor":28},{"not_picked":["Perfected Strike","Reckless Charge","Clash","Heavy Blade+1"],"picked":"Singing Bowl","floor":31}],"player_experience":782251,"relics_obtained":[{"floor":6,"key":"Omamori"},{"floor":8,"key":"Gambling Chip"},{"floor":9,"key":"Mercury Hourglass"},{"floor":10,"key":"Question Card"},{"floor":11,"key":"Pear"},{"floor":14,"key":"Pocketwatch"},{"floor":24,"key":"Strawberry"},{"floor":26,"key":"War Paint"},{"floor":31,"key":"Singing Bowl"}],"event_choices":[{"damage_healed":0,"gold_gain":175,"player_choice":"AGREE","damage_taken":0,"max_hp_gain":0,"max_hp_loss":0,"event_name":"Liars Game","floor":3,"gold_loss":0,"cards_obtained":["Doubt"]},{"damage_healed":0,"gold_gain":0,"player_choice":"Shed Blood","damage_taken":23,"max_hp_gain":5,"max_hp_loss":0,"event_name":"Forgotten Altar","floor":19,"gold_loss":0},{"damage_healed":0,"gold_gain":0,"player_choice":"Obtain J.A.X.","damage_taken":0,"max_hp_gain":0,"max_hp_loss":0,"event_name":"Drug Dealer","floor":20,"gold_loss":0,"cards_obtained":["J.A.X."]},{"damage_healed":0,"gold_gain":0,"player_choice":"Became a vampire","damage_taken":0,"max_hp_gain":0,"max_hp_loss":29,"event_name":"Vampires","floor":22,"gold_loss":0,"cards_obtained":["Bite","Bite","Bite","Bite","Bite"]},{"damage_healed":0,"gold_gain":0,"player_choice":"Trade","damage_taken":0,"relics_obtained":["NlothsMask"],"max_hp_gain":0,"max_hp_loss":0,"event_name":"FaceTrader","floor":30,"gold_loss":0}],"is_beta":false,"boss_relics":[{"not_picked":["Orrery","Pandora\u0027s Box"],"picked":"Black Blood"}],"items_purged_floors":[5],"is_endless":false,"potions_floor_spawned":[1,10,12,16,24,27],"killed_by":"Collector","ascension_level":7}