{"gold_per_floor":[130,156,187,212,242,254,305,317,329,377,410,422,96,119,119,119],"floor_reached":16,"playtime":571,"items_purged":["Strike_R"],"score":137,"play_id":"39df2130-95de-486e-8e06-72021a3a0413","local_time":"20181210231854","is_ascension_mode":true,"campfire_choices":[{"data":"Bash","floor":8,"key":"SMITH"},{"floor":12,"key":"REST"},{"data":"Body Slam","floor":15,"key":"SMITH"}],"neow_cost":"NONE","seed_source_timestamp":19811910298159,"circlet_count":0,"master_deck":["Strike_R","Strike_R","Strike_R","Strike_R","Defend_R","Defend_R","Defend_R","Defend_R","Bash+1","Battle Trance","Body Slam+1","Clash","Disarm","Flame Barrier","Anger","Offering","Clothesline","Feel No Pain","Seeing Red"],"relics":["Burning Blood","MawBank","Golden Idol","Sundial","Magic Flower","Unceasing Top","Boot"],"potions_floor_usage":[10],"damage_taken":[{"damage":1,"enemies":"Cultist","floor":1,"turns":3},{"damage":9,"enemies":"2 Louse","floor":2,"turns":5},{"damage":15,"enemies":"Small Slimes","floor":3,"turns":3},{"damage":6,"enemies":"Exordium Wildlife","floor":4,"turns":4},{"damage":11,"enemies":"Gremlin Gang","floor":5,"turns":5},{"damage":27,"enemies":"Lagavulin","floor":7,"turns":10},{"damage":32,"enemies":"Gremlin Nob","floor":10,"turns":4},{"damage":7,"enemies":"Red Slaver","floor":11,"turns":3},{"damage":9,"enemies":"Blue Slaver","floor":14,"turns":5},{"damage":43,"enemies":"Slime Boss","floor":16,"turns":7}],"seed_played":"-3723448773752910704","potions_obtained":[{"floor":1,"key":"SkillPotion"},{"floor":7,"key":"SpeedPotion"},{"floor":10,"key":"FearPotion"}],"is_trial":false,"path_per_floor":["M","M","M","M","M","?","E","R","T","E","M","R","$","M","R","B"],"character_chosen":"IRONCLAD","items_purchased":["Boot","Clothesline","Feel No Pain"],"campfire_rested":1,"item_purchase_floors":[13,13,13],"current_hp_per_floor":[80,77,68,68,63,63,42,42,42,19,21,43,43,43,43,0],"gold":119,"neow_bonus":"RANDOM_COMMON_RELIC","is_prod":false,"is_daily":false,"chose_seed":false,"campfire_upgraded":2,"win_rate":0,"timestamp":1544491134,"path_taken":["M","M","M","M","?","?","E","R","T","E","M","R","$","M","R","BOSS"],"build_version":"2018-12-06","purchased_purges":1,"victory":false,"max_hp_per_floor":[80,80,80,80,80,74,74,74,74,74,74,74,74,74,74,74],"card_choices":[{"not_picked":["Heavy Blade","Perfected Strike"],"picked":"Battle Trance","floor":1},{"not_picked":["Corruption","Wild Strike"],"picked":"Body Slam","floor":2},{"not_picked":["Armaments","Entrench"],"picked":"Clash","floor":3},{"not_picked":["Havoc","Double Tap"],"picked":"Disarm","floor":4},{"not_picked":["Fire Breathing","Power Through"],"picked":"Flame Barrier","floor":5},{"not_picked":["Flex","Iron Wave"],"picked":"Anger","floor":7},{"not_picked":["True Grit","Cleave"],"picked":"Offering","floor":10},{"not_picked":["Searing Blow","Combust","Flame Barrier"],"picked":"SKIP","floor":11},{"not_picked":["Sentinel","Iron Wave"],"picked":"Seeing Red","floor":14}],"player_experience":229926,"relics_obtained":[{"floor":7,"key":"Sundial"},{"floor":9,"key":"Magic Flower"},{"floor":10,"key":"Unceasing Top"}],"event_choices":[{"damage_healed":0,"gold_gain":0,"player_choice":"Lose Max HP","damage_taken":0,"relics_obtained":["Golden Idol"],"max_hp_gain":0,"max_hp_loss":6,"event_name":"Golden Idol","floor":6,"gold_loss":0}],"is_beta":false,"boss_relics":[],"items_purged_floors":[13],"is_endless":false,"potions_floor_spawned":[1,7,10],"killed_by":"Slime Boss","ascension_level":4}