{"path_per_floor":["M","M","M","$","?","R","E","R","T","E","M","E","?","M","R","B",null,"M","M","T","M","$","R","E","R","T","?","M","M","M","M","R","B",null,"M","?","M","M","?","R","$","M","T","E","$","M","?","M","R","B"],"character_chosen":"DEFECT","items_purchased":["DataDisk","Shuriken","Vajra"],"gold_per_floor":[112,128,147,72,72,72,113,113,113,144,164,195,195,216,216,340,340,355,369,394,410,10,10,48,48,72,72,84,96,109,119,119,214,214,228,228,242,257,257,257,4,19,19,53,53,68,417,429,429,429],"floor_reached":51,"campfire_rested":1,"playtime":2649,"item_purchase_floors":[22,22,41],"current_hp_per_floor":[74,70,70,70,52,52,49,49,49,31,28,6,6,6,28,28,75,56,56,56,49,49,49,60,60,67,67,70,72,76,81,81,70,82,82,82,82,78,69,82,82,78,78,81,81,82,62,67,82,82],"items_purged":["Strike_B","Defend_B"],"gold":429,"score":1171,"play_id":"1d9ebdb9-75c4-4e11-b45a-53d140240667","local_time":"20180619180253","is_prod":false,"is_daily":false,"chose_seed":false,"is_ascension_mode":true,"campfire_upgraded":7,"win_rate":0,"timestamp":1529452973,"campfire_choices":[{"data":"Zap","floor":6,"key":"SMITH"},{"data":"Tempest","floor":8,"key":"SMITH"},{"floor":15,"key":"REST"},{"data":"Hologram","floor":23,"key":"SMITH"},{"data":"Thunder Strike","floor":25,"key":"SMITH"},{"data":"Redo","floor":32,"key":"SMITH"},{"data":"Turbo","floor":40,"key":"SMITH"},{"data":"Tempest","floor":49,"key":"SMITH"}],"path_taken":["M","M","?","$","?","R","E","R","T","E","M","E","?","M","R","BOSS","M","?","?","M","$","R","E","R","T","?","M","M","M","M","R","BOSS","M","?","?","M","?","R","?","?","T","E","$","M","?","M","R","BOSS"],"build_version":"2018-06-18","seed_source_timestamp":508555798133194,"purchased_purges":2,"circlet_count":0,"victory":true,"master_deck":["Defend_B","Defend_B","Defend_B","Zap+1","Dualcast","Conserve Battery","Gash","Tempest+1","Conserve Battery","Echo Form+1","Hologram+1","Leap","BootSequence","Lockon","Electrodynamics","Stack+1","Reprogram+1","Cold Snap+1","Ball Lightning+1","Gash","Tempest+1","Gash+1","Thunder Strike+1","Go for the Eyes+1","All For One","Redo+1","Scrape","Gash","Redo+1","Gash","Steam","Tempest+1","All For One","Turbo+1","Hologram+1","Scrape+1","Go for the Eyes+1","Scrape+1","Hologram+1","Gash+1","Gash+1"],"max_hp_per_floor":[75,75,75,75,75,75,75,75,75,75,75,75,75,75,75,75,75,75,75,75,75,75,75,75,75,82,82,82,82,82,82,82,82,82,82,82,82,82,82,82,82,82,82,82,82,82,82,82,82,82],"relics":["Cracked Core","Bloody Idol","Sundial","Prayer Wheel","Omamori","Oddly Smooth Stone","Astrolabe","Orichalcum","DataDisk","Shuriken","Regal Pillow","Strawberry","Eternal Feather","Ginger","Vajra","Pen Nib","Turnip","Old Coin"],"card_choices":[{"not_picked":["Melter","Streamline"],"picked":"Conserve Battery","floor":1},{"not_picked":["Streamline","Scrape"],"picked":"Gash","floor":2},{"not_picked":["Stack","Force Field"],"picked":"Tempest","floor":3},{"not_picked":["Recycle","Static Discharge"],"picked":"Conserve Battery","floor":7},{"not_picked":["Compile Driver","Ball Lightning"],"picked":"Echo Form","floor":10},{"not_picked":["Rip and Tear","Leap"],"picked":"Hologram","floor":11},{"not_picked":["Coolheaded","Barrage","Turbo"],"picked":"SKIP","floor":11},{"not_picked":["Lockon","Loop"],"picked":"Leap","floor":12},{"not_picked":["Barrage","Stack"],"picked":"BootSequence","floor":14},{"not_picked":["Leap","Redo"],"picked":"Lockon","floor":14},{"not_picked":["Meteor Strike","Echo Form"],"picked":"Electrodynamics","floor":16},{"not_picked":["Lockon+1","Conserve Battery"],"picked":"Ball Lightning+1","floor":18},{"not_picked":["FTL+1","Skim"],"picked":"Gash","floor":18},{"not_picked":["Scrape+1","Steam"],"picked":"Tempest+1","floor":19},{"not_picked":["Redo+1","Cold Snap"],"picked":"Gash+1","floor":19},{"not_picked":["Compile Driver","Undo"],"picked":"Thunder Strike","floor":21},{"not_picked":["Darkness","Barrage+1","Rip and Tear"],"picked":"SKIP","floor":21},{"not_picked":["Leap+1","Compile Driver"],"picked":"Go for the Eyes+1","floor":24},{"not_picked":["Consume","Go for the Eyes"],"picked":"All For One","floor":28},{"not_picked":["Rebound","Streamline"],"picked":"Redo","floor":28},{"not_picked":["Heatsinks+1","Stack"],"picked":"Scrape","floor":29},{"not_picked":["Steam","Auto Shields+1"],"picked":"Gash","floor":29},{"not_picked":["Ball Lightning","Streamline"],"picked":"Redo+1","floor":30},{"not_picked":["Rebound","Tempest+1"],"picked":"Gash","floor":30},{"not_picked":["Barrage","Heatsinks"],"picked":"Steam","floor":31},{"not_picked":["Self Repair","Sweeping Beam+1"],"picked":"Tempest","floor":31},{"not_picked":["Buffer","Echo Form"],"picked":"All For One","floor":33},{"not_picked":["Reprogram+1","Chaos"],"picked":"Turbo","floor":35},{"not_picked":["Compile Driver","Storm","Static Discharge"],"picked":"SKIP","floor":35},{"not_picked":["Force Field+1","Sweeping Beam"],"picked":"Hologram+1","floor":37},{"not_picked":["Leap+1","Static Discharge"],"picked":"Scrape+1","floor":37},{"not_picked":["Cold Snap","Compile Driver+1"],"picked":"Go for the Eyes+1","floor":38},{"not_picked":["Darkness","Auto Shields+1"],"picked":"Scrape+1","floor":38},{"not_picked":["Genetic Algorithm","Reinforced Body"],"picked":"Hologram+1","floor":42},{"not_picked":["Doom and Gloom+1","Rebound","Ball Lightning"],"picked":"SKIP","floor":42},{"not_picked":["Stack","Reinforced Body","Chaos"],"picked":"SKIP","floor":44},{"not_picked":["Ball Lightning","Leap"],"picked":"Gash+1","floor":46},{"not_picked":["Cold Snap+1","Loop"],"picked":"Gash+1","floor":46},{"not_picked":["Multi-Cast","Streamline","Sweeping Beam"],"picked":"SKIP","floor":48},{"not_picked":["Blizzard+1","Barrage+1","Static Discharge"],"picked":"SKIP","floor":48}],"player_experience":708183,"potions_floor_usage":[7,19,24,30,33,39,50,50],"damage_taken":[{"damage":1,"enemies":"Cultist","floor":1,"turns":4},{"damage":4,"enemies":"Jaw Worm","floor":2,"turns":5},{"damage":0,"enemies":"Small Slimes","floor":3,"turns":2},{"damage":3,"enemies":"3 Sentries","floor":7,"turns":6},{"damage":18,"enemies":"Gremlin Nob","floor":10,"turns":4},{"damage":3,"enemies":"Looter","floor":11,"turns":3},{"damage":22,"enemies":"3 Sentries","floor":12,"turns":8},{"damage":0,"enemies":"Red Slaver","floor":14,"turns":3},{"damage":0,"enemies":"The Guardian","floor":16,"turns":9},{"damage":19,"enemies":"Chosen","floor":18,"turns":6},{"damage":0,"enemies":"Spheric Guardian","floor":19,"turns":4},{"damage":7,"enemies":"Snecko","floor":21,"turns":5},{"damage":1,"enemies":"Book of Stabbing","floor":24,"turns":4},{"damage":2,"enemies":"Snake Plant","floor":28,"turns":3},{"damage":3,"enemies":"Centurion and Healer","floor":29,"turns":5},{"damage":1,"enemies":"Slaver and Parasite","floor":30,"turns":5},{"damage":0,"enemies":"Sentry and Sphere","floor":31,"turns":3},{"damage":16,"enemies":"Champ","floor":33,"turns":7},{"damage":0,"enemies":"Orb Walker","floor":35,"turns":3},{"damage":1,"enemies":"Flame Bruiser 1 Orb","floor":37,"turns":4},{"damage":9,"enemies":"4 Shapes","floor":38,"turns":2},{"damage":9,"floor":39,"turns":4},{"damage":9,"enemies":"Maw","floor":42,"turns":6},{"damage":2,"enemies":"Giant Head","floor":44,"turns":5},{"damage":0,"enemies":"Flame Bruiser 2 Orb","floor":46,"turns":3},{"damage":30,"floor":47,"turns":4},{"damage":0,"enemies":"Sphere and 2 Shapes","floor":48,"turns":3},{"damage":0,"enemies":"Donu and Deca","floor":50,"turns":3}],"relics_obtained":[{"floor":7,"key":"Sundial"},{"floor":9,"key":"Prayer Wheel"},{"floor":10,"key":"Omamori"},{"floor":12,"key":"Oddly Smooth Stone"},{"floor":20,"key":"Orichalcum"},{"floor":24,"key":"Regal Pillow"},{"floor":26,"key":"Strawberry"},{"floor":39,"key":"Ginger"},{"floor":43,"key":"Pen Nib"},{"floor":44,"key":"Turnip"},{"floor":47,"key":"Old Coin"}],"event_choices":[{"event_name":"Golden Idol","player_choice":"Take Damage","floor":5,"damage_taken":0},{"event_name":"Accursed Blacksmith","player_choice":"Forge","floor":13,"damage_taken":0},{"event_name":"Forgotten Altar","player_choice":"Gave Idol","floor":27,"damage_taken":0},{"event_name":"SecretPortal","player_choice":"Rejected Portal.","floor":36,"damage_taken":0},{"event_name":"MindBloom","player_choice":"Fight","floor":39,"damage_taken":0},{"event_name":"Mysterious Sphere","player_choice":"Fight","floor":47,"damage_taken":0}],"boss_relics":[{"not_picked":["Lizard Tail","Empty Cage"],"picked":"Astrolabe"},{"not_picked":["Pandora\u0027s Box","Calling Bell"],"picked":"Eternal Feather"}],"items_purged_floors":[4,41],"is_endless":false,"potions_floor_spawned":[2,7,10,11,16,18,29,31,38,39,42,44,48],"seed_played":"-5038949527365864387","ascension_level":1,"potions_obtained":[{"floor":2,"key":"Dexterity Potion"},{"floor":7,"key":"SpeedPotion"},{"floor":10,"key":"FearPotion"},{"floor":11,"key":"FearPotion"},{"floor":18,"key":"Regen Potion"},{"floor":29,"key":"SkillPotion"},{"floor":31,"key":"Block Potion"},{"floor":38,"key":"Energy Potion"},{"floor":39,"key":"FocusPotion"},{"floor":42,"key":"Fire Potion"}],"is_trial":false}