{"gold_per_floor":[116,191,34,34,34,34,61,61,61,77,103,103,133,133,133,208,208,222,240,19,19,19],"floor_reached":22,"playtime":574,"items_purged":["Strike_G"],"score":394,"play_id":"3c02e906-c37e-490e-974f-78ecc4840c2c","local_time":"20180830221530","is_ascension_mode":true,"campfire_choices":[{"data":"Neutralize","floor":6,"key":"SMITH"},{"data":"Caltrops","floor":8,"key":"SMITH"},{"data":"Survivor","floor":12,"key":"SMITH"},{"data":"Flying Knee","floor":15,"key":"SMITH"}],"neow_cost":"NONE","seed_source_timestamp":1378703344095039,"circlet_count":0,"master_deck":["Defend_G","Defend_G","Defend_G","Defend_G","Defend_G","Strike_G","Strike_G","Strike_G","Strike_G","Survivor+1","Neutralize+1","AscendersBane","Predator+1","Caltrops+1","Caltrops+1","Flying Knee+1","After Image","Distraction+1","Dash+1"],"relics":["Ring of the Serpent","NeowsBlessing","Omamori","Pear","Vajra","Dream Catcher","Toolbox","Enchiridion"],"potions_floor_usage":[13,16,19],"damage_taken":[{"damage":0,"enemies":"2 Louse","floor":1,"turns":1},{"damage":0,"enemies":"3 Sentries","floor":7,"turns":1},{"damage":0,"enemies":"Small Slimes","floor":10,"turns":1},{"damage":12,"enemies":"Gremlin Nob","floor":13,"turns":4},{"damage":1,"enemies":"The Guardian","floor":16,"turns":10},{"damage":24,"enemies":"Spheric Guardian","floor":18,"turns":6},{"damage":15,"enemies":"Chosen","floor":19,"turns":5},{"damage":8,"enemies":"3 Cultists","floor":22,"turns":2}],"seed_played":"5018147347608304777","potions_obtained":[{"floor":1,"key":"Poison Potion"},{"floor":7,"key":"EssenceOfSteel"},{"floor":18,"key":"Strength Potion"}],"is_trial":false,"path_per_floor":["M","?","$","?","$","R","E","R","T","M","T","R","E","?","R","B",null,"M","M","$","?"],"character_chosen":"THE_SILENT","items_purchased":["Caltrops","Toolbox"],"campfire_rested":0,"item_purchase_floors":[3,20],"current_hp_per_floor":[59,48,48,48,48,48,48,48,58,58,58,58,46,46,46,45,68,44,29,29,8,0],"gold":19,"neow_bonus":"THREE_ENEMY_KILL","is_prod":false,"is_daily":false,"chose_seed":false,"campfire_upgraded":4,"win_rate":0,"timestamp":1535688930,"path_taken":["M","?","$","?","$","R","E","R","T","M","?","R","E","?","R","BOSS","M","M","$","?","M"],"build_version":"2018-08-30","purchased_purges":1,"victory":false,"max_hp_per_floor":[66,66,66,66,66,66,66,66,76,76,76,76,76,76,76,76,76,76,76,76,76,76],"card_choices":[{"not_picked":["Escape Plan","Dagger Throw"],"picked":"Predator","floor":1},{"not_picked":["Prepared","Well Laid Plans"],"picked":"Caltrops","floor":7},{"not_picked":["Quick Slash","Bane"],"picked":"Flying Knee","floor":10},{"not_picked":["Distraction","Concentrate","Deadly Poison"],"picked":"SKIP","floor":13},{"not_picked":["A Thousand Cuts","Storm of Steel"],"picked":"After Image","floor":16},{"not_picked":["Dagger Throw","Flying Knee"],"picked":"Distraction+1","floor":18},{"not_picked":["Quick Slash","Bane"],"picked":"Dash+1","floor":19}],"player_experience":1007574,"relics_obtained":[{"floor":7,"key":"Omamori"},{"floor":9,"key":"Pear"},{"floor":11,"key":"Vajra"},{"floor":13,"key":"Dream Catcher"},{"floor":21,"key":"Enchiridion"}],"event_choices":[{"event_name":"World of Goop","player_choice":"Gather Gold","floor":2,"damage_taken":0},{"event_name":"Accursed Blacksmith","player_choice":"Forge","floor":4,"damage_taken":0},{"event_name":"Upgrade Shrine","player_choice":"Upgraded","floor":14,"damage_taken":0},{"event_name":"Cursed Tome","player_choice":"Obtained Book","floor":21,"damage_taken":0}],"is_beta":true,"boss_relics":[{"not_picked":["Fusion Hammer","Lizard Tail"],"picked":"Ring of the Serpent"}],"items_purged_floors":[3],"is_endless":false,"potions_floor_spawned":[1,7,18],"killed_by":"3 Cultists","ascension_level":17}