{"gold_per_floor":[111,130,130,148,165,165,181,214,265,284,300,300,300,310,310,413,413,428,438,452,73,92,92,112,138,138,138,138,63,12,41,41,140,140,153,165,165,184,133,153,153,170,194,0,16,35,35,70,70,70],"floor_reached":50,"playtime":3051,"items_purged":["Strike_G"],"score":803,"play_id":"9fd44bd9-67f1-494b-ad34-b683ae60780e","local_time":"20190215113632","is_ascension_mode":true,"campfire_choices":[{"data":"Neutralize","floor":6,"key":"SMITH"},{"floor":13,"key":"REST"},{"data":"Malaise","floor":15,"key":"SMITH"},{"data":"Glass Knife","floor":23,"key":"SMITH"},{"floor":28,"key":"REST"},{"floor":32,"key":"REST"},{"data":"Footwork","floor":41,"key":"SMITH"},{"data":"Catalyst","floor":49,"key":"SMITH"}],"neow_cost":"NONE","seed_source_timestamp":13678259128968,"circlet_count":0,"master_deck":["Defend_G","Defend_G","Defend_G+1","Defend_G","Defend_G","Survivor","Neutralize+1","Slice","Backflip+1","Choke","Malaise+1","Endless Agony","Dagger Spray","Cloak And Dagger","Backstab","Backstab","Glass Knife+1","PiercingWail","Deflect","Sucker Punch","Noxious Fumes+1","Malaise","PiercingWail","Cloak And Dagger+1","Catalyst+1","Bite","Bite","Bite","Bite","Deflect","Predator","Glass Knife","Blur+1","Dagger Spray+1","Footwork+1","Deflect","Leg Sweep","Slice+1","Deflect+1","Parasite","Backflip","Backstab+1"],"relics":["Ring of the Snake","Lantern","Philosopher\u0027s Stone","Oddly Smooth Stone","Gremlin Horn","Blue Candle","War Paint","WristBlade","Dream Catcher","Red Mask","Tingsha"],"potions_floor_usage":[7,8,16,33,46,50,50,50],"damage_taken":[{"damage":1,"enemies":"Cultist","floor":1,"turns":5},{"damage":0,"enemies":"2 Louse","floor":2,"turns":4},{"damage":3,"enemies":"Small Slimes","floor":4,"turns":4},{"damage":2,"enemies":"Looter","floor":5,"turns":4},{"damage":8,"enemies":"Gremlin Gang","floor":7,"turns":8},{"damage":44,"enemies":"Lagavulin","floor":8,"turns":9},{"damage":0,"enemies":"Exordium Wildlife","floor":10,"turns":3},{"damage":0,"enemies":"Large Slime","floor":11,"turns":5},{"damage":0,"enemies":"Lots of Slimes","floor":14,"turns":2},{"damage":35,"enemies":"Hexaghost","floor":16,"turns":18},{"damage":3,"enemies":"Shell Parasite","floor":18,"turns":6},{"damage":0,"enemies":"3 Byrds","floor":19,"turns":4},{"damage":32,"enemies":"3 Cultists","floor":20,"turns":7},{"damage":6,"enemies":"Centurion and Healer","floor":22,"turns":7},{"damage":0,"enemies":"Snake Plant","floor":24,"turns":7},{"damage":15,"enemies":"Slavers","floor":25,"turns":9},{"damage":2,"enemies":"Gremlin Leader","floor":31,"turns":8},{"damage":75,"enemies":"Collector","floor":33,"turns":14},{"damage":0,"enemies":"3 Shapes","floor":35,"turns":8},{"damage":0,"enemies":"Orb Walker","floor":36,"turns":3},{"damage":10,"enemies":"Jaw Worm Horde","floor":38,"turns":5},{"damage":39,"enemies":"Spire Growth","floor":40,"turns":7},{"damage":0,"enemies":"Sphere and 2 Shapes","floor":42,"turns":5},{"damage":23,"enemies":"Transient","floor":45,"turns":5},{"damage":10,"enemies":"Writhing Mass","floor":46,"turns":12},{"damage":8,"enemies":"Reptomancer","floor":48,"turns":8},{"damage":84,"enemies":"Time Eater","floor":50,"turns":18}],"seed_played":"-1563089614862354837","potions_obtained":[{"floor":4,"key":"Energy Potion"},{"floor":5,"key":"Block Potion"},{"floor":8,"key":"GamblersBrew"},{"floor":10,"key":"Explosive Potion"},{"floor":11,"key":"AttackPotion"},{"floor":16,"key":"EssenceOfSteel"},{"floor":33,"key":"Swift Potion"},{"floor":36,"key":"Energy Potion"},{"floor":42,"key":"Ancient Potion"},{"floor":46,"key":"Dexterity Potion"}],"is_trial":false,"path_per_floor":["M","M","$","M","M","R","M","E","T","M","M","?","R","M","R","B",null,"M","M","M","$","M","R","M","E","T","?","R","?","$","E","R","B",null,"M","M","?","M","$","M","R","M","T","?","M","M","?","E","R","B"],"character_chosen":"THE_SILENT","items_purchased":["Noxious Fumes","Oddly Smooth Stone","Malaise","Deflect","Deflect"],"campfire_rested":3,"item_purchase_floors":[21,21,21,30,39],"current_hp_per_floor":[69,69,69,66,64,64,56,12,12,14,16,16,39,41,41,8,60,59,61,31,31,27,27,29,16,16,16,39,39,39,53,76,20,63,69,71,71,69,69,38,38,40,40,40,23,29,67,67,67,0],"gold":70,"neow_bonus":"TEN_PERCENT_HP_BONUS","is_prod":false,"is_daily":false,"chose_seed":false,"campfire_upgraded":5,"win_rate":0,"timestamp":1550237792,"path_taken":["M","M","$","M","M","R","M","E","T","?","M","?","R","M","R","BOSS","M","M","M","$","M","R","M","E","T","?","R","?","$","E","R","BOSS","M","M","?","M","$","M","R","?","T","?","M","M","?","E","R","BOSS"],"build_version":"2019-01-23","purchased_purges":1,"victory":false,"max_hp_per_floor":[77,77,77,77,77,77,77,77,77,77,77,77,77,77,77,77,77,77,77,77,77,77,77,77,77,77,77,77,77,77,77,77,77,77,77,77,77,77,77,77,77,77,77,77,77,77,67,67,67,67],"card_choices":[{"not_picked":["Poisoned Stab","Prepared"],"picked":"Slice","floor":1},{"not_picked":["Slice","PiercingWail"],"picked":"Backflip","floor":2},{"not_picked":["Escape Plan","Bane"],"picked":"Choke","floor":4},{"not_picked":["Finisher","Infinite Blades"],"picked":"Malaise","floor":5},{"not_picked":["Bane","Acrobatics"],"picked":"Endless Agony","floor":7},{"not_picked":["Flying Knee","Bane"],"picked":"Dagger Spray","floor":8},{"not_picked":["Reflex","Eviscerate"],"picked":"Cloak And Dagger","floor":10},{"not_picked":["Escape Plan","Backflip"],"picked":"Backstab","floor":11},{"not_picked":["Distraction","Underhanded Strike"],"picked":"Backstab","floor":14},{"not_picked":["Bullet Time","Tools of the Trade"],"picked":"Glass Knife","floor":16},{"not_picked":["Infinite Blades","Deadly Poison+1"],"picked":"PiercingWail","floor":18},{"not_picked":["Masterful Stab","Riddle With Holes"],"picked":"Deflect","floor":19},{"not_picked":["Skewer","Reflex"],"picked":"Sucker Punch","floor":20},{"not_picked":["Sucker Punch","Tactician+1"],"picked":"PiercingWail","floor":22},{"not_picked":["Underhanded Strike","Bane"],"picked":"Cloak And Dagger+1","floor":24},{"not_picked":["Finisher","Outmaneuver"],"picked":"Catalyst","floor":25},{"not_picked":["Flechettes+1","Poisoned Stab"],"picked":"Predator","floor":31},{"not_picked":["Tools of the Trade","Storm of Steel"],"picked":"Glass Knife","floor":33},{"not_picked":["Prepared","Setup+1"],"picked":"Blur+1","floor":35},{"not_picked":["Endless Agony","Underhanded Strike+1"],"picked":"Dagger Spray+1","floor":36},{"not_picked":["Eviscerate","Finisher"],"picked":"Footwork","floor":38},{"not_picked":["Well Laid Plans","Backflip+1"],"picked":"Leg Sweep","floor":40},{"not_picked":["Bouncing Flask","Bane"],"picked":"Slice+1","floor":42},{"not_picked":["Slice","Blade Dance+1"],"picked":"Deflect+1","floor":45},{"not_picked":["Unload","Heel Hook+1"],"picked":"Backflip","floor":46},{"not_picked":["Infinite Blades+1","Choke+1"],"picked":"Backstab+1","floor":48}],"player_experience":329625,"relics_obtained":[{"floor":8,"key":"Blood Vial"},{"floor":9,"key":"Lantern"},{"floor":25,"key":"Gremlin Horn"},{"floor":26,"key":"Blue Candle"},{"floor":31,"key":"War Paint"},{"floor":43,"key":"Dream Catcher"},{"floor":48,"key":"Tingsha"}],"event_choices":[{"cards_removed":["Strike_G"],"damage_healed":0,"gold_gain":0,"player_choice":"Offered Basic","damage_taken":0,"max_hp_gain":0,"max_hp_loss":0,"event_name":"Bonfire Elementals","floor":12,"gold_loss":0},{"damage_healed":0,"gold_gain":0,"player_choice":"Became a vampire (Vial)","damage_taken":0,"max_hp_gain":0,"max_hp_loss":0,"event_name":"Vampires","floor":27,"relics_lost":["Blood Vial"],"gold_loss":0,"cards_obtained":["Bite","Bite","Bite","Bite","Bite"]},{"cards_removed":["Bite"],"damage_healed":0,"gold_gain":0,"player_choice":"Gave Gold","damage_taken":0,"max_hp_gain":0,"max_hp_loss":0,"event_name":"Beggar","floor":29,"gold_loss":75},{"damage_healed":0,"gold_gain":0,"player_choice":"Upgraded","damage_taken":0,"max_hp_gain":0,"max_hp_loss":0,"event_name":"Upgrade Shrine","floor":37,"gold_loss":0,"cards_upgraded":["Noxious Fumes"]},{"damage_healed":0,"gold_gain":0,"player_choice":"Paid","damage_taken":0,"relics_obtained":["Red Mask"],"max_hp_gain":0,"max_hp_loss":0,"event_name":"Tomb of Lord Red Mask","floor":44,"gold_loss":194},{"damage_healed":67,"gold_gain":0,"player_choice":"Heal","damage_taken":0,"max_hp_gain":0,"max_hp_loss":10,"event_name":"The Moai Head","floor":47,"gold_loss":0}],"is_beta":false,"boss_relics":[{"not_picked":["Ring of the Serpent","HoveringKite"],"picked":"Philosopher\u0027s Stone"},{"not_picked":["Runic Dome","Eternal Feather"],"picked":"WristBlade"}],"items_purged_floors":[21],"is_endless":false,"potions_floor_spawned":[4,5,8,10,11,16,19,25,33,36,38,40,42,46],"killed_by":"Time Eater","ascension_level":8}