{"gold_per_floor":[111,122,122,133,13,38,38,70,70,70,82,98,114,124,124,227,227,238,238,254,254,285,285,298,298,298,126,141,171,86,104,104,202,202,220,42,42,42,62,62,94,94],"floor_reached":42,"playtime":1640,"items_purged":["Strike_B","Regret","Undo"],"score":458,"play_id":"f9be1e93-b009-40ff-9d2f-c4aa4c1dcc9f","local_time":"20190131191845","is_ascension_mode":false,"campfire_choices":[{"data":"Go for the Eyes","floor":7,"key":"SMITH"},{"data":"Zap","floor":10,"key":"SMITH"},{"data":"Ball Lightning","floor":15,"key":"SMITH"},{"data":"Leap","floor":23,"key":"SMITH"},{"data":"Conserve Battery","floor":25,"key":"SMITH"},{"floor":32,"key":"REST"},{"data":"Streamline","floor":40,"key":"SMITH"}],"neow_cost":"NONE","seed_source_timestamp":85301921169389,"circlet_count":0,"master_deck":["Strike_B","Strike_B","Defend_B","Defend_B","Defend_B","Defend_B","Zap+1","Dualcast","Leap+1","Conserve Battery+1","Ball Lightning+1","Go for the Eyes+1","Leap+1","Cold Snap+1","Conserve Battery+1","Streamline+1","Leap","Ball Lightning","Gash+1","Gash+1","Rebound","Ball Lightning+1"],"relics":["Cracked Core","Bag of Preparation","War Paint","Nunchaku","Gremlin Horn","Cursed Key","Mummified Hand","Red Mask","Singing Bowl","Happy Flower","Nuclear Battery","Juzu Bracelet"],"potions_floor_usage":[6,8,16,22,29,33,33,33],"damage_taken":[{"damage":1,"enemies":"Jaw Worm","floor":1,"turns":4},{"damage":1,"enemies":"Cultist","floor":2,"turns":3},{"damage":1,"enemies":"2 Louse","floor":4,"turns":3},{"damage":15,"enemies":"3 Sentries","floor":6,"turns":7},{"damage":4,"enemies":"Gremlin Nob","floor":8,"turns":4},{"damage":1,"enemies":"Red Slaver","floor":11,"turns":3},{"damage":6,"enemies":"Exordium Thugs","floor":12,"turns":4},{"damage":0,"enemies":"Looter","floor":13,"turns":3},{"damage":0,"enemies":"Exordium Wildlife","floor":14,"turns":3},{"damage":14,"enemies":"Slime Boss","floor":16,"turns":13},{"damage":0,"enemies":"Chosen","floor":18,"turns":5},{"damage":0,"enemies":"2 Thieves","floor":20,"turns":5},{"damage":20,"enemies":"Masked Bandits","floor":22,"turns":4},{"damage":15,"enemies":"Centurion and Healer","floor":24,"turns":12},{"damage":6,"enemies":"Chosen and Byrds","floor":28,"turns":6},{"damage":10,"enemies":"Gremlin Leader","floor":29,"turns":7},{"damage":7,"enemies":"Snake Plant","floor":31,"turns":5},{"damage":28,"enemies":"Automaton","floor":33,"turns":12},{"damage":7,"enemies":"3 Darklings","floor":35,"turns":9},{"damage":0,"enemies":"3 Shapes","floor":39,"turns":3},{"damage":50,"enemies":"Nemesis","floor":41,"turns":9},{"damage":38,"enemies":"Transient","floor":42,"turns":5}],"seed_played":"-6811956154364552928","potions_obtained":[{"floor":1,"key":"Swift Potion"},{"floor":2,"key":"Poison Potion"},{"floor":4,"key":"Dexterity Potion"},{"floor":13,"key":"Strength Potion"},{"floor":18,"key":"AttackPotion"},{"floor":24,"key":"SteroidPotion"},{"floor":28,"key":"Strength Potion"},{"floor":31,"key":"Swift Potion"},{"floor":39,"key":"SteroidPotion"}],"is_trial":false,"path_per_floor":["M","M","?","M","$","E","R","E","T","R","M","M","M","M","R","B",null,"M","?","M","T","?","R","M","R","T","$","M","E","?","M","R","B",null,"M","$","?","T","M","R","E","M"],"character_chosen":"DEFECT","items_purchased":["Go for the Eyes","Streamline","Leap","Rebound"],"campfire_rested":1,"item_purchase_floors":[5,27,27,36],"current_hp_per_floor":[74,73,73,72,72,57,57,53,53,53,52,46,46,46,46,32,75,75,75,75,75,55,55,40,40,40,40,34,26,26,19,42,16,79,72,72,72,72,72,72,24,0],"gold":94,"neow_bonus":"RANDOM_COMMON_RELIC","is_prod":false,"is_daily":false,"chose_seed":false,"campfire_upgraded":6,"win_rate":0,"timestamp":1548987525,"path_taken":["M","M","?","M","$","E","R","E","T","R","M","M","M","?","R","BOSS","M","?","?","?","?","R","?","R","T","$","M","E","?","M","R","BOSS","M","$","?","?","M","R","E","M"],"build_version":"2019-01-23","purchased_purges":3,"victory":false,"max_hp_per_floor":[75,75,75,75,75,75,75,75,75,75,75,75,75,75,75,75,75,75,75,75,75,75,75,75,75,75,75,75,77,77,77,77,79,79,79,79,75,75,75,75,77,77],"card_choices":[{"not_picked":["Fusion","Consume"],"picked":"Leap","floor":1},{"not_picked":["Steam","Genetic Algorithm"],"picked":"Conserve Battery","floor":2},{"not_picked":["Skim","Beam Cell"],"picked":"Ball Lightning","floor":4},{"not_picked":["Redo","Auto Shields"],"picked":"Undo","floor":6},{"not_picked":["Beam Cell","Heatsinks","Redo"],"picked":"SKIP","floor":8},{"not_picked":["Turbo","Doom and Gloom","Auto Shields"],"picked":"SKIP","floor":11},{"not_picked":["Beam Cell","FTL","Scrape"],"picked":"SKIP","floor":12},{"not_picked":["Self Repair","Double Energy"],"picked":"Leap","floor":13},{"not_picked":["Beam Cell","Chaos","Recycle"],"picked":"SKIP","floor":14},{"not_picked":["Barrage","Turbo+1"],"picked":"Cold Snap","floor":18},{"not_picked":["Force Field","Melter","Recycle+1"],"picked":"SKIP","floor":20},{"not_picked":["Force Field","Melter","Recycle+1"],"picked":"SKIP","floor":20},{"not_picked":["Coolheaded","Self Repair"],"picked":"Conserve Battery","floor":24},{"not_picked":["Heatsinks+1","Turbo"],"picked":"Ball Lightning","floor":28},{"not_picked":["Rebound","Tempest","Darkness"],"picked":"Singing Bowl","floor":29},{"not_picked":["Redo+1","Turbo"],"picked":"Gash+1","floor":31},{"not_picked":["Machine Learning","Reboot","Thunder Strike"],"picked":"Singing Bowl","floor":33},{"not_picked":["Compile Driver+1","Go for the Eyes+1"],"picked":"Gash+1","floor":35},{"not_picked":["Hologram","Rebound+1"],"picked":"Ball Lightning+1","floor":39},{"not_picked":["Turbo","Go for the Eyes","Beam Cell+1"],"picked":"Singing Bowl","floor":41}],"player_experience":1282134,"relics_obtained":[{"floor":6,"key":"War Paint"},{"floor":8,"key":"Nunchaku"},{"floor":9,"key":"Gremlin Horn"},{"floor":21,"key":"Mummified Hand"},{"floor":22,"key":"Red Mask"},{"floor":29,"key":"Singing Bowl"},{"floor":41,"key":"Juzu Bracelet"}],"event_choices":[{"cards_removed":["Strike_B"],"damage_healed":0,"gold_gain":0,"player_choice":"Offered Basic","damage_taken":0,"max_hp_gain":0,"max_hp_loss":0,"event_name":"Bonfire Elementals","floor":3,"gold_loss":0},{"damage_healed":0,"gold_gain":0,"player_choice":"Forge","damage_taken":0,"max_hp_gain":0,"max_hp_loss":0,"event_name":"Accursed Blacksmith","floor":19,"gold_loss":0,"cards_upgraded":["Cold Snap"]},{"damage_healed":0,"gold_gain":0,"player_choice":"Fought Bandits","damage_taken":0,"max_hp_gain":0,"max_hp_loss":0,"event_name":"Masked Bandits","floor":22,"gold_loss":0},{"damage_healed":0,"gold_gain":0,"player_choice":"Obtained Relic","damage_taken":0,"relics_obtained":["Happy Flower"],"max_hp_gain":0,"max_hp_loss":0,"event_name":"Addict","floor":30,"gold_loss":85},{"damage_healed":0,"gold_gain":0,"player_choice":"Max HP","damage_taken":0,"max_hp_gain":0,"max_hp_loss":4,"event_name":"Winding Halls","floor":37,"gold_loss":0}],"is_beta":true,"boss_relics":[{"not_picked":["Pandora\u0027s Box","Velvet Choker"],"picked":"Cursed Key"},{"not_picked":["Astrolabe","Runic Dome"],"picked":"Nuclear Battery"}],"items_purged_floors":[5,27,36],"is_endless":false,"potions_floor_spawned":[1,2,4,13,18,24,28,31,39],"killed_by":"Transient","ascension_level":0}