{"gold_per_floor":[112,129,149,149,169,198,198,233,259,284,284,300,312,14,14,116,116,132,150,15,15,32,32,32,52,52,252,266,266,338,354,354,459,459,473,492,508,522,522,522,547,559,559,559,593,103,103,117,117,117],"floor_reached":51,"playtime":2486,"items_purged":["Strike_G","Strike_G","Strike_G"],"score":971,"play_id":"4b49f23c-751b-4322-ab02-407a0534065e","local_time":"20180806084535","is_ascension_mode":true,"campfire_choices":[{"data":"Predator","floor":7,"key":"SMITH"},{"data":"Survivor","floor":11,"key":"SMITH"},{"data":"Neutralize","floor":15,"key":"SMITH"},{"data":"A Thousand Cuts","floor":23,"key":"SMITH"},{"data":"Caltrops","floor":29,"key":"SMITH"},{"data":"Caltrops","floor":32,"key":"SMITH"},{"data":"Glass Knife","floor":40,"key":"SMITH"},{"data":"Phantasmal Killer","floor":44,"key":"SMITH"},{"data":"Backflip","floor":49,"key":"SMITH"}],"neow_cost":"NONE","seed_source_timestamp":1031359636708093,"circlet_count":0,"master_deck":["Defend_G","Defend_G","Defend_G","Defend_G","Defend_G","Strike_G","Survivor+1","Neutralize+1","Predator+1","Dagger Throw","PiercingWail","Neutralize+1","Predator","Slice","Deflect","Backflip","Dagger Throw","Terror","Well Laid Plans","A Thousand Cuts+1","Cloak And Dagger","Caltrops+1","Backflip+1","Escape Plan","Dagger Spray","Sucker Punch+1","Caltrops+1","Dodge and Roll+1","Underhanded Strike","Backflip","Adrenaline","Dodge and Roll+1","Slice","Leg Sweep+1","Underhanded Strike+1","Glass Knife+1","Phantasmal Killer+1","Underhanded Strike+1","Underhanded Strike+1","Escape Plan","Master of Strategy","Backflip+1"],"relics":["Ring of the Serpent","Ancient Tea Set","Vajra","Oddly Smooth Stone","Orichalcum","Centennial Puzzle","Orrery","Enchiridion","Meat on the Bone","Mummified Hand","Pear","Bottled Tornado","Boot","Paper Crane"],"potions_floor_usage":[6,16,16,33,33,45,50,50,50],"damage_taken":[{"damage":1,"enemies":"Cultist","floor":1,"turns":5},{"damage":0,"enemies":"2 Louse","floor":2,"turns":2},{"damage":0,"enemies":"Small Slimes","floor":3,"turns":3},{"damage":0,"enemies":"3 Louse","floor":5,"turns":4},{"damage":25,"enemies":"Lagavulin","floor":6,"turns":7},{"damage":4,"enemies":"Gremlin Nob","floor":8,"turns":3},{"damage":7,"enemies":"3 Sentries","floor":10,"turns":8},{"damage":0,"enemies":"Blue Slaver","floor":12,"turns":2},{"damage":0,"enemies":"2 Fungi Beasts","floor":13,"turns":2},{"damage":0,"enemies":"The Guardian","floor":16,"turns":10},{"damage":15,"enemies":"Spheric Guardian","floor":18,"turns":5},{"damage":0,"enemies":"Chosen","floor":19,"turns":6},{"damage":6,"enemies":"3 Cultists","floor":22,"turns":5},{"damage":0,"enemies":"Snecko","floor":25,"turns":4},{"damage":4,"enemies":"Cultist and Chosen","floor":28,"turns":5},{"damage":0,"enemies":"Snake Plant","floor":31,"turns":2},{"damage":31,"enemies":"Champ","floor":33,"turns":9},{"damage":0,"enemies":"3 Shapes","floor":35,"turns":3},{"damage":0,"enemies":"Orb Walker","floor":36,"turns":3},{"damage":8,"enemies":"4 Shapes","floor":37,"turns":6},{"damage":0,"enemies":"Maw","floor":38,"turns":8},{"damage":4,"enemies":"Giant Head","floor":41,"turns":9},{"damage":0,"enemies":"Sphere and 2 Shapes","floor":42,"turns":4},{"damage":0,"enemies":"Nemesis","floor":45,"turns":5},{"damage":0,"enemies":"4 Shapes","floor":48,"turns":3},{"damage":0,"enemies":"Awakened One","floor":50,"turns":12}],"seed_played":"-6674268115311237382","potions_obtained":[{"floor":2,"key":"PowerPotion"},{"floor":3,"key":"PowerPotion"},{"floor":5,"key":"EssenceOfSteel"},{"floor":8,"key":"SkillPotion"},{"floor":22,"key":"Block Potion"},{"floor":28,"key":"SkillPotion"},{"floor":33,"key":"SteroidPotion"},{"floor":36,"key":"Block Potion"},{"floor":37,"key":"LiquidBronze"},{"floor":41,"key":"LiquidBronze"}],"is_trial":false,"path_per_floor":["M","M","M","?","M","E","R","E","T","E","R","M","M","$","R","B",null,"M","M","$","?","M","R","$","M","T","?","M","R","T","M","R","B",null,"M","M","M","M","?","R","E","M","T","R","E","$","?","M","R","B"],"character_chosen":"THE_SILENT","items_purchased":["Well Laid Plans","Centennial Puzzle","Caltrops","Paper Crane","Escape Plan","Block Potion"],"campfire_rested":0,"item_purchase_floors":[14,14,20,46,46,46],"current_hp_per_floor":[69,69,69,69,69,44,44,40,40,33,33,33,33,33,33,33,70,55,55,55,39,33,33,33,33,33,33,41,41,41,41,41,22,70,70,70,62,62,62,62,68,68,68,68,68,68,68,68,68,68],"gold":117,"neow_bonus":"UPGRADE_CARD","is_prod":false,"is_daily":false,"chose_seed":false,"campfire_upgraded":9,"win_rate":0,"timestamp":1533566735,"path_taken":["M","?","M","?","M","E","R","E","T","E","R","M","M","$","R","BOSS","M","M","$","?","?","R","$","M","T","?","M","R","?","?","R","BOSS","M","M","M","M","?","R","E","M","T","R","E","$","?","M","R","BOSS"],"build_version":"2018-08-01","purchased_purges":3,"victory":true,"max_hp_per_floor":[70,70,70,70,70,70,70,70,70,70,70,70,70,70,70,70,70,70,70,70,70,70,70,70,70,70,70,70,70,70,70,70,70,70,70,70,70,70,70,70,80,80,80,80,80,80,80,80,80,80],"card_choices":[{"not_picked":["Prepared","Calculated Gamble"],"picked":"Predator","floor":1},{"not_picked":["Escape Plan","Eviscerate"],"picked":"Dagger Throw","floor":2},{"not_picked":["Bane","Blade Dance"],"picked":"PiercingWail","floor":3},{"not_picked":["Envenom","Deadly Poison","Quick Slash"],"picked":"SKIP","floor":5},{"not_picked":["Expertise","Unload"],"picked":"Slice","floor":6},{"not_picked":["Flechettes","Prepared"],"picked":"Deflect","floor":8},{"not_picked":["Prepared","Riddle With Holes"],"picked":"Backflip","floor":10},{"not_picked":["Sucker Punch","Underhanded Strike"],"picked":"Dagger Throw","floor":12},{"not_picked":["Caltrops","Backflip"],"picked":"Terror","floor":13},{"not_picked":["Unload","Envenom"],"picked":"A Thousand Cuts","floor":16},{"not_picked":["Riddle With Holes","Dodge and Roll"],"picked":"Cloak And Dagger","floor":17},{"not_picked":["Concentrate","Predator"],"picked":"Caltrops","floor":17},{"not_picked":["All Out Attack","Bane"],"picked":"Backflip","floor":17},{"not_picked":["Dodge and Roll","PiercingWail"],"picked":"Escape Plan","floor":17},{"not_picked":["Poisoned Stab","Flying Knee"],"picked":"Dagger Spray","floor":18},{"not_picked":["Flying Knee+1","Skewer+1"],"picked":"Sucker Punch+1","floor":19},{"not_picked":["Blur","Underhanded Strike+1"],"picked":"Dodge and Roll+1","floor":22},{"not_picked":["Choke","Dagger Spray"],"picked":"Underhanded Strike","floor":25},{"not_picked":["Expertise","Poisoned Stab+1","Infinite Blades"],"picked":"SKIP","floor":28},{"not_picked":["Venomology","Bouncing Flask+1"],"picked":"Backflip","floor":31},{"not_picked":["A Thousand Cuts","Envenom"],"picked":"Adrenaline","floor":33},{"not_picked":["Well Laid Plans","Quick Slash+1"],"picked":"Dodge and Roll+1","floor":35},{"not_picked":["PiercingWail+1","Deflect"],"picked":"Slice","floor":36},{"not_picked":["Underhanded Strike+1","Backstab+1"],"picked":"Leg Sweep+1","floor":37},{"not_picked":["Deadly Poison","Terror"],"picked":"Underhanded Strike+1","floor":38},{"not_picked":["Cloak And Dagger","Finisher"],"picked":"Phantasmal Killer","floor":41},{"not_picked":["Dodge and Roll+1","Backflip+1"],"picked":"Underhanded Strike+1","floor":42},{"not_picked":["Flying Knee+1","Sucker Punch"],"picked":"Underhanded Strike+1","floor":45},{"not_picked":["Mayhem","Secret Technique"],"picked":"Master of Strategy","floor":47},{"not_picked":["PiercingWail+1","Poisoned Stab"],"picked":"Backflip+1","floor":48}],"player_experience":951441,"relics_obtained":[{"floor":6,"key":"Ancient Tea Set"},{"floor":8,"key":"Vajra"},{"floor":9,"key":"Oddly Smooth Stone"},{"floor":10,"key":"Orichalcum"},{"floor":21,"key":"Enchiridion"},{"floor":26,"key":"Meat on the Bone"},{"floor":30,"key":"Mummified Hand"},{"floor":41,"key":"Pear"},{"floor":43,"key":"Bottled Tornado"},{"floor":45,"key":"Boot"}],"event_choices":[{"event_name":"Match and Keep!","player_choice":"2 cards matched","floor":4,"damage_taken":0},{"event_name":"Cursed Tome","player_choice":"Obtained Book","floor":21,"damage_taken":0},{"event_name":"The Joust","player_choice":"Bet on Owner","floor":27,"damage_taken":0},{"event_name":"Transmorgrifier","player_choice":"Transform","floor":39,"damage_taken":0},{"event_name":"SensoryStone","player_choice":"Memory 1","floor":47,"damage_taken":0}],"is_beta":true,"boss_relics":[{"not_picked":["White Beast Statue","Eternal Feather"],"picked":"Orrery"},{"not_picked":["Runic Pyramid","Velvet Choker"],"picked":"Ring of the Serpent"}],"items_purged_floors":[14,20,46],"is_endless":false,"potions_floor_spawned":[2,3,5,8,22,28,33,36,37,41,42],"ascension_level":1}