{"gold_per_floor":[118,136,67,81,98,98,132,143,143,143,143,172,182,199,199,199],"floor_reached":16,"playtime":6886,"items_purged":[],"score":131,"play_id":"cade8c96-cfe9-43c2-ad58-e2836b92ec58","local_time":"20190219145547","is_ascension_mode":true,"campfire_choices":[{"data":"Flex","floor":6,"key":"SMITH"},{"floor":11,"key":"REST"},{"data":"Flex","floor":15,"key":"SMITH"}],"neow_cost":"NONE","seed_source_timestamp":2697673837762691,"circlet_count":0,"master_deck":["Bash","Body Slam","Twin Strike","Flex+1","Rampage","Dropkick","Burning Pact","Shockwave","Reaper","True Grit","Fire Breathing","Cleave","Limit Break","Cleave","Shrug It Off","Flex+1","Heavy Blade","Juggernaut","Shrug It Off","Seeing Red"],"relics":["Pandora\u0027s Box","Matryoshka","Molten Egg 2","Mummified Hand","GremlinMask","PreservedInsect"],"potions_floor_usage":[],"damage_taken":[{"damage":23,"enemies":"Cultist","floor":1,"turns":5},{"damage":9,"enemies":"Jaw Worm","floor":2,"turns":4},{"damage":9,"enemies":"Small Slimes","floor":4,"turns":3},{"damage":11,"enemies":"2 Fungi Beasts","floor":5,"turns":3},{"damage":27,"enemies":"Lagavulin","floor":7,"turns":6},{"damage":12,"enemies":"Lots of Slimes","floor":8,"turns":3},{"damage":25,"enemies":"3 Sentries","floor":12,"turns":5},{"damage":33,"enemies":"Exordium Thugs","floor":13,"turns":4},{"damage":0,"enemies":"Large Slime","floor":14,"turns":4},{"damage":51,"enemies":"Slime Boss","floor":16,"turns":7}],"seed_played":"5629700426830217612","potions_obtained":[{"floor":1,"key":"Dexterity Potion"},{"floor":4,"key":"SkillPotion"},{"floor":8,"key":"Swift Potion"}],"is_trial":false,"path_per_floor":["M","M","$","M","M","R","E","M","T","?","R","E","M","M","R","B"],"character_chosen":"IRONCLAD","items_purchased":["Limit Break"],"campfire_rested":1,"item_purchase_floors":[3],"current_hp_per_floor":[61,56,56,55,52,52,37,31,31,31,55,48,21,41,41,0],"gold":199,"neow_bonus":"BOSS_RELIC","is_prod":false,"is_daily":false,"chose_seed":false,"campfire_upgraded":2,"win_rate":0,"timestamp":1550588147,"path_taken":["M","M","$","M","?","R","E","M","T","?","R","E","?","M","R","BOSS"],"build_version":"2019-01-23","purchased_purges":0,"victory":false,"max_hp_per_floor":[80,80,80,80,80,80,80,80,80,80,80,80,80,80,80,80],"card_choices":[{"not_picked":["Blood for Blood","Reckless Charge"],"picked":"Fire Breathing","floor":1},{"not_picked":["Warcry","Intimidate"],"picked":"Cleave","floor":2},{"not_picked":["Armaments","Blood for Blood"],"picked":"Cleave","floor":4},{"not_picked":["Battle Trance","Headbutt"],"picked":"Shrug It Off","floor":5},{"not_picked":["Whirlwind","Power Through"],"picked":"Flex","floor":7},{"not_picked":["Clash","Perfected Strike"],"picked":"Heavy Blade","floor":8},{"not_picked":["Body Slam+1","Sever Soul+1"],"picked":"Juggernaut","floor":12},{"not_picked":["Perfected Strike+1","Headbutt+1"],"picked":"Shrug It Off","floor":13},{"not_picked":["True Grit","Thunderclap+1"],"picked":"Seeing Red","floor":14}],"player_experience":995486,"relics_obtained":[{"floor":7,"key":"Matryoshka"},{"floor":9,"key":"Molten Egg 2"},{"floor":9,"key":"Mummified Hand"},{"floor":12,"key":"PreservedInsect"}],"event_choices":[{"damage_healed":0,"gold_gain":0,"player_choice":"Trade","damage_taken":0,"relics_obtained":["GremlinMask"],"max_hp_gain":0,"max_hp_loss":0,"event_name":"FaceTrader","floor":10,"gold_loss":0}],"is_beta":false,"boss_relics":[],"items_purged_floors":[],"is_endless":false,"potions_floor_spawned":[1,4,8,12,14],"killed_by":"Slime Boss","ascension_level":3}