{"gold_per_floor":[117,39,56,56,6,39,49,65,116,116,130,161,172,206,206,206],"floor_reached":16,"playtime":1320,"items_purged":[],"score":122,"play_id":"b8e5ce4b-1a00-44c2-969a-1c691cfa6f4b","local_time":"20190123233314","is_ascension_mode":false,"campfire_choices":[{"data":"Darkness","floor":10,"key":"SMITH"},{"data":"Hologram","floor":15,"key":"SMITH"}],"neow_cost":"NONE","seed_source_timestamp":33005902470005,"circlet_count":0,"master_deck":["Strike_B","Defend_B","Defend_B","Defend_B","Defend_B","Zap","Dualcast","Loop","Darkness+1","Hologram+1","Doom and Gloom","Leap","Rebound","Sunder","Double Energy","Reboot","Capacitor"],"relics":["Empty Cage","Mercury Hourglass","Ancient Tea Set","Juzu Bracelet","Shuriken"],"potions_floor_usage":[12,16,16,16],"damage_taken":[{"damage":13,"enemies":"Cultist","floor":1,"turns":5},{"damage":6,"enemies":"Jaw Worm","floor":3,"turns":4},{"damage":8,"enemies":"Lagavulin","floor":6,"turns":5},{"damage":1,"enemies":"2 Louse","floor":7,"turns":2},{"damage":0,"enemies":"Exordium Wildlife","floor":8,"turns":4},{"damage":0,"enemies":"Looter","floor":11,"turns":2},{"damage":12,"enemies":"Gremlin Nob","floor":12,"turns":4},{"damage":0,"enemies":"Gremlin Gang","floor":13,"turns":3},{"damage":36,"enemies":"Lagavulin","floor":14,"turns":5},{"damage":8,"enemies":"The Guardian","floor":16,"turns":7}],"seed_played":"-2535479806413347111","potions_obtained":[{"floor":1,"key":"Dexterity Potion"},{"floor":6,"key":"Swift Potion"},{"floor":8,"key":"Regen Potion"},{"floor":12,"key":"Weak Potion"}],"is_trial":false,"path_per_floor":["M","$","M","$","?","E","M","M","T","R","M","E","M","E","R","B"],"character_chosen":"DEFECT","items_purchased":["Darkness"],"campfire_rested":0,"item_purchase_floors":[2],"current_hp_per_floor":[62,62,56,56,56,48,47,47,47,47,47,44,44,8,8,0],"gold":206,"neow_bonus":"BOSS_RELIC","is_prod":false,"is_daily":false,"chose_seed":false,"campfire_upgraded":2,"win_rate":0.0,"timestamp":1548282794,"path_taken":["M","$","M","?","?","E","M","M","T","R","M","E","M","E","R","BOSS"],"build_version":"2019-01-23","purchased_purges":0,"victory":false,"max_hp_per_floor":[75,75,75,75,75,75,75,75,75,75,75,75,75,75,75,75],"card_choices":[{"not_picked":["Turbo","Sweeping Beam"],"picked":"Loop","floor":1},{"not_picked":["Cold Snap","Conserve Battery"],"picked":"Hologram","floor":3},{"not_picked":["Gash","Compile Driver"],"picked":"Doom and Gloom","floor":6},{"not_picked":["Barrage","Fusion"],"picked":"Leap","floor":7},{"not_picked":["Coolheaded","Streamline"],"picked":"Rebound","floor":8},{"not_picked":["Cold Snap","Compile Driver"],"picked":"Sunder","floor":11},{"not_picked":["Storm","Sweeping Beam"],"picked":"Double Energy","floor":12},{"not_picked":["Barrage","Steam"],"picked":"Reboot","floor":13},{"not_picked":["Go for the Eyes","Aggregate"],"picked":"Capacitor","floor":14}],"player_experience":13684,"relics_obtained":[{"floor":6,"key":"Mercury Hourglass"},{"floor":9,"key":"Ancient Tea Set"},{"floor":12,"key":"Juzu Bracelet"},{"floor":14,"key":"Shuriken"}],"event_choices":[{"cards_removed":["Strike_B"],"damage_healed":0,"gold_gain":0,"player_choice":"Card Removal","damage_taken":0,"max_hp_gain":0,"max_hp_loss":0,"event_name":"The Cleric","floor":5,"gold_loss":50}],"is_beta":false,"boss_relics":[],"items_purged_floors":[],"is_endless":false,"potions_floor_spawned":[1,6,8,12],"killed_by":"The Guardian","ascension_level":0}