{"gold_per_floor":[109,120,120,136,136,136,160,160,186,254,289,314,355,374,374,470,470,494,544,544,559,584,584,608,608,608,631,203,219,219,259,259,259],"floor_reached":33,"playtime":1936,"items_purged":["Steam Power"],"score":620,"play_id":"2cd9972a-2ef6-4ff5-a27c-966b0e04e7b9","local_time":"20180711124734","is_ascension_mode":true,"campfire_choices":[{"data":"Zap","floor":6,"key":"SMITH"},{"data":"Hologram","floor":8,"key":"SMITH"},{"data":"Buffer","floor":15,"key":"SMITH"},{"floor":23,"key":"REST"},{"data":"Defragment","floor":25,"key":"SMITH"},{"floor":32,"key":"REST"}],"neow_cost":"NONE","seed_source_timestamp":46789889467905,"circlet_count":0,"master_deck":["Zap+1","Dualcast","AscendersBane","BootSequence","Ball Lightning+1","Hologram+1","Glacier","Buffer+1","Conserve Battery","Coolheaded","Glacier","Loop","Fission","Glacier","Defragment+1","Leap","Go for the Eyes","Ball Lightning+1","Loop","FTL","Ball Lightning","Blizzard","The Bomb","Amplify","Blizzard"],"relics":["Cracked Core","Golden Idol","Whetstone","Tiny Chest","Odd Mushroom","Bag of Marbles","Pandora\u0027s Box","Mummified Hand","Bronze Scales","Shuriken"],"potions_floor_usage":[4,12,13,13,16,21,24],"damage_taken":[{"damage":7,"enemies":"Jaw Worm","floor":1,"turns":3},{"damage":1,"enemies":"Cultist","floor":2,"turns":3},{"damage":0,"enemies":"Small Slimes","floor":4,"turns":2},{"damage":2,"enemies":"3 Louse","floor":7,"turns":3},{"damage":10,"enemies":"Gremlin Nob","floor":10,"turns":3},{"damage":4,"floor":11,"turns":4},{"damage":0,"enemies":"Gremlin Gang","floor":12,"turns":6},{"damage":0,"enemies":"Lagavulin","floor":13,"turns":7},{"damage":0,"enemies":"Looter","floor":14,"turns":3},{"damage":0,"enemies":"Slime Boss","floor":16,"turns":12},{"damage":3,"enemies":"Chosen","floor":18,"turns":9},{"damage":7,"enemies":"Shell Parasite","floor":21,"turns":6},{"damage":36,"enemies":"Chosen and Byrds","floor":22,"turns":9},{"damage":2,"enemies":"3 Cultists","floor":24,"turns":6},{"damage":0,"enemies":"Snecko","floor":27,"turns":6},{"damage":2,"enemies":"Snake Plant","floor":29,"turns":3},{"damage":15,"enemies":"Book of Stabbing","floor":31,"turns":5},{"damage":41,"enemies":"Automaton","floor":33,"turns":12}],"seed_played":"-5983158282710471615","potions_obtained":[{"floor":2,"key":"SteroidPotion"},{"floor":7,"key":"Ancient Potion"},{"floor":10,"key":"FearPotion"},{"floor":12,"key":"AttackPotion"},{"floor":14,"key":"SkillPotion"},{"floor":16,"key":"SpeedPotion"},{"floor":18,"key":"Poison Potion"},{"floor":27,"key":"Strength Potion"},{"floor":31,"key":"Fire Potion"}],"is_trial":false,"path_per_floor":["M","M","?","M","?","R","M","R","T","E","?","M","E","M","R","B",null,"M","?","?","M","M","R","M","R","T","M","$","M","?","E","R"],"character_chosen":"DEFECT","items_purchased":["Bronze Scales","The Bomb"],"campfire_rested":2,"item_purchase_floors":[28,28],"current_hp_per_floor":[57,56,56,56,56,56,54,54,54,44,40,40,40,40,40,40,58,55,55,55,48,12,31,29,29,29,29,29,27,27,12,31,0],"gold":259,"neow_bonus":"REMOVE_CARD","is_prod":false,"is_daily":false,"chose_seed":false,"campfire_upgraded":4,"win_rate":0,"timestamp":1531334854,"path_taken":["M","M","?","M","?","R","M","R","T","E","?","?","E","M","R","BOSS","M","?","?","M","M","R","M","R","T","M","$","?","?","E","R","BOSS"],"build_version":"2018-07-10","purchased_purges":1,"victory":false,"max_hp_per_floor":[71,71,64,64,64,64,64,64,64,64,64,64,64,64,64,64,64,64,64,64,64,64,64,64,64,64,64,64,64,64,64,64,64],"card_choices":[{"not_picked":["Compile Driver","Static Discharge"],"picked":"BootSequence","floor":1},{"not_picked":["Rebound","Cold Snap"],"picked":"Ball Lightning","floor":2},{"not_picked":["Loop","Static Discharge"],"picked":"Hologram","floor":4},{"not_picked":["Recycle","Streamline"],"picked":"Glacier","floor":7},{"not_picked":["Genetic Algorithm","Coolheaded"],"picked":"Buffer","floor":10},{"not_picked":["Coolheaded","BootSequence"],"picked":"Conserve Battery","floor":11},{"not_picked":["Chaos","Hologram"],"picked":"Coolheaded","floor":12},{"not_picked":["BootSequence","Scrape"],"picked":"Glacier","floor":13},{"not_picked":["Go for the Eyes","Conserve Battery"],"picked":"Loop","floor":14},{"not_picked":["Buffer","Creative AI"],"picked":"Fission","floor":16},{"not_picked":["Auto Shields","Go for the Eyes"],"picked":"Ball Lightning+1","floor":18},{"not_picked":["Skim","Chaos"],"picked":"Loop","floor":21},{"not_picked":["Coolheaded","Turbo+1"],"picked":"FTL","floor":22},{"not_picked":["Rebound","Stack"],"picked":"Ball Lightning","floor":24},{"not_picked":["Turbo","Beam Cell"],"picked":"Blizzard","floor":27},{"not_picked":["Undo","Conserve Battery"],"picked":"Amplify","floor":29},{"not_picked":["Barrage","Darkness"],"picked":"Blizzard","floor":31}],"player_experience":756097,"relics_obtained":[{"floor":9,"key":"Whetstone"},{"floor":10,"key":"Tiny Chest"},{"floor":11,"key":"Odd Mushroom"},{"floor":13,"key":"Bag of Marbles"},{"floor":26,"key":"Mummified Hand"},{"floor":31,"key":"Shuriken"}],"event_choices":[{"event_name":"Golden Idol","player_choice":"Lose Max HP","floor":3,"damage_taken":0},{"event_name":"Bonfire Elementals","player_choice":"BASIC","floor":5,"damage_taken":0},{"event_name":"Mushrooms","player_choice":"Fought Mushrooms","floor":11,"damage_taken":0},{"event_name":"Nest","player_choice":"Stole From Cult","floor":19,"damage_taken":0},{"event_name":"The Mausoleum","player_choice":"No","floor":20,"damage_taken":0},{"event_name":"Back to Basics","player_choice":"Elegance","floor":30,"damage_taken":0}],"boss_relics":[{"not_picked":["Runic Pyramid","Velvet Choker"],"picked":"Pandora\u0027s Box"}],"items_purged_floors":[28],"is_endless":false,"potions_floor_spawned":[2,7,10,12,14,16,18,27,31],"killed_by":"Automaton","ascension_level":15}