{"gold_per_floor":[113,113,113,129,149,149,177,177,177,195,22,357,375,375,375,471,471,496,87,55,55,75,75,91,91,143,156,172,172,208,222,222,316,316,339,352,365,365,384,384,428,428,454,454,473,198,323,361,361,361],"floor_reached":51,"playtime":2789,"items_purged":["Strike_R","Strike_R","Strike_R"],"score":1371,"play_id":"c4a5e1a0-3174-4ab9-9c06-ce937e5db0f0","local_time":"20181102231821","is_ascension_mode":true,"campfire_choices":[{"data":"Clothesline","floor":6,"key":"SMITH"},{"data":"Body Slam","floor":8,"key":"SMITH"},{"data":"Flame Barrier","floor":15,"key":"SMITH"},{"data":"Flame Barrier","floor":23,"key":"SMITH"},{"data":"Iron Wave","floor":25,"key":"SMITH"},{"data":"Body Slam","floor":29,"key":"SMITH"},{"data":"True Grit","floor":32,"key":"SMITH"},{"floor":40,"key":"REST"},{"data":"Ghostly Armor","floor":42,"key":"SMITH"},{"data":"Shrug It Off","floor":44,"key":"SMITH"},{"data":"Panache","floor":49,"key":"SMITH"}],"neow_cost":"NONE","seed_source_timestamp":557710018219492,"circlet_count":0,"master_deck":["AscendersBane","Strike_R","Defend_R","Defend_R","Defend_R","Defend_R","Bash+1","Pommel Strike","Clothesline+1","Body Slam+1","Ghostly Armor+1","Inflame","Flame Barrier+1","Iron Wave+1","Demon Form+1","Flame Barrier+1","Whirlwind","Shockwave+1","Battle Trance+1","True Grit+1","Body Slam+1","Shrug It Off+1","Armaments+1","Panache+1","Body Slam+1","Pommel Strike"],"relics":["Burning Blood","The Courier","Bag of Preparation","Old Coin","Golden Idol","Sozu","Happy Flower","Bronze Scales","Orichalcum","Red Skull","Runic Pyramid","Lantern","Pen Nib","HandDrill","Unceasing Top","Pantograph"],"potions_floor_usage":[4,7,12,16,18,27],"damage_taken":[{"damage":4,"enemies":"Small Slimes","floor":1,"turns":4},{"damage":0,"enemies":"2 Louse","floor":4,"turns":2},{"damage":1,"enemies":"Cultist","floor":5,"turns":3},{"damage":6,"enemies":"Gremlin Nob","floor":7,"turns":3},{"damage":9,"enemies":"3 Louse","floor":10,"turns":3},{"damage":20,"enemies":"Lagavulin","floor":12,"turns":7},{"damage":8,"enemies":"Large Slime","floor":13,"turns":6},{"damage":8,"enemies":"The Guardian","floor":16,"turns":13},{"damage":13,"enemies":"Spheric Guardian","floor":18,"turns":4},{"damage":8,"enemies":"2 Thieves","floor":20,"turns":5},{"damage":7,"enemies":"Centurion and Healer","floor":22,"turns":4},{"damage":2,"enemies":"Snecko","floor":24,"turns":5},{"damage":0,"enemies":"Shelled Parasite and Fungi","floor":27,"turns":3},{"damage":0,"enemies":"Centurion and Healer","floor":28,"turns":7},{"damage":0,"enemies":"Book of Stabbing","floor":30,"turns":4},{"damage":6,"enemies":"3 Cultists","floor":31,"turns":4},{"damage":25,"enemies":"Collector","floor":33,"turns":8},{"damage":5,"enemies":"3 Darklings","floor":35,"turns":4},{"damage":3,"enemies":"3 Shapes","floor":36,"turns":4},{"damage":2,"enemies":"Maw","floor":37,"turns":7},{"damage":26,"enemies":"Spire Growth","floor":39,"turns":5},{"damage":5,"enemies":"Giant Head","floor":41,"turns":6},{"damage":14,"enemies":"Transient","floor":45,"turns":6},{"damage":0,"enemies":"Mind Bloom Boss Battle","floor":47,"turns":5},{"damage":17,"enemies":"Reptomancer","floor":48,"turns":6},{"damage":57,"enemies":"Donu and Deca","floor":50,"turns":8}],"seed_played":"-5490307608991356026","potions_obtained":[{"floor":1,"key":"Poison Potion"},{"floor":4,"key":"Explosive Potion"},{"floor":7,"key":"Swift Potion"},{"floor":12,"key":"PowerPotion"},{"floor":16,"key":"Fire Potion"}],"is_trial":false,"path_per_floor":["M","?","?","M","M","R","E","R","T","M","$","E","M","?","R","B",null,"M","$","M","?","M","R","M","R","T","M","M","R","E","M","R","B",null,"M","M","M","?","M","R","E","R","T","R","M","$","?","E","R","B",null],"character_chosen":"IRONCLAD","items_purchased":["Inflame","SkillPotion","Happy Flower","Bronze Scales","Whirlwind","HandDrill"],"campfire_rested":1,"item_purchase_floors":[11,11,19,19,19,46],"current_hp_per_floor":[77,70,70,76,81,81,81,81,81,78,78,64,62,62,62,60,71,64,64,62,62,61,61,65,65,65,71,74,74,74,74,74,55,69,70,73,74,74,54,74,74,74,74,74,66,66,72,61,61,23],"gold":361,"neow_bonus":"TEN_PERCENT_HP_BONUS","is_prod":false,"is_daily":false,"chose_seed":false,"campfire_upgraded":10,"win_rate":0,"timestamp":1541222301,"path_taken":["M","?","?","M","M","R","E","R","T","M","$","E","?","?","R","BOSS","M","$","M","?","?","R","M","R","T","M","M","R","E","M","R","BOSS","M","M","M","?","M","R","E","R","T","R","M","$","?","E","R","BOSS"],"build_version":"2018-11-01v2","purchased_purges":3,"victory":true,"max_hp_per_floor":[82,82,82,82,82,82,82,82,82,82,82,82,82,74,74,74,74,74,74,74,74,74,74,74,74,74,74,74,74,74,74,74,74,74,74,74,74,74,74,74,74,74,74,74,74,74,74,74,74,74],"card_choices":[{"not_picked":["Feel No Pain","Entrench"],"picked":"Pommel Strike","floor":1},{"not_picked":["Wild Strike","Headbutt"],"picked":"Clothesline","floor":4},{"not_picked":["Fire Breathing","Clash","Flex"],"picked":"SKIP","floor":5},{"not_picked":["Searing Blow","Double Tap"],"picked":"Body Slam","floor":7},{"not_picked":["Bloodletting","Cleave"],"picked":"Ghostly Armor","floor":10},{"not_picked":["Wild Strike","True Grit"],"picked":"Flame Barrier","floor":12},{"not_picked":["True Grit","Perfected Strike"],"picked":"Iron Wave","floor":13},{"not_picked":["Impervious","Exhume"],"picked":"Demon Form","floor":16},{"not_picked":["Blood for Blood","Sentinel"],"picked":"Flame Barrier","floor":18},{"not_picked":["Twin Strike","Thunderclap"],"picked":"Shockwave+1","floor":20},{"not_picked":["Corruption+1","True Grit"],"picked":"Battle Trance+1","floor":22},{"not_picked":["Thunderclap","Seeing Red","Evolve"],"picked":"SKIP","floor":24},{"not_picked":["Headbutt","Flex"],"picked":"True Grit","floor":27},{"not_picked":["Armaments","Thunderclap"],"picked":"Body Slam","floor":28},{"not_picked":["Sentinel","Body Slam"],"picked":"Shrug It Off","floor":30},{"not_picked":["Heavy Blade","True Grit","Sever Soul"],"picked":"SKIP","floor":31},{"not_picked":["Thunderclap","Inflame+1","Warcry"],"picked":"SKIP","floor":35},{"not_picked":["Warcry","Shockwave","Searing Blow"],"picked":"SKIP","floor":36},{"not_picked":["Heavy Blade","Headbutt+1"],"picked":"Armaments+1","floor":37},{"not_picked":["Bandage Up","Trip"],"picked":"Panache","floor":38},{"not_picked":["Sever Soul","Headbutt+1","Armaments"],"picked":"SKIP","floor":39},{"not_picked":["Clothesline+1","Havoc","Headbutt"],"picked":"SKIP","floor":41},{"not_picked":["Evolve","Flex","Sever Soul"],"picked":"SKIP","floor":45},{"not_picked":["Hemokinesis","Intimidate"],"picked":"Body Slam+1","floor":47},{"not_picked":["Battle Trance","Headbutt"],"picked":"Pommel Strike","floor":48}],"player_experience":1072929,"relics_obtained":[{"floor":7,"key":"The Courier"},{"floor":9,"key":"Bag of Preparation"},{"floor":12,"key":"Old Coin"},{"floor":26,"key":"Orichalcum"},{"floor":30,"key":"Red Skull"},{"floor":41,"key":"Lantern"},{"floor":43,"key":"Pen Nib"},{"floor":47,"key":"Unceasing Top"},{"floor":48,"key":"Pantograph"}],"event_choices":[{"cards_removed":["Strike_R"],"damage_healed":0,"gold_gain":0,"player_choice":"Card Removal","damage_taken":7,"max_hp_gain":0,"max_hp_loss":0,"event_name":"Golden Wing","floor":2,"gold_loss":0},{"damage_healed":0,"gold_gain":0,"player_choice":"Forge","damage_taken":0,"max_hp_gain":0,"max_hp_loss":0,"event_name":"Accursed Blacksmith","floor":3,"gold_loss":0,"cards_upgraded":["Bash"]},{"damage_healed":0,"gold_gain":0,"player_choice":"Lose Max HP","damage_taken":0,"relics_obtained":["Golden Idol"],"max_hp_gain":0,"max_hp_loss":8,"event_name":"Golden Idol","floor":14,"gold_loss":0},{"damage_healed":0,"gold_gain":0,"player_choice":"Upgraded","damage_taken":0,"max_hp_gain":0,"max_hp_loss":0,"event_name":"Upgrade Shrine","floor":21,"gold_loss":0,"cards_upgraded":["Demon Form"]},{"damage_healed":0,"gold_gain":0,"player_choice":"Memory 1","damage_taken":0,"max_hp_gain":0,"max_hp_loss":0,"event_name":"SensoryStone","floor":38,"gold_loss":0},{"damage_healed":0,"gold_gain":0,"player_choice":"Fight","damage_taken":0,"max_hp_gain":0,"max_hp_loss":0,"event_name":"MindBloom","floor":47,"gold_loss":0}],"is_beta":true,"boss_relics":[{"not_picked":["Lizard Tail","Mark of Pain"],"picked":"Sozu"},{"not_picked":["Tiny House","Calling Bell"],"picked":"Runic Pyramid"}],"items_purged_floors":[11,19,46],"is_endless":false,"potions_floor_spawned":[1,4,7,12,16,27,28,31,45,47],"ascension_level":17}