{"gold_per_floor":[214,233,81,101,101,101,112,287,311,311,10,44,44,61,61,162,162,175,175,186,186,136,136,166,184,184,214,226,246,246,246,246,246],"floor_reached":33,"playtime":1018,"items_purged":["Strike_R","Doubt","Wild Strike"],"score":324,"play_id":"fc8bb513-6d49-4e5c-91a5-d6a0c6afee6a","local_time":"20190201171514","is_ascension_mode":true,"campfire_choices":[{"data":"Bash","floor":6.0,"key":"SMITH"},{"data":"Rage","floor":10.0,"key":"SMITH"},{"data":"Dropkick","floor":15.0,"key":"SMITH"},{"data":"Thunderclap","floor":23,"key":"SMITH"},{"data":"Disarm","floor":32,"key":"SMITH"}],"neow_cost":"NONE","seed_source_timestamp":33615710182563,"circlet_count":0,"master_deck":["Strike_R","Defend_R","Defend_R","Bash+1","Rage+1","Thunderclap+1","Dropkick+1","Disarm+1"],"special_seed":0,"relics":["Burning Blood","Bag of Preparation","Pen Nib","Sling","Smiling Mask","Empty Cage","Darkstone Periapt","Matryoshka","Oddly Smooth Stone","Pear","Dream Catcher","Enchiridion"],"potions_floor_usage":[16,18,24,33],"damage_taken":[{"damage":1.0,"enemies":"2 Louse","floor":1.0,"turns":3.0},{"damage":3.0,"enemies":"Small Slimes","floor":2.0,"turns":3.0},{"damage":2.0,"enemies":"Jaw Worm","floor":4.0,"turns":4.0},{"damage":3.0,"enemies":"Lots of Slimes","floor":7.0,"turns":3.0},{"damage":16.0,"enemies":"Lagavulin","floor":12.0,"turns":5.0},{"damage":2.0,"enemies":"Blue Slaver","floor":14.0,"turns":3.0},{"damage":62,"enemies":"Hexaghost","floor":16,"turns":10},{"damage":10,"enemies":"2 Thieves","floor":18,"turns":2},{"damage":0,"enemies":"Chosen","floor":20,"turns":4},{"damage":11,"enemies":"Slavers","floor":24,"turns":4},{"damage":9,"enemies":"Snecko","floor":25,"turns":5},{"damage":13,"enemies":"Book of Stabbing","floor":27,"turns":6},{"damage":4,"enemies":"Shelled Parasite and Fungi","floor":28,"turns":5},{"damage":15,"enemies":"3 Cultists","floor":29,"turns":6},{"damage":91,"enemies":"Champ","floor":33,"turns":11}],"seed_played":"-270718506527624087","potions_obtained":[{"floor":4.0,"key":"SkillPotion"},{"floor":12.0,"key":"Regen Potion"},{"floor":14.0,"key":"SkillPotion"},{"floor":16,"key":"AttackPotion"},{"floor":18,"key":"FairyPotion"},{"floor":25,"key":"BloodPotion"}],"is_trial":false,"path_per_floor":["M","M","$","M","?","R","M","?","T","R","$","E","?","M","R","B",null,"M","?","M","T","$","R","E","M","T","E","M","M","?","?","R","B"],"character_chosen":"IRONCLAD","items_purchased":["Rage","Sling"],"campfire_rested":0,"item_purchase_floors":[3,11],"current_hp_per_floor":[80,80,80,80,73,73,76,76,76,76,76,66,71,75,75,19,85,81,81,85,85,85,85,80,77,87,80,82,73,73,57,57,0],"gold":246,"neow_bonus":"HUNDRED_GOLD","is_prod":false,"is_daily":false,"chose_seed":false,"campfire_upgraded":5,"win_rate":0,"timestamp":1549048514,"path_taken":["M","M","$","M","?","R","M","?","T","R","$","E","?","M","R","BOSS","M","?","M","?","$","R","E","M","T","E","M","?","?","?","R","BOSS"],"build_version":"2019-01-23","purchased_purges":3,"victory":false,"max_hp_per_floor":[80,80,80,80,80,80,80,80,80,80,80,80,85,85,85,85,85,85,85,85,85,85,85,85,85,95,95,95,95,95,95,95,95],"card_choices":[{"not_picked":["Havoc","Wild Strike","Intimidate"],"picked":"SKIP","floor":1.0},{"not_picked":["Hemokinesis","Flame Barrier","Iron Wave"],"picked":"SKIP","floor":2.0},{"not_picked":["Dual Wield","Pummel"],"picked":"Thunderclap","floor":4.0},{"not_picked":["Perfected Strike","Anger","Dual Wield"],"picked":"SKIP","floor":7.0},{"not_picked":["Infernal Blade","Barricade"],"picked":"Dropkick","floor":12.0},{"not_picked":["Heavy Blade","Searing Blow","Pommel Strike"],"picked":"SKIP","floor":14.0},{"not_picked":["Wild Strike","Thunderclap","Metallicize"],"picked":"SKIP","floor":18},{"not_picked":["Clothesline","Reckless Charge","Headbutt"],"picked":"SKIP","floor":20},{"not_picked":["Iron Wave","Flex","Fire Breathing+1"],"picked":"SKIP","floor":24},{"not_picked":["Shrug It Off","Combust","Rage"],"picked":"SKIP","floor":25},{"not_picked":["Impervious","Sentinel+1","Wild Strike"],"picked":"SKIP","floor":27},{"not_picked":["Clash","Anger+1","Fire Breathing+1"],"picked":"SKIP","floor":28},{"not_picked":["Thunderclap","True Grit+1","Anger+1"],"picked":"SKIP","floor":29}],"player_experience":296480,"relics_obtained":[{"floor":9.0,"key":"Pen Nib"},{"floor":12.0,"key":"Smiling Mask"},{"floor":21,"key":"Darkstone Periapt"},{"floor":24,"key":"Matryoshka"},{"floor":26,"key":"Oddly Smooth Stone"},{"floor":26,"key":"Pear"},{"floor":27,"key":"Dream Catcher"},{"floor":31,"key":"Enchiridion"}],"event_choices":[{"damage_healed":0.0,"max_hp_gain":0.0,"max_hp_loss":0.0,"gold_gain":0.0,"event_name":"Scrap Ooze","player_choice":"Success","floor":5.0,"gold_loss":0.0,"damage_taken":7.0,"relics_obtained":["Bag of Preparation"]},{"damage_healed":0.0,"max_hp_gain":0.0,"max_hp_loss":0.0,"gold_gain":175.0,"event_name":"Liars Game","player_choice":"AGREE","floor":8.0,"gold_loss":0.0,"damage_taken":0.0,"cards_obtained":["Doubt"]},{"damage_healed":0.0,"max_hp_gain":5.0,"max_hp_loss":0.0,"gold_gain":0.0,"event_name":"Big Fish","player_choice":"Donut","floor":13.0,"gold_loss":0.0,"damage_taken":0.0},{"damage_healed":0,"gold_gain":0,"cards_transformed":["Defend_R","Strike_R"],"player_choice":"Became Test Subject","damage_taken":0,"max_hp_gain":0,"max_hp_loss":0,"event_name":"Drug Dealer","floor":19,"gold_loss":0,"cards_obtained":["Wild Strike","Disarm"]},{"cards_removed":["Defend_R"],"damage_healed":0,"gold_gain":0,"player_choice":"Elegance","damage_taken":0,"max_hp_gain":0,"max_hp_loss":0,"event_name":"Back to Basics","floor":30,"gold_loss":0},{"damage_healed":0,"gold_gain":0,"player_choice":"Obtained Book","damage_taken":16,"max_hp_gain":0,"max_hp_loss":0,"event_name":"Cursed Tome","floor":31,"gold_loss":0}],"is_beta":false,"boss_relics":[{"not_picked":["Philosopher\u0027s Stone","Lizard Tail"],"picked":"Empty Cage"}],"items_purged_floors":[3,11,22],"is_endless":false,"potions_floor_spawned":[4,12,14,16,18,20,25,28],"killed_by":"Champ","ascension_level":1}