{"gold_per_floor":[112,125,50,64,64,64,64,64,90,10,30,50,65,98,98,175,175,186,186,206,131,131,131,166,166,215,215,241,241],"floor_reached":29,"playtime":1430,"items_purged":[],"score":533,"play_id":"91bef998-0885-465a-82d4-bc67e854681a","local_time":"20181201153804","is_ascension_mode":true,"campfire_choices":[{"data":"Cloak And Dagger","floor":6,"key":"SMITH"},{"data":"Survivor","floor":8,"key":"SMITH"},{"data":"Cloak And Dagger","floor":15,"key":"SMITH"},{"data":"A Thousand Cuts","floor":23,"key":"SMITH"},{"data":"Footwork","floor":25,"key":"SMITH"}],"neow_cost":"NONE","seed_source_timestamp":1544683146667693,"circlet_count":0,"master_deck":["AscendersBane","Defend_G","Defend_G","Defend_G","Defend_G","Defend_G","Strike_G","Survivor+1","Neutralize+1","PiercingWail","Infinite Blades","Cloak And Dagger+1","Well Laid Plans","Quick Slash","Cloak And Dagger+1","Finisher","Footwork+1","A Thousand Cuts+1","Backflip","Ghostly","Ghostly","Ghostly","Leg Sweep","Backflip","Phantasmal Killer"],"relics":["Ring of the Snake","Anchor","Du-Vu Doll","Runic Dome","Regal Pillow","Smiling Mask","Unceasing Top"],"potions_floor_usage":[11,14,22,29],"damage_taken":[{"damage":1,"enemies":"Jaw Worm","floor":1,"turns":8},{"damage":3,"enemies":"Small Slimes","floor":2,"turns":5},{"damage":2,"enemies":"2 Louse","floor":4,"turns":3},{"damage":0,"enemies":"Gremlin Gang","floor":11,"turns":4},{"damage":0,"enemies":"Blue Slaver","floor":12,"turns":4},{"damage":0,"enemies":"3 Louse","floor":13,"turns":4},{"damage":8,"enemies":"Lagavulin","floor":14,"turns":6},{"damage":12,"enemies":"Hexaghost","floor":16,"turns":11},{"damage":17,"enemies":"Spheric Guardian","floor":18,"turns":4},{"damage":3,"enemies":"Shell Parasite","floor":20,"turns":6},{"damage":0,"enemies":"3 Cultists","floor":22,"turns":4},{"damage":3,"enemies":"Book of Stabbing","floor":24,"turns":7},{"damage":0,"enemies":"Gremlin Leader","floor":28,"turns":7},{"damage":48,"enemies":"Cultist and Chosen","floor":29,"turns":5}],"seed_played":"-5217962597966749840","potions_obtained":[{"floor":2,"key":"AttackPotion"},{"floor":4,"key":"SmokeBomb"},{"floor":11,"key":"SteroidPotion"},{"floor":14,"key":"GamblersBrew"},{"floor":18,"key":"Weak Potion"}],"is_trial":false,"path_per_floor":["M","M","?","M","?","R","?","R","T","$","M","M","M","E","R","B",null,"M","?","M","?","M","R","E","R","T","?","E","M"],"character_chosen":"THE_SILENT","items_purchased":["Well Laid Plans"],"campfire_rested":0,"item_purchase_floors":[10],"current_hp_per_floor":[58,55,55,53,58,58,58,58,58,58,58,58,58,50,50,38,63,46,35,32,32,32,32,29,29,29,29,29,0],"gold":241,"neow_bonus":"UPGRADE_CARD","is_prod":false,"is_daily":false,"chose_seed":false,"campfire_upgraded":5,"win_rate":0,"timestamp":1543703884,"path_taken":["M","M","?","M","?","R","?","R","T","$","M","M","?","E","R","BOSS","M","?","M","?","M","R","E","R","T","?","E","M"],"build_version":"2018-11-15","purchased_purges":0,"victory":false,"max_hp_per_floor":[66,66,66,66,71,71,71,71,71,71,71,71,71,71,71,71,71,71,35,35,35,35,35,35,35,35,35,35,35],"card_choices":[{"not_picked":["Calculated Gamble","Accuracy"],"picked":"PiercingWail","floor":1},{"not_picked":["Blade Dance","Finisher"],"picked":"Infinite Blades","floor":2},{"not_picked":["Sucker Punch","Expertise"],"picked":"Cloak And Dagger","floor":4},{"not_picked":["Deflect","Bouncing Flask"],"picked":"Quick Slash","floor":11},{"not_picked":["Deadly Poison","Quick Slash"],"picked":"Cloak And Dagger","floor":12},{"not_picked":["Reflex","Flying Knee"],"picked":"Finisher","floor":13},{"not_picked":["Glass Knife","Dodge and Roll"],"picked":"Footwork","floor":14},{"not_picked":["Adrenaline","Envenom"],"picked":"A Thousand Cuts","floor":16},{"not_picked":["Bane","PiercingWail"],"picked":"Backflip","floor":18},{"not_picked":["Blur","Flechettes"],"picked":"Leg Sweep","floor":20},{"not_picked":["All Out Attack","Dash"],"picked":"Backflip","floor":24},{"not_picked":["Prepared","Reflex","Corpse Explosion"],"picked":"SKIP","floor":28}],"player_experience":1142851,"relics_obtained":[{"floor":9,"key":"Anchor"},{"floor":14,"key":"Du-Vu Doll"},{"floor":24,"key":"Regal Pillow"},{"floor":26,"key":"Smiling Mask"},{"floor":28,"key":"Unceasing Top"}],"event_choices":[{"cards_removed":["Strike_G"],"damage_healed":0,"gold_gain":0,"player_choice":"Card Removal","damage_taken":0,"max_hp_gain":0,"max_hp_loss":0,"event_name":"The Cleric","floor":3,"gold_loss":75},{"damage_healed":0,"gold_gain":0,"player_choice":"Donut","damage_taken":0,"max_hp_gain":5,"max_hp_loss":0,"event_name":"Big Fish","floor":5,"gold_loss":0},{"cards_removed":["Strike_G"],"damage_healed":0,"gold_gain":0,"player_choice":"Offered Basic","damage_taken":0,"max_hp_gain":0,"max_hp_loss":0,"event_name":"Bonfire Elementals","floor":7,"gold_loss":0},{"damage_healed":0,"gold_gain":0,"player_choice":"Became a Ghost","damage_taken":0,"max_hp_gain":0,"max_hp_loss":36,"event_name":"Ghosts","floor":19,"gold_loss":0,"cards_obtained":["Ghostly","Ghostly","Ghostly"]},{"cards_removed":["Strike_G"],"damage_healed":0,"gold_gain":0,"player_choice":"Gave Gold","damage_taken":0,"max_hp_gain":0,"max_hp_loss":0,"event_name":"Beggar","floor":21,"gold_loss":75},{"damage_healed":0,"gold_gain":0,"cards_transformed":["Strike_G"],"player_choice":"Transformed","damage_taken":0,"max_hp_gain":0,"max_hp_loss":0,"event_name":"Transmorgrifier","floor":27,"gold_loss":0,"cards_obtained":["Phantasmal Killer"]}],"is_beta":true,"boss_relics":[{"not_picked":["Fusion Hammer","Eternal Feather"],"picked":"Runic Dome"}],"items_purged_floors":[],"is_endless":false,"potions_floor_spawned":[2,4,11,14,18,22],"killed_by":"Cultist and Chosen","ascension_level":17}