{"gold_per_floor":[113,113,129,129,6,6,31,31,101,128,138,158,9,26,26,123,123,107,122,222,222,222,222,222],"floor_reached":24,"playtime":2131,"items_purged":["Strike_R+1","Strike_R"],"score":277,"play_id":"607d6fa7-50af-4626-b603-680dd148a73e","local_time":"20190217235432","is_ascension_mode":true,"campfire_choices":[{"data":"Bash","floor":6,"key":"SMITH"},{"data":"Rampage","floor":15,"key":"SMITH"},{"floor":23,"key":"REST"}],"neow_cost":"NONE","seed_source_timestamp":2561963925378246,"circlet_count":0,"master_deck":["Strike_R","Strike_R","Strike_R","Defend_R","Defend_R","Bash+1","Pommel Strike+1","Shrug It Off","Shrug It Off","Iron Wave","Flex","Rampage+1","Shrug It Off","Demon Form","Iron Wave","Barricade","Shockwave","Shrug It Off","Seeing Red","Shrug It Off","Inflame+1","RitualDagger","Brutality","Metallicize"],"relics":["Burning Blood","NeowsBlessing","Letter Opener","Matryoshka","Shuriken","Orrery","Unceasing Top","Pantograph"],"potions_floor_usage":[16,16,16,20,24],"damage_taken":[{"damage":0,"enemies":"2 Louse","floor":1,"turns":1},{"damage":0,"enemies":"Jaw Worm","floor":3,"turns":1},{"damage":0,"enemies":"Gremlin Nob","floor":7,"turns":1},{"damage":37,"enemies":"3 Sentries","floor":10,"turns":18},{"damage":3,"enemies":"Cultist","floor":11,"turns":4},{"damage":0,"enemies":"Red Slaver","floor":12,"turns":4},{"damage":1,"enemies":"Looter","floor":14,"turns":4},{"damage":36,"enemies":"Hexaghost","floor":16,"turns":9},{"damage":10,"enemies":"2 Thieves","floor":18,"turns":4},{"damage":2,"enemies":"Chosen","floor":19,"turns":6},{"damage":22,"enemies":"Colosseum Slavers","floor":20,"turns":8},{"damage":37,"enemies":"Colosseum Nobs","floor":20,"turns":7},{"damage":60,"enemies":"Book of Stabbing","floor":24,"turns":7}],"seed_played":"296400326989350091","potions_obtained":[{"floor":10,"key":"GamblersBrew"},{"floor":12,"key":"Strength Potion"},{"floor":16,"key":"Strength Potion"},{"floor":18,"key":"GamblersBrew"}],"is_trial":false,"path_per_floor":["M","?","M","?","$","R","E","?","T","E","M","M","$","M","R","B",null,"M","M","?","?","?","R","E"],"character_chosen":"IRONCLAD","items_purchased":["Shrug It Off","Poison Potion"],"campfire_rested":1,"item_purchase_floors":[5,13],"current_hp_per_floor":[80,85,85,68,68,68,74,85,85,54,57,63,63,68,68,38,85,81,85,38,32,32,57,0],"gold":222,"neow_bonus":"THREE_ENEMY_KILL","is_prod":false,"is_daily":false,"chose_seed":false,"campfire_upgraded":2,"win_rate":0,"timestamp":1550447672,"path_taken":["M","?","M","?","?","R","E","?","T","E","?","M","?","M","R","BOSS","M","M","?","?","?","R","E"],"build_version":"2019-01-23","purchased_purges":2,"victory":false,"max_hp_per_floor":[80,85,85,85,85,85,85,85,85,85,85,85,85,85,85,85,85,85,85,85,85,85,85,85],"card_choices":[{"not_picked":["Heavy Blade","Sword Boomerang"],"picked":"Pommel Strike","floor":1},{"not_picked":["Clash","Clothesline"],"picked":"Shrug It Off","floor":3},{"not_picked":["True Grit","Brutality"],"picked":"Corruption","floor":7},{"not_picked":["Body Slam","Reckless Charge"],"picked":"Iron Wave","floor":10},{"not_picked":["True Grit","Burning Pact"],"picked":"Flex","floor":11},{"not_picked":["Uppercut","Feel No Pain"],"picked":"Rampage","floor":12},{"not_picked":["Perfected Strike","Wild Strike"],"picked":"Shrug It Off","floor":14},{"not_picked":["Bludgeon","Immolate"],"picked":"Demon Form","floor":16},{"not_picked":["Searing Blow","True Grit"],"picked":"Iron Wave","floor":17},{"not_picked":["Clash","Havoc"],"picked":"Barricade","floor":17},{"not_picked":["Twin Strike","Perfected Strike"],"picked":"Shockwave","floor":17},{"not_picked":["Thunderclap","Uppercut"],"picked":"Shrug It Off","floor":17},{"not_picked":["Shockwave","Armaments"],"picked":"Seeing Red","floor":17},{"not_picked":["Whirlwind","Second Wind","Shockwave+1"],"picked":"SKIP","floor":18},{"not_picked":["Carnage+1","Corruption"],"picked":"Shrug It Off","floor":19},{"not_picked":["Offering","Perfected Strike+1"],"picked":"Inflame+1","floor":20}],"player_experience":882163,"relics_obtained":[{"floor":7,"key":"Letter Opener"},{"floor":9,"key":"Matryoshka"},{"floor":10,"key":"Shuriken"},{"floor":20,"key":"Unceasing Top"},{"floor":20,"key":"Pantograph"}],"event_choices":[{"damage_healed":0,"gold_gain":0,"player_choice":"Donut","damage_taken":0,"max_hp_gain":5,"max_hp_loss":0,"event_name":"Big Fish","floor":2,"gold_loss":0},{"damage_healed":0,"gold_gain":0,"player_choice":"Entered Light","damage_taken":17,"max_hp_gain":0,"max_hp_loss":0,"event_name":"Shining Light","floor":4,"gold_loss":0,"cards_upgraded":["Pommel Strike","Strike_R"]},{"cards_removed":["Corruption"],"damage_healed":11,"gold_gain":0,"player_choice":"Offered Uncommon","damage_taken":0,"max_hp_gain":0,"max_hp_loss":0,"event_name":"Bonfire Elementals","floor":8,"gold_loss":0},{"damage_healed":0,"gold_gain":0,"player_choice":"Fight","damage_taken":0,"max_hp_gain":0,"max_hp_loss":0,"event_name":"Colosseum","floor":20,"gold_loss":0},{"damage_healed":0,"gold_gain":0,"player_choice":"Fought Nobs","damage_taken":0,"max_hp_gain":0,"max_hp_loss":0,"event_name":"Colosseum","floor":20,"gold_loss":0},{"damage_healed":0,"gold_gain":0,"player_choice":"Joined the Cult","damage_taken":6,"max_hp_gain":0,"max_hp_loss":0,"event_name":"Nest","floor":21,"gold_loss":0,"cards_obtained":["RitualDagger"]},{"damage_healed":0,"gold_gain":0,"cards_transformed":["Defend_R","Defend_R"],"player_choice":"Became Test Subject","damage_taken":0,"max_hp_gain":0,"max_hp_loss":0,"event_name":"Drug Dealer","floor":22,"gold_loss":0,"cards_obtained":["Brutality","Metallicize"]}],"is_beta":false,"boss_relics":[{"not_picked":["Fusion Hammer","Runic Cube"],"picked":"Orrery"}],"items_purged_floors":[5,13],"is_endless":false,"potions_floor_spawned":[10,12,16,18,20],"killed_by":"Book of Stabbing","ascension_level":2}