{"gold_per_floor":[110,110,67,83,98,98,133,97,97,97,123,123,123,134,134,207,207,219,219,235,250,250,250,285,285,367,367,12,28,44,44,44,115,115,132,132,3,15,31,31,60,75,75,0,0],"floor_reached":45,"playtime":1838,"items_purged":["Strike_G"],"score":918,"play_id":"6639f4b1-aa38-485b-89a4-c2c7031391e9","local_time":"20190119114951","is_ascension_mode":true,"campfire_choices":[{"data":"Skewer","floor":6,"key":"SMITH"},{"floor":10,"key":"REST"},{"floor":12,"key":"REST"},{"data":"Neutralize","floor":15,"key":"SMITH"},{"data":"Cloak And Dagger","floor":23,"key":"SMITH"},{"data":"Envenom","floor":25,"key":"SMITH"},{"data":"Backflip","floor":27,"key":"SMITH"},{"data":"Cloak And Dagger","floor":32,"key":"SMITH"},{"data":"Distraction","floor":40,"key":"SMITH"}],"neow_cost":"NONE","seed_source_timestamp":841044094228423,"circlet_count":0,"master_deck":["AscendersBane","Defend_G","Defend_G","Defend_G","Defend_G","Defend_G","Strike_G","Strike_G","Survivor","Neutralize+1","Poisoned Stab","Skewer+1","PiercingWail","Cloak And Dagger+1","Flying Knee","Distraction+1","Quick Slash","Envenom+1","Dash","Backflip+1","Infinite Blades+1","Cloak And Dagger+1","Cloak And Dagger+1","Footwork+1","Envenom+1","Dagger Spray+1","Dagger Throw","Well Laid Plans+1","Blur","Finisher","Escape Plan","Dagger Spray+1"],"relics":["Ring of the Snake","Pear","Shuriken","Bottled Flame","Busted Crown","Mercury Hourglass","Frozen Egg 2","Bottled Lightning","DollysMirror","Philosopher\u0027s Stone","Juzu Bracelet","Meat on the Bone"],"potions_floor_usage":[7,11,16,24,24,33,39],"damage_taken":[{"damage":0,"enemies":"2 Louse","floor":1,"turns":4},{"damage":0,"enemies":"Cultist","floor":4,"turns":3},{"damage":2,"enemies":"Small Slimes","floor":5,"turns":3},{"damage":61,"enemies":"Gremlin Nob","floor":7,"turns":5},{"damage":32,"enemies":"Lagavulin","floor":11,"turns":4},{"damage":2,"enemies":"Looter","floor":14,"turns":3},{"damage":17,"enemies":"The Guardian","floor":16,"turns":13},{"damage":8,"enemies":"2 Thieves","floor":18,"turns":4},{"damage":0,"enemies":"Chosen","floor":20,"turns":3},{"damage":9,"enemies":"Centurion and Healer","floor":21,"turns":7},{"damage":2,"enemies":"Gremlin Leader","floor":24,"turns":5},{"damage":19,"enemies":"Shelled Parasite and Fungi","floor":29,"turns":5},{"damage":5,"enemies":"Snake Plant","floor":30,"turns":3},{"damage":6,"enemies":"Automaton","floor":33,"turns":8},{"damage":3,"enemies":"Orb Walker","floor":35,"turns":3},{"damage":12,"enemies":"3 Darklings","floor":38,"turns":4},{"damage":8,"enemies":"Transient","floor":39,"turns":6},{"damage":1,"enemies":"Nemesis","floor":41,"turns":7},{"damage":34,"enemies":"Maw","floor":42,"turns":6},{"damage":41,"enemies":"Giant Head","floor":45,"turns":4}],"seed_played":"8183377643935459012","potions_obtained":[{"floor":1,"key":"GamblersBrew"},{"floor":2,"key":"SpeedPotion"},{"floor":2,"key":"LiquidBronze"},{"floor":7,"key":"FearPotion"},{"floor":16,"key":"Strength Potion"},{"floor":20,"key":"Dexterity Potion"},{"floor":29,"key":"Dexterity Potion"},{"floor":38,"key":"Explosive Potion"},{"floor":42,"key":"SpeedPotion"}],"is_trial":false,"path_per_floor":["M","?","$","M","M","R","E","?","T","R","E","R","?","M","R","B",null,"M","T","M","M","?","R","E","R","T","R","$","M","M","?","R","B",null,"M","?","$","M","M","R","E","M","T","$","E"],"character_chosen":"THE_SILENT","items_purchased":["Skewer","Infinite Blades+1","Cloak And Dagger","DollysMirror","Well Laid Plans+1","Blur"],"campfire_rested":2,"item_purchase_floors":[3,28,28,28,37,37],"current_hp_per_floor":[65,65,65,65,63,63,12,12,12,36,4,28,28,26,26,9,64,56,56,56,47,47,47,45,45,45,45,45,26,21,21,21,15,65,62,62,62,50,42,42,41,7,7,7,0],"gold":0,"neow_bonus":"TEN_PERCENT_HP_BONUS","is_prod":false,"is_daily":false,"chose_seed":false,"campfire_upgraded":7,"win_rate":0,"timestamp":1547923791,"path_taken":["M","?","$","?","M","R","E","?","T","R","E","R","?","M","R","BOSS","M","?","M","M","?","R","E","R","T","R","$","?","M","?","R","BOSS","M","?","$","M","M","R","E","M","T","$","E"],"build_version":"2019-01-17","purchased_purges":1,"victory":false,"max_hp_per_floor":[72,72,72,72,72,72,82,82,82,82,82,82,82,82,82,82,82,82,82,82,82,82,82,82,82,82,82,82,82,82,82,82,82,82,82,82,82,82,82,82,82,82,82,82,82],"card_choices":[{"not_picked":["Caltrops","Dagger Throw"],"picked":"Poisoned Stab","floor":1},{"not_picked":["Flying Knee","Underhanded Strike"],"picked":"PiercingWail","floor":4},{"not_picked":["Dagger Throw","Endless Agony"],"picked":"Cloak And Dagger","floor":5},{"not_picked":["Setup","Sucker Punch","Tools of the Trade"],"picked":"SKIP","floor":7},{"not_picked":["Eviscerate","Reflex"],"picked":"Flying Knee","floor":11},{"not_picked":["Bouncing Flask","Predator"],"picked":"Quick Slash","floor":14},{"not_picked":["Tools of the Trade","Bullet Time"],"picked":"Envenom","floor":16},{"not_picked":[],"picked":"Dash","floor":18},{"not_picked":["Dodge and Roll"],"picked":"SKIP","floor":20},{"not_picked":["Dodge and Roll"],"picked":"SKIP","floor":20},{"not_picked":[],"picked":"Calculated Gamble","floor":21},{"not_picked":[],"picked":"Backflip","floor":24},{"not_picked":["Acrobatics"],"picked":"SKIP","floor":29},{"not_picked":[],"picked":"Footwork+1","floor":30},{"not_picked":[],"picked":"Envenom+1","floor":33},{"not_picked":[],"picked":"Dagger Spray+1","floor":35},{"not_picked":[],"picked":"Finisher","floor":38},{"not_picked":[],"picked":"Escape Plan","floor":39},{"not_picked":["Slice+1"],"picked":"SKIP","floor":41},{"not_picked":[],"picked":"Dagger Spray+1","floor":42}],"player_experience":1231340,"relics_obtained":[{"floor":7,"key":"Pear"},{"floor":9,"key":"Shuriken"},{"floor":11,"key":"Bottled Flame"},{"floor":19,"key":"Mercury Hourglass"},{"floor":24,"key":"Frozen Egg 2"},{"floor":26,"key":"Bottled Lightning"},{"floor":41,"key":"Juzu Bracelet"},{"floor":43,"key":"Meat on the Bone"}],"event_choices":[{"damage_healed":0,"gold_gain":0,"player_choice":"Got Potions","damage_taken":0,"max_hp_gain":0,"max_hp_loss":0,"event_name":"Lab","floor":2,"gold_loss":0},{"damage_healed":0,"gold_gain":0,"player_choice":"Left Gold","damage_taken":0,"max_hp_gain":0,"max_hp_loss":0,"event_name":"World of Goop","floor":8,"gold_loss":36},{"damage_healed":0,"gold_gain":0,"cards_transformed":["Strike_G"],"player_choice":"Transformed","damage_taken":0,"max_hp_gain":0,"max_hp_loss":0,"event_name":"Transmorgrifier","floor":13,"gold_loss":0,"cards_obtained":["Distraction"]},{"cards_removed":["Strike_G"],"damage_healed":0,"gold_gain":0,"player_choice":"Purged","damage_taken":0,"max_hp_gain":0,"max_hp_loss":0,"event_name":"Purifier","floor":22,"gold_loss":0},{"damage_healed":0,"gold_gain":0,"player_choice":"Ignored","damage_taken":0,"max_hp_gain":0,"max_hp_loss":0,"event_name":"Cursed Tome","floor":31,"gold_loss":0},{"damage_healed":0,"gold_gain":0,"cards_transformed":["Calculated Gamble"],"player_choice":"Transformed","damage_taken":0,"max_hp_gain":0,"max_hp_loss":0,"event_name":"Transmorgrifier","floor":36,"gold_loss":0,"cards_obtained":["Dagger Throw"]}],"is_beta":true,"boss_relics":[{"not_picked":["White Beast Statue","Runic Pyramid"],"picked":"Busted Crown"},{"not_picked":["Black Star","Astrolabe"],"picked":"Philosopher\u0027s Stone"}],"items_purged_floors":[44],"is_endless":false,"potions_floor_spawned":[1,7,16,20,29,38,42],"killed_by":"Giant Head","ascension_level":19}