{"path_per_floor":["M","?","M","M","?","R","?","E","T","R","M","R","$","E","R","B",null,"M","$","?","?","M","R","M","R","T","M","M","M","R","?","R","B",null,"M","$","?","$","M","R","?","R","T","R","E","R"],"character_chosen":"DEFECT","items_purchased":["Mind Blast","Defragment","Ball Lightning","All For One","Secret Technique","Oddly Smooth Stone","Pear","FocusPotion","Go for the Eyes","Frozen Egg 2","Static Discharge"],"gold_per_floor":[109,34,48,60,60,60,60,89,141,141,154,154,60,91,91,163,163,180,56,56,56,73,73,83,83,134,145,155,175,175,175,175,247,247,266,126,1125,12,22,22,22,22,22,22,48,48,48],"floor_reached":47,"campfire_rested":0,"playtime":2209,"item_purchase_floors":[13,19,19,36,38,38,38,38,38,38,38],"current_hp_per_floor":[70,70,62,69,74,74,74,61,61,61,63,63,63,54,54,44,73,70,70,49,49,61,61,55,55,55,21,3,34,34,34,34,11,65,70,70,70,80,66,66,66,66,66,66,28,28,0],"items_purged":["Normality"],"gold":48,"score":853,"play_id":"9e48cc07-43cd-4448-bde3-68aed3a2db2e","local_time":"20180611111340","is_prod":false,"is_daily":false,"chose_seed":false,"is_ascension_mode":true,"campfire_upgraded":12,"win_rate":0,"timestamp":1528737220,"campfire_choices":[{"data":"Zap","floor":6,"key":"SMITH"},{"data":"Defragment","floor":10,"key":"SMITH"},{"data":"Hologram","floor":12,"key":"SMITH"},{"data":"Streamline","floor":15,"key":"SMITH"},{"data":"Defragment","floor":23,"key":"SMITH"},{"data":"Redo","floor":25,"key":"SMITH"},{"data":"Ball Lightning","floor":30,"key":"SMITH"},{"data":"Streamline","floor":32,"key":"SMITH"},{"data":"Go for the Eyes","floor":40,"key":"SMITH"},{"data":"Secret Technique","floor":42,"key":"SMITH"},{"data":"Machine Learning","floor":44,"key":"SMITH"},{"data":"Consume","floor":46,"key":"SMITH"}],"path_taken":["M","?","M","M","?","R","?","E","T","R","M","R","$","E","R","BOSS","M","$","?","?","M","R","M","R","T","?","M","M","R","?","R","BOSS","M","$","?","$","M","R","?","R","T","R","E","R","E"],"build_version":"2018-06-08","seed_source_timestamp":10108686718477,"purchased_purges":1,"victory":false,"master_deck":["Strike_B","Strike_B","Defend_B","Defend_B","Defend_B","Defend_B+1","Zap+1","Dualcast+1","AscendersBane","Hologram+1","Self Repair","Streamline+1","Streamline+1","Defragment+1","Cold Snap","Mind Blast","Redo+1","Machine Learning+1","Lockon+1","Defragment+1","Ball Lightning+1","Go for the Eyes+1","Steam+1","Capacitor","Cold Snap","All For One","Ball Lightning+1","All For One","Normality","Secret Technique+1","Go for the Eyes+1","Static Discharge+1","Ball Lightning","Consume+1"],"max_hp_per_floor":[78,78,78,78,83,83,83,83,83,83,83,83,83,83,83,83,83,83,83,83,83,83,83,83,83,83,83,83,83,83,83,83,83,83,83,83,83,93,93,93,93,93,93,93,93,93,93],"relics":["Cracked Core","Boot","Blood Vial","Bird Faced Urn","Velvet Choker","Enchiridion","War Paint","Inserter","Oddly Smooth Stone","Pear","Frozen Egg 2","Meat on the Bone","Regal Pillow"],"card_choices":[{"not_picked":["Redo","Compile Driver"],"picked":"Hologram","floor":1},{"not_picked":["Fusion","Sweeping Beam"],"picked":"Self Repair","floor":3},{"not_picked":["Hologram","Undo"],"picked":"Streamline","floor":4},{"not_picked":["Beam Cell","Sweeping Beam"],"picked":"Defragment","floor":8},{"not_picked":["Rip and Tear","Tempest"],"picked":"Cold Snap","floor":11},{"not_picked":["Blizzard","Undo"],"picked":"Redo","floor":14},{"not_picked":["Rainbow","Core Surge"],"picked":"Machine Learning","floor":16},{"not_picked":["Steam","Skim"],"picked":"Lockon+1","floor":18},{"not_picked":["Self Repair+1","Turbo"],"picked":"Go for the Eyes+1","floor":22},{"not_picked":["Steam Power","Go for the Eyes"],"picked":"Steam+1","floor":24},{"not_picked":["Tempest","Steam"],"picked":"Capacitor","floor":27},{"not_picked":["Capacitor","Self Repair"],"picked":"Cold Snap","floor":28},{"not_picked":["Self Repair","Gash","Multi-Cast"],"picked":"SKIP","floor":29},{"not_picked":["Electrodynamics","Reboot"],"picked":"All For One","floor":33},{"not_picked":["Streamline","Rip and Tear+1"],"picked":"Ball Lightning","floor":35},{"not_picked":["Compile Driver+1","Lockon+1"],"picked":"Ball Lightning","floor":39},{"not_picked":["Cold Snap","Barrage"],"picked":"Consume","floor":45}],"player_experience":680375,"potions_floor_usage":[11,33,45,45],"damage_taken":[{"damage":1,"enemies":"Cultist","floor":1,"turns":3},{"damage":8,"enemies":"Jaw Worm","floor":3,"turns":4},{"damage":0,"enemies":"2 Louse","floor":4,"turns":3},{"damage":20,"enemies":"Lagavulin","floor":8,"turns":7},{"damage":7,"enemies":"Exordium Wildlife","floor":11,"turns":3},{"damage":18,"enemies":"3 Sentries","floor":14,"turns":6},{"damage":23,"enemies":"Hexaghost","floor":16,"turns":8},{"damage":16,"enemies":"Spheric Guardian","floor":18,"turns":4},{"damage":7,"enemies":"Chosen","floor":22,"turns":4},{"damage":25,"enemies":"3 Cultists","floor":24,"turns":5},{"damage":44,"enemies":"Slaver and Parasite","floor":27,"turns":5},{"damage":24,"enemies":"Snake Plant","floor":28,"turns":2},{"damage":9,"enemies":"Centurion and Healer","floor":29,"turns":5},{"damage":44,"enemies":"Automaton","floor":33,"turns":8},{"damage":12,"enemies":"Orb Walker","floor":35,"turns":4},{"damage":33,"enemies":"3 Darklings","floor":39,"turns":3},{"damage":67,"enemies":"2 Orb Walkers","floor":45,"turns":5},{"damage":48,"enemies":"Giant Head","floor":47,"turns":7}],"relics_obtained":[{"floor":8,"key":"Boot"},{"floor":9,"key":"Blood Vial"},{"floor":14,"key":"Bird Faced Urn"},{"floor":20,"key":"Enchiridion"},{"floor":26,"key":"War Paint"},{"floor":43,"key":"Meat on the Bone"},{"floor":45,"key":"Regal Pillow"}],"event_choices":[{"event_name":"The Cleric","player_choice":"Card Removal","floor":2,"damage_taken":0},{"event_name":"Big Fish","player_choice":"Donut","floor":5,"damage_taken":0},{"event_name":"Transmorgrifier","player_choice":"Transform","floor":7,"damage_taken":0},{"event_name":"Cursed Tome","player_choice":"Obtained Book","floor":20,"damage_taken":0},{"event_name":"Beggar","player_choice":"Ignored","floor":21,"damage_taken":0},{"event_name":"The Mausoleum","player_choice":"No","floor":31,"damage_taken":0},{"event_name":"MindBloom","player_choice":"Gold","floor":37,"damage_taken":0},{"event_name":"Accursed Blacksmith","player_choice":"Forge","floor":41,"damage_taken":0}],"boss_relics":[{"not_picked":["Tiny House","Eternal Feather"],"picked":"Velvet Choker"},{"not_picked":["Black Star","Snecko Eye"],"picked":"Inserter"}],"items_purged_floors":[38],"potions_floor_spawned":[3,4,8,14,18,24,33,39],"seed_played":"4257583190816587883","killed_by":"Giant Head","ascension_level":15,"potions_obtained":[{"floor":3,"key":"FearPotion"},{"floor":4,"key":"FairyPotion"},{"floor":14,"key":"SteroidPotion"},{"floor":33,"key":"LiquidBronze"}],"is_trial":false}