{"gold_per_floor":[116,191,202,252,1,1,12,37,37,37,53,82,82,99,99,172,172,186,162,162],"floor_reached":20,"playtime":781,"items_purged":[],"score":350,"play_id":"473f958e-7094-45ff-a44f-ffd440d01391","local_time":"20190112133714","is_ascension_mode":true,"campfire_choices":[{"data":"Neutralize","floor":6,"key":"SMITH"},{"data":"Footwork","floor":10,"key":"SMITH"},{"data":"Noxious Fumes","floor":15,"key":"SMITH"}],"neow_cost":"NONE","seed_source_timestamp":243745252569833,"circlet_count":0,"master_deck":["AscendersBane","Defend_G","Defend_G","Defend_G","Defend_G","Defend_G","Strike_G","Strike_G","Strike_G","Strike_G","Strike_G","Survivor","Neutralize+1","Dagger Throw","Slice","Well Laid Plans","Footwork+1","Burst","Poisoned Stab","Noxious Fumes+1","Backstab","Corpse Explosion","Footwork","Footwork+1"],"relics":["Ring of the Snake","NeowsBlessing","PreservedInsect","Shovel","Torii","Blood Vial","Velvet Choker"],"potions_floor_usage":[8,19,20],"damage_taken":[{"damage":0,"enemies":"Jaw Worm","floor":1,"turns":1},{"damage":0,"enemies":"2 Louse","floor":3,"turns":1},{"damage":0,"enemies":"Cultist","floor":7,"turns":1},{"damage":3,"enemies":"3 Sentries","floor":8,"turns":11},{"damage":2,"enemies":"3 Louse","floor":11,"turns":6},{"damage":28,"enemies":"Gremlin Nob","floor":12,"turns":4},{"damage":1,"enemies":"2 Fungi Beasts","floor":14,"turns":4},{"damage":3,"enemies":"Hexaghost","floor":16,"turns":10},{"damage":6,"enemies":"3 Byrds","floor":18,"turns":2},{"damage":15,"enemies":"2 Thieves","floor":19,"turns":4},{"damage":38,"enemies":"Colosseum Slavers","floor":20,"turns":3}],"seed_played":"1216722540242654040","potions_obtained":[{"floor":7,"key":"SkillPotion"},{"floor":12,"key":"SneckoOil"},{"floor":18,"key":"Poison Potion"}],"is_trial":false,"path_per_floor":["M","?","M","?","$","R","M","E","T","R","M","E","?","M","R","B",null,"M","M","?"],"character_chosen":"THE_SILENT","items_purchased":["PreservedInsect","Well Laid Plans"],"campfire_rested":0,"item_purchase_floors":[5,5],"current_hp_per_floor":[59,48,48,42,42,42,42,39,39,39,37,9,9,10,10,9,52,48,35,0],"gold":162,"neow_bonus":"THREE_ENEMY_KILL","is_prod":false,"is_daily":false,"chose_seed":false,"campfire_upgraded":3,"win_rate":0,"timestamp":1547325434,"path_taken":["M","?","M","?","$","R","?","E","T","R","M","E","?","M","R","BOSS","M","M","?"],"build_version":"2019-01-10","purchased_purges":0,"victory":false,"max_hp_per_floor":[66,66,66,66,66,66,66,66,66,66,66,66,66,66,66,66,66,66,66,66],"card_choices":[{"not_picked":["Outmaneuver","Flying Knee"],"picked":"Dagger Throw","floor":1},{"not_picked":["Heel Hook","Blade Dance"],"picked":"Slice","floor":3},{"not_picked":["Reflex","Acrobatics"],"picked":"Footwork","floor":7},{"not_picked":["Underhanded Strike","Slice"],"picked":"Burst","floor":8},{"not_picked":["Dodge and Roll","Outmaneuver"],"picked":"Poisoned Stab","floor":11},{"not_picked":["Cloak And Dagger","Masterful Stab"],"picked":"Noxious Fumes","floor":12},{"not_picked":["Tactician","Skewer"],"picked":"Backstab","floor":14},{"not_picked":["Glass Knife","Grand Finale"],"picked":"Corpse Explosion","floor":16},{"not_picked":["Deflect","Bouncing Flask"],"picked":"Footwork","floor":18},{"not_picked":["Deadly Poison","Skewer"],"picked":"Footwork+1","floor":19}],"player_experience":1193830,"relics_obtained":[{"floor":8,"key":"Shovel"},{"floor":9,"key":"Torii"},{"floor":12,"key":"Blood Vial"}],"event_choices":[{"damage_healed":0,"gold_gain":75,"player_choice":"Gather Gold","damage_taken":11,"max_hp_gain":0,"max_hp_loss":0,"event_name":"World of Goop","floor":2,"gold_loss":0},{"damage_healed":0,"gold_gain":50,"player_choice":"Touch","damage_taken":6,"max_hp_gain":0,"max_hp_loss":0,"event_name":"FaceTrader","floor":4,"gold_loss":0},{"damage_healed":0,"gold_gain":0,"player_choice":"Ignored","damage_taken":0,"max_hp_gain":0,"max_hp_loss":0,"event_name":"Shining Light","floor":13,"gold_loss":0},{"damage_healed":0,"gold_gain":0,"player_choice":"Fight","damage_taken":0,"max_hp_gain":0,"max_hp_loss":0,"event_name":"Colosseum","floor":20,"gold_loss":0}],"is_beta":true,"boss_relics":[{"not_picked":["HoveringKite","Eternal Feather"],"picked":"Velvet Choker"}],"items_purged_floors":[],"is_endless":false,"potions_floor_spawned":[7,12,18],"killed_by":"Colosseum Slavers","ascension_level":18}