{"gold_per_floor":[115,128,128,303,317,352,352,3,27,61,61,77,3,3,15,126,138,166,190,48,68,79,110,110,127,151,151,151,171,206,222,222,321,321,333,351,367,377,241,268,9,9,34,34,54,0,0,27,27,27],"floor_reached":51,"playtime":6712,"items_purged":["Doubt","Doubt","Strike_B+1"],"score":782,"play_id":"fc52560a-4613-4442-9485-b09c37acc6c5","local_time":"20190124023114","is_ascension_mode":false,"campfire_choices":[{"floor":7,"key":"REST"},{"floor":11,"key":"REST"},{"data":"Rainbow","floor":15,"key":"SMITH"},{"floor":24,"key":"REST"},{"data":"Electrodynamics","floor":32,"key":"SMITH"},{"data":"Secret Technique","floor":42,"key":"SMITH"},{"floor":44,"key":"REST"},{"floor":49,"key":"REST"}],"neow_cost":"NONE","seed_source_timestamp":38204336386425,"circlet_count":0,"master_deck":["Defend_B","Defend_B","Defend_B","Defend_B","Zap+1","Dualcast+1","Capacitor","Self Repair","FTL","Static Discharge","Heatsinks","Master of Strategy","Dramatic Entrance","Hologram","White Noise","Chill","Chaos","Rainbow+1","Biased Cognition","Chill+1","Hologram","Heatsinks","Tempest","Coolheaded","Blizzard+1","Defragment","Cold Snap+1","Doom and Gloom","Cold Snap","Glacier","Electrodynamics+1","Amplify","Amplify+1","Gash+1","Redo+1","Glacier","Skim+1","Cold Snap+1","Redo","Defragment","White Noise","Seek","Secret Technique+1","Parasite","Gash+1","Leap+1","Cold Snap","Storm+1"],"relics":["Cracked Core","Dream Catcher","Membership Card","Bronze Scales","Ornamental Fan","MawBank","Cursed Key","Bag of Preparation","Dodecahedron","Happy Flower","MutagenicStrength","Pen Nib","Astrolabe","Question Card","Chemical X","Centennial Puzzle","Red Mask","War Paint"],"potions_floor_usage":[6,6,21,22,30,30,37,38,38,38,50],"damage_taken":[{"damage":6,"enemies":"Jaw Worm","floor":1,"turns":3},{"damage":6,"enemies":"Small Slimes","floor":2,"turns":5},{"damage":0,"enemies":"2 Louse","floor":5,"turns":2},{"damage":21,"enemies":"Lagavulin","floor":6,"turns":8},{"damage":32,"enemies":"3 Sentries","floor":10,"turns":5},{"damage":0,"enemies":"Lots of Slimes","floor":12,"turns":2},{"damage":51,"enemies":"The Guardian","floor":16,"turns":9},{"damage":11,"enemies":"3 Byrds","floor":18,"turns":3},{"damage":20,"enemies":"Shell Parasite","floor":19,"turns":5},{"damage":3,"enemies":"Shelled Parasite and Fungi","floor":21,"turns":6},{"damage":0,"enemies":"Centurion and Healer","floor":22,"turns":8},{"damage":22,"enemies":"Book of Stabbing","floor":23,"turns":3},{"damage":3,"enemies":"Cultist and Chosen","floor":25,"turns":4},{"damage":0,"enemies":"Snecko","floor":29,"turns":4},{"damage":0,"enemies":"Slavers","floor":30,"turns":2},{"damage":5,"enemies":"Snake Plant","floor":31,"turns":4},{"damage":33,"enemies":"Automaton","floor":33,"turns":7},{"damage":11,"enemies":"3 Darklings","floor":35,"turns":3},{"damage":0,"enemies":"3 Shapes","floor":36,"turns":3},{"damage":0,"enemies":"Transient","floor":37,"turns":5},{"damage":15,"enemies":"Spire Growth","floor":38,"turns":3},{"damage":29,"enemies":"Reptomancer","floor":40,"turns":7},{"damage":6,"enemies":"4 Shapes","floor":45,"turns":1},{"damage":1,"enemies":"Nemesis","floor":48,"turns":7},{"damage":26,"enemies":"Awakened One","floor":50,"turns":8}],"seed_played":"-259301118754011984","potions_obtained":[{"floor":2,"key":"AttackPotion"},{"floor":5,"key":"SpeedPotion"},{"floor":10,"key":"Ancient Potion"},{"floor":16,"key":"Dexterity Potion"},{"floor":19,"key":"Fire Potion"},{"floor":25,"key":"Swift Potion"},{"floor":29,"key":"Fruit Juice"},{"floor":31,"key":"Explosive Potion"},{"floor":33,"key":"FearPotion"},{"floor":36,"key":"Energy Potion"},{"floor":37,"key":"SpeedPotion"},{"floor":48,"key":"GamblersBrew"}],"is_trial":false,"path_per_floor":["M","M","?","?","M","E","R","$","T","E","R","M","$","?","R","B",null,"M","M","$","M","M","E","R","M","T","?","?","M","E","M","R","B",null,"M","M","M","M","$","E","$","R","T","R","M","?","$","E","R","B",null],"character_chosen":"DEFECT","items_purchased":["Membership Card","Master of Strategy","Dramatic Entrance","Hologram","Rainbow","Heatsinks","Bag of Preparation","Redo","Defragment","White Noise","Chemical X","Secret Technique"],"campfire_rested":5,"item_purchase_floors":[8,8,8,8,13,20,20,39,39,39,41,41],"current_hp_per_floor":[76,70,54,54,61,47,71,71,71,46,70,70,70,63,63,19,82,78,65,65,69,76,61,82,82,82,82,82,82,87,82,82,56,87,76,87,87,72,72,50,50,50,50,76,70,70,70,83,87,68],"gold":27,"neow_bonus":"TEN_PERCENT_HP_BONUS","is_prod":false,"is_daily":false,"chose_seed":false,"campfire_upgraded":3,"win_rate":0.0,"timestamp":1548293474,"path_taken":["M","M","?","?","M","E","R","$","T","E","R","M","$","?","R","BOSS","M","M","$","M","M","E","R","M","T","?","?","M","E","M","R","BOSS","M","?","M","M","$","E","$","R","T","R","M","?","?","E","R","BOSS"],"build_version":"2019-01-23","purchased_purges":3,"victory":true,"max_hp_per_floor":[82,82,82,82,82,82,82,82,82,82,82,82,82,82,82,82,82,82,82,82,82,82,82,82,82,82,82,82,82,87,87,87,87,87,87,87,87,87,87,87,87,87,87,87,87,87,87,87,87,87],"card_choices":[{"not_picked":["Leap","Rebound"],"picked":"Capacitor","floor":1},{"not_picked":["Darkness","Force Field"],"picked":"Self Repair","floor":2},{"not_picked":["Hologram","Cold Snap"],"picked":"FTL","floor":5},{"not_picked":["Hello World","White Noise"],"picked":"Static Discharge","floor":6},{"not_picked":["Compile Driver","Cold Snap"],"picked":"Heatsinks","floor":7},{"not_picked":["Sweeping Beam","Lockon"],"picked":"White Noise","floor":10},{"not_picked":["Steam","Doom and Gloom"],"picked":"Chill","floor":11},{"not_picked":["Buffer","Sweeping Beam"],"picked":"Chaos","floor":12},{"not_picked":["Multi-Cast","All For One"],"picked":"Biased Cognition","floor":16},{"not_picked":["Genetic Algorithm","Beam Cell"],"picked":"Chill","floor":18},{"not_picked":["Leap+1","Ball Lightning"],"picked":"Hologram","floor":19},{"not_picked":["Hologram","Stack+1"],"picked":"Tempest","floor":21},{"not_picked":["Beam Cell","Scrape"],"picked":"Coolheaded","floor":22},{"not_picked":["BootSequence","Compile Driver"],"picked":"Blizzard+1","floor":23},{"not_picked":["Redo","Rebound"],"picked":"Defragment","floor":24},{"not_picked":["Go for the Eyes","Fusion"],"picked":"Cold Snap+1","floor":25},{"not_picked":["Conserve Battery","Blizzard"],"picked":"Cold Snap","floor":29},{"not_picked":["Heatsinks","Coolheaded"],"picked":"Glacier","floor":30},{"not_picked":["White Noise","Reprogram"],"picked":"Electrodynamics","floor":31},{"not_picked":["Fission","Seek"],"picked":"Amplify","floor":33},{"not_picked":["Heatsinks","Stack+1"],"picked":"Redo+1","floor":35},{"not_picked":["Conserve Battery","Streamline"],"picked":"Glacier","floor":36},{"not_picked":["Conserve Battery","Barrage"],"picked":"Skim+1","floor":37},{"not_picked":["Barrage+1","Steam"],"picked":"Cold Snap+1","floor":38},{"not_picked":["Conserve Battery","Darkness+1"],"picked":"Seek","floor":40},{"not_picked":["Sweeping Beam","Streamline+1","Beam Cell+1"],"picked":"Gash+1","floor":44},{"not_picked":["Melter+1","Compile Driver","Scrape+1"],"picked":"Leap+1","floor":45},{"not_picked":["Ball Lightning+1","Sweeping Beam","Go for the Eyes+1"],"picked":"Cold Snap","floor":48},{"not_picked":["Cold Snap+1","Sweeping Beam","Rebound"],"picked":"Storm+1","floor":49}],"player_experience":18331,"relics_obtained":[{"floor":6,"key":"Dream Catcher"},{"floor":9,"key":"Bronze Scales"},{"floor":10,"key":"Ornamental Fan"},{"floor":23,"key":"Dodecahedron"},{"floor":26,"key":"Happy Flower"},{"floor":30,"key":"Pen Nib"},{"floor":40,"key":"Question Card"},{"floor":43,"key":"Centennial Puzzle"},{"floor":48,"key":"War Paint"}],"event_choices":[{"damage_healed":0,"gold_gain":0,"player_choice":"Entered Light","damage_taken":16,"max_hp_gain":0,"max_hp_loss":0,"event_name":"Shining Light","floor":3,"gold_loss":0,"cards_upgraded":["Strike_B","Dualcast"]},{"damage_healed":0,"gold_gain":175,"player_choice":"AGREE","damage_taken":0,"max_hp_gain":0,"max_hp_loss":0,"event_name":"Liars Game","floor":4,"gold_loss":0,"cards_obtained":["Doubt"]},{"damage_healed":0,"gold_gain":0,"player_choice":"Success","damage_taken":7,"relics_obtained":["MawBank"],"max_hp_gain":0,"max_hp_loss":0,"event_name":"Scrap Ooze","floor":14,"gold_loss":0},{"damage_healed":0,"gold_gain":0,"player_choice":"Inject Mutagens","damage_taken":0,"relics_obtained":["MutagenicStrength"],"max_hp_gain":0,"max_hp_loss":0,"event_name":"Drug Dealer","floor":27,"gold_loss":0},{"damage_healed":0,"gold_gain":0,"cards_transformed":["Strike_B"],"player_choice":"Transformed","damage_taken":0,"max_hp_gain":0,"max_hp_loss":0,"event_name":"Transmorgrifier","floor":28,"gold_loss":0,"cards_obtained":["Doom and Gloom"]},{"damage_healed":0,"gold_gain":0,"player_choice":"Paid","damage_taken":0,"relics_obtained":["Red Mask"],"max_hp_gain":0,"max_hp_loss":0,"event_name":"Tomb of Lord Red Mask","floor":46,"gold_loss":54}],"is_beta":false,"boss_relics":[{"not_picked":["Tiny House","Ectoplasm"],"picked":"Cursed Key"},{"not_picked":["Eternal Feather","Snecko Eye"],"picked":"Astrolabe"}],"items_purged_floors":[20,39,41],"is_endless":false,"potions_floor_spawned":[2,5,10,16,19,25,29,31,33,36,37,48],"ascension_level":0}