{"gold_per_floor":[113,129,129,129,154,154,175,195,195,195,230,245,268,309,309,309],"floor_reached":16,"playtime":873,"items_purged":[],"score":153,"play_id":"8cd2163a-97f9-4167-9a6f-944a986ec4b8","local_time":"20190218105548","is_ascension_mode":true,"campfire_choices":[{"data":"Anger","floor":6,"key":"SMITH"},{"floor":15,"key":"RECALL"}],"neow_cost":"NONE","seed_source_timestamp":2602898766780493,"circlet_count":0,"master_deck":["Strike_R","Strike_R","Strike_R","Strike_R","Defend_R+1","Defend_R","Defend_R","Defend_R+1","Bash","Pummel","Anger+1","Limit Break","Body Slam","Anger","Dropkick","Intimidate","Inflame","Heavy Blade"],"relics":["Burning Blood","NeowsBlessing","Golden Idol","War Paint","Bag of Preparation","Mercury Hourglass"],"potions_floor_usage":[7,16],"damage_taken":[{"damage":0,"enemies":"Small Slimes","floor":1,"turns":1},{"damage":0,"enemies":"Jaw Worm","floor":2,"turns":1},{"damage":0,"enemies":"2 Louse","floor":5,"turns":1},{"damage":21,"enemies":"Exordium Wildlife","floor":7,"turns":6},{"damage":8,"enemies":"Red Slaver","floor":8,"turns":5},{"damage":35,"enemies":"Gremlin Nob","floor":11,"turns":5},{"damage":6,"enemies":"Looter","floor":12,"turns":2},{"damage":0,"enemies":"Large Slime","floor":13,"turns":4},{"damage":0,"enemies":"Lagavulin","floor":14,"turns":4},{"damage":39,"enemies":"The Guardian","floor":16,"turns":6}],"seed_played":"4450448551853913364","potions_obtained":[{"floor":5,"key":"Regen Potion"},{"floor":11,"key":"Dexterity Potion"},{"floor":14,"key":"GamblersBrew"}],"is_trial":false,"path_per_floor":["M","M","?","?","M","R","M","M","T","$","E","M","M","E","R","B"],"character_chosen":"IRONCLAD","items_purchased":[],"campfire_rested":0,"item_purchase_floors":[],"current_hp_per_floor":[80,80,80,60,66,66,56,54,54,54,25,25,31,37,37,0],"gold":309,"neow_bonus":"THREE_ENEMY_KILL","is_prod":false,"is_daily":false,"chose_seed":false,"campfire_upgraded":1,"win_rate":0,"timestamp":1550487348,"path_taken":["M","M","?","?","M","R","M","M","T","$","E","?","M","E","R","BOSS"],"build_version":"2019-01-23","purchased_purges":0,"victory":false,"max_hp_per_floor":[80,80,80,80,80,80,80,80,80,80,80,80,80,80,80,80],"card_choices":[{"not_picked":["Sword Boomerang","Evolve"],"picked":"Pummel","floor":1},{"not_picked":["Fire Breathing","Searing Blow"],"picked":"Anger","floor":2},{"not_picked":["Perfected Strike","Armaments"],"picked":"Body Slam","floor":5},{"not_picked":["Rupture","Berserk"],"picked":"Anger","floor":7},{"not_picked":["Perfected Strike","Warcry","Havoc"],"picked":"SKIP","floor":8},{"not_picked":["Clothesline","Perfected Strike"],"picked":"Dropkick","floor":11},{"not_picked":["Searing Blow","Havoc"],"picked":"Intimidate","floor":12},{"not_picked":["True Grit","Clash"],"picked":"Inflame","floor":13},{"not_picked":["Wild Strike","Clash"],"picked":"Heavy Blade","floor":14}],"player_experience":923394,"relics_obtained":[{"floor":9,"key":"War Paint"},{"floor":11,"key":"Bag of Preparation"},{"floor":14,"key":"Mercury Hourglass"}],"event_choices":[{"damage_healed":0,"gold_gain":0,"cards_transformed":["Strike_R"],"player_choice":"Change","damage_taken":0,"max_hp_gain":0,"max_hp_loss":0,"event_name":"Living Wall","floor":3,"gold_loss":0,"cards_obtained":["Limit Break"]},{"damage_healed":0,"gold_gain":0,"player_choice":"Take Damage","damage_taken":20,"relics_obtained":["Golden Idol"],"max_hp_gain":0,"max_hp_loss":0,"event_name":"Golden Idol","floor":4,"gold_loss":0}],"is_beta":false,"boss_relics":[],"items_purged_floors":[],"is_endless":false,"potions_floor_spawned":[5,11,14],"killed_by":"The Guardian","ascension_level":2}