{"gold_per_floor":[112,37,54,73,90,102,113,130,130,130,62,62,92,105,105,206,206,220,220,319,63,83,115,115,128,208,208,133,150,50,75,75,175,175,191,191,211,17,33,33,33,33,33,58,58,77,96,111,111,111],"floor_reached":51,"playtime":7003,"items_purged":["Strike_G","Bouncing Flask","Burst"],"score":821,"play_id":"49d016b5-f01a-4717-b5fc-0a6cbea3d605","local_time":"20190125154105","is_ascension_mode":false,"campfire_choices":[{"data":"Underhanded Strike","floor":10,"key":"SMITH"},{"data":"Reflex","floor":12,"key":"SMITH"},{"floor":15,"key":"REST"},{"data":"Tactician","floor":24,"key":"SMITH"},{"data":"Tools of the Trade","floor":27,"key":"SMITH"},{"data":"Calculated Gamble","floor":32,"key":"SMITH"},{"data":"Tactician","floor":40,"key":"SMITH"},{"data":"Accuracy","floor":42,"key":"SMITH"},{"data":"Malaise","floor":45,"key":"SMITH"},{"data":"Cloak And Dagger","floor":49,"key":"SMITH"}],"neow_cost":"PERCENT_DAMAGE","seed_source_timestamp":171783679090880,"circlet_count":0,"master_deck":["Survivor","Neutralize","Underhanded Strike+1","Backflip","Dagger Throw","Dagger Throw","Reflex+1","Tools of the Trade+1","Cloak And Dagger","Unload","Tactician+1","Slice","Malaise+1","Acrobatics","Cloak And Dagger+1","Blade Dance+1","Cloak And Dagger+1","Calculated Gamble+1","Terror+1","Adrenaline+1","Prepared+1","Tactician+1","Backflip","Accuracy+1","Parasite","Blade Dance+1","Accuracy+1"],"relics":["Ring of the Snake","Matryoshka","Pantograph","Pandora\u0027s Box","Shuriken","Mango","Blood Vial","Ninja Scroll","Ice Cream","Astrolabe","Orichalcum","Frozen Egg 2","Dodecahedron"],"potions_floor_usage":[5,6,13,16,18,25,31,37,50],"damage_taken":[{"damage":0,"enemies":"2 Louse","floor":1,"turns":3},{"damage":0,"enemies":"Small Slimes","floor":3,"turns":6},{"damage":0,"enemies":"Cultist","floor":4,"turns":4},{"damage":0,"enemies":"Blue Slaver","floor":5,"turns":5},{"damage":9,"enemies":"Large Slime","floor":6,"turns":9},{"damage":0,"enemies":"Exordium Thugs","floor":7,"turns":4},{"damage":0,"enemies":"Looter","floor":8,"turns":4},{"damage":31,"enemies":"Gremlin Nob","floor":13,"turns":5},{"damage":7,"enemies":"Blue Slaver","floor":14,"turns":3},{"damage":31,"enemies":"The Guardian","floor":16,"turns":12},{"damage":10,"enemies":"2 Thieves","floor":18,"turns":4},{"damage":6,"enemies":"Shell Parasite","floor":22,"turns":4},{"damage":0,"enemies":"Gremlin Leader","floor":23,"turns":5},{"damage":9,"enemies":"Centurion and Healer","floor":25,"turns":4},{"damage":17,"enemies":"Snake Plant","floor":29,"turns":3},{"damage":0,"enemies":"Book of Stabbing","floor":31,"turns":2},{"damage":46,"enemies":"Automaton","floor":33,"turns":7},{"damage":9,"enemies":"3 Shapes","floor":35,"turns":2},{"damage":0,"enemies":"3 Darklings","floor":37,"turns":3},{"damage":0,"enemies":"Spire Growth","floor":39,"turns":2},{"damage":0,"enemies":"Reptomancer","floor":44,"turns":1},{"damage":0,"enemies":"Writhing Mass","floor":46,"turns":3},{"damage":0,"enemies":"Jaw Worm Horde","floor":47,"turns":2},{"damage":0,"enemies":"Sphere and 2 Shapes","floor":48,"turns":2},{"damage":0,"enemies":"Awakened One","floor":50,"turns":4}],"seed_played":"-8159451048876710672","potions_obtained":[{"floor":3,"key":"EssenceOfSteel"},{"floor":5,"key":"Strength Potion"},{"floor":7,"key":"Explosive Potion"},{"floor":8,"key":"LiquidBronze"},{"floor":16,"key":"FearPotion"},{"floor":22,"key":"GamblersBrew"},{"floor":23,"key":"SkillPotion"},{"floor":25,"key":"SmokeBomb"},{"floor":29,"key":"AttackPotion"},{"floor":31,"key":"Dexterity Potion"},{"floor":35,"key":"Weak Potion"},{"floor":47,"key":"GhostInAJar"}],"is_trial":false,"path_per_floor":["M","$","M","M","M","M","M","M","T","R","$","R","E","M","R","B",null,"M","?","?","$","M","E","R","M","T","R","?","M","$","E","R","B",null,"M","?","M","$","M","R","$","R","T","E","R","M","M","M","R","B",null],"character_chosen":"THE_SILENT","items_purchased":["Reflex","Shuriken","Accuracy"],"campfire_rested":1,"item_purchase_floors":[11,21,38],"current_hp_per_floor":[49,49,49,49,49,40,40,40,40,40,40,40,9,2,23,17,70,60,60,60,60,54,68,68,59,59,59,59,44,44,46,46,27,84,75,75,77,77,79,79,79,79,79,81,81,83,84,84,84,84],"gold":111,"neow_bonus":"REMOVE_TWO","is_prod":false,"is_daily":false,"chose_seed":false,"campfire_upgraded":9,"win_rate":0.0,"timestamp":1548427265,"path_taken":["M","$","M","M","M","M","M","M","T","R","$","R","E","M","R","BOSS","M","?","?","$","M","E","R","M","T","R","?","M","$","E","R","BOSS","M","?","M","$","M","R","$","R","T","E","R","M","?","M","R","BOSS"],"build_version":"2019-01-23","purchased_purges":3,"victory":true,"max_hp_per_floor":[70,70,70,70,70,70,70,70,70,70,70,70,70,70,70,70,70,70,70,70,70,70,84,84,84,84,84,84,84,84,84,84,84,84,84,84,84,84,84,84,84,84,84,84,84,84,84,84,84,84],"card_choices":[{"not_picked":["Prepared","Deflect"],"picked":"Underhanded Strike","floor":1},{"not_picked":["Noxious Fumes","Escape Plan"],"picked":"Backflip","floor":3},{"not_picked":["Outmaneuver","PiercingWail"],"picked":"Catalyst","floor":4},{"not_picked":["Backstab","Flying Knee"],"picked":"Dagger Throw","floor":5},{"not_picked":["Cloak And Dagger","Deflect","Outmaneuver"],"picked":"SKIP","floor":6},{"not_picked":["Outmaneuver","Slice","Footwork"],"picked":"SKIP","floor":7},{"not_picked":["Accuracy","Endless Agony"],"picked":"Dagger Throw","floor":8},{"not_picked":["Masterful Stab","Footwork"],"picked":"Tools of the Trade","floor":13},{"not_picked":["Slice","Accuracy"],"picked":"Cloak And Dagger","floor":14},{"not_picked":["Corpse Explosion","Phantasmal Killer"],"picked":"Unload","floor":16},{"not_picked":["Leg Sweep","Sucker Punch","Riddle With Holes"],"picked":"SKIP","floor":18},{"not_picked":["Bane","Flying Knee"],"picked":"Cloak And Dagger","floor":22},{"not_picked":["Deflect","Blade Dance"],"picked":"Noxious Fumes","floor":23},{"not_picked":["Slice+1","Dagger Spray"],"picked":"Blade Dance+1","floor":25},{"not_picked":["Flying Knee","Noxious Fumes"],"picked":"Cloak And Dagger+1","floor":29},{"not_picked":["Doppelganger","Footwork"],"picked":"Calculated Gamble","floor":31},{"not_picked":["Venomology","Corpse Explosion"],"picked":"Burst","floor":33},{"not_picked":["All Out Attack","Acrobatics"],"picked":"Prepared+1","floor":35},{"not_picked":["Quick Slash","Outmaneuver"],"picked":"Backflip","floor":37},{"not_picked":["Masterful Stab+1","Deflect","Flying Knee+1"],"picked":"SKIP","floor":39},{"not_picked":["Masterful Stab+1","Deflect","Flying Knee+1"],"picked":"SKIP","floor":39},{"not_picked":["Die Die Die","Caltrops+1","Dagger Spray"],"picked":"SKIP","floor":44},{"not_picked":["Dagger Throw+1","Deflect"],"picked":"Blade Dance+1","floor":46},{"not_picked":["Escape Plan","Heel Hook"],"picked":"Accuracy+1","floor":47},{"not_picked":["Sucker Punch+1","Deadly Poison+1","Doppelganger"],"picked":"SKIP","floor":48}],"player_experience":65745,"relics_obtained":[{"floor":9,"key":"Matryoshka"},{"floor":13,"key":"Pantograph"},{"floor":23,"key":"Mango"},{"floor":26,"key":"Blood Vial"},{"floor":26,"key":"Ninja Scroll"},{"floor":31,"key":"Ice Cream"},{"floor":43,"key":"Orichalcum"},{"floor":43,"key":"Frozen Egg 2"},{"floor":44,"key":"Dodecahedron"}],"event_choices":[{"damage_healed":0,"gold_gain":0,"cards_transformed":["Heel Hook","Deflect"],"player_choice":"Became Test Subject","damage_taken":0,"max_hp_gain":0,"max_hp_loss":0,"event_name":"Drug Dealer","floor":19,"gold_loss":0,"cards_obtained":["Acrobatics","Sucker Punch"]},{"damage_healed":0,"gold_gain":99,"player_choice":"Stole From Cult","damage_taken":0,"max_hp_gain":0,"max_hp_loss":0,"event_name":"Nest","floor":20,"gold_loss":0},{"cards_removed":["Sucker Punch"],"damage_healed":0,"gold_gain":0,"player_choice":"Gave Gold","damage_taken":0,"max_hp_gain":0,"max_hp_loss":0,"event_name":"Beggar","floor":28,"gold_loss":75},{"damage_healed":0,"gold_gain":0,"cards_transformed":["Corpse Explosion"],"player_choice":"Transformed","damage_taken":0,"max_hp_gain":0,"max_hp_loss":0,"event_name":"Transmorgrifier","floor":36,"gold_loss":0,"cards_obtained":["Tactician"]}],"is_beta":false,"boss_relics":[{"not_picked":["Lizard Tail","Tiny House"],"picked":"Pandora\u0027s Box"},{"not_picked":["Orrery","Black Star"],"picked":"Astrolabe"}],"items_purged_floors":[2,30,38],"is_endless":false,"potions_floor_spawned":[3,5,7,8,16,22,23,25,29,31,35,47],"ascension_level":0}