{"gold_per_floor":[117,8,19,19,19,19,33,33,56,76,94,125,125,138,138,214,214,234,251,166,177,177,177,205,205,205,205,155,165,228,16,16,91,91,107,123,139,10,0,0,0,0,75,75,157,7,7,23,23,23],"floor_reached":50,"playtime":1723,"items_purged":["Strike_B+1"],"score":956,"play_id":"6bd40d1e-8c6c-4d3c-a9c7-235277b09234","local_time":"20190125180527","is_ascension_mode":true,"campfire_choices":[{"data":"Zap","floor":6,"key":"SMITH"},{"data":"Defragment","floor":8,"key":"SMITH"},{"data":"Storm","floor":13,"key":"SMITH"},{"data":"Capacitor","floor":15,"key":"SMITH"},{"data":"White Noise","floor":23,"key":"SMITH"},{"data":"Creative AI","floor":25,"key":"SMITH"},{"floor":27,"key":"REST"},{"data":"Amplify","floor":32,"key":"SMITH"},{"data":"Defragment","floor":40,"key":"SMITH"},{"data":"Consume","floor":42,"key":"SMITH"},{"data":"White Noise","floor":44,"key":"SMITH"},{"data":"Defragment","floor":47,"key":"SMITH"},{"floor":49,"key":"REST"}],"neow_cost":"NONE","seed_source_timestamp":1382094951902793,"circlet_count":0,"master_deck":["AscendersBane","Strike_B+1","Strike_B+1","Defend_B+1","Defend_B+1","Defend_B+1","Defend_B+1","Zap+1","Dualcast","Capacitor+1","Storm+1","Conserve Battery","Conserve Battery","Defragment+1","Cold Snap","Undo","Thunder Strike","Leap","Electrodynamics","White Noise+1","Amplify+1","Cold Snap","Creative AI+1","Echo Form","Leap+1","White Noise+1","Defragment+1","Consume+1","Defragment+1"],"relics":["FrozenCore","Bronze Scales","Dead Branch","Cables","Vajra","Blue Candle","Tiny Chest","Lee\u0027s Waffle","Velvet Choker","Red Mask","Question Card","Shuriken"],"potions_floor_usage":[10,12,16,16,24,33,37,50],"damage_taken":[{"damage":4,"enemies":"Small Slimes","floor":1,"turns":3},{"damage":4,"enemies":"Jaw Worm","floor":3,"turns":5},{"damage":3,"enemies":"2 Louse","floor":7,"turns":3},{"damage":14,"enemies":"Lots of Slimes","floor":10,"turns":3},{"damage":7,"enemies":"Large Slime","floor":11,"turns":4},{"damage":6,"enemies":"Lagavulin","floor":12,"turns":8},{"damage":2,"enemies":"2 Fungi Beasts","floor":14,"turns":3},{"damage":7,"enemies":"The Guardian","floor":16,"turns":7},{"damage":13,"enemies":"3 Byrds","floor":18,"turns":3},{"damage":10,"enemies":"Chosen","floor":19,"turns":5},{"damage":0,"enemies":"Snecko","floor":21,"turns":3},{"damage":8,"enemies":"Gremlin Leader","floor":24,"turns":5},{"damage":1,"enemies":"3 Cultists","floor":29,"turns":4},{"damage":14,"enemies":"Book of Stabbing","floor":30,"turns":4},{"damage":42,"enemies":"Collector","floor":33,"turns":6},{"damage":0,"enemies":"3 Darklings","floor":35,"turns":3},{"damage":3,"enemies":"Orb Walker","floor":36,"turns":4},{"damage":18,"enemies":"Maw","floor":37,"turns":6},{"damage":10,"enemies":"Writhing Mass","floor":48,"turns":4},{"damage":66,"enemies":"Awakened One","floor":50,"turns":3}],"seed_played":"1390541426848830272","potions_obtained":[{"floor":1,"key":"EssenceOfSteel"},{"floor":11,"key":"PowerPotion"},{"floor":12,"key":"Weak Potion"},{"floor":14,"key":"Strength Potion"},{"floor":21,"key":"Fire Potion"},{"floor":30,"key":"Dexterity Potion"},{"floor":33,"key":"Energy Potion"},{"floor":37,"key":"Explosive Potion"}],"is_trial":false,"path_per_floor":["M","$","M","?","$","R","M","R","T","M","M","E","R","M","R","B",null,"M","M","?","M","?","R","E","R","T","R","?","M","E","$","R","B",null,"M","M","M","$","?","R","?","R","T","R","T","$","R","M","R","B"],"character_chosen":"DEFECT","items_purchased":["Storm","Conserve Battery","Lee\u0027s Waffle","Defragment","Consume","Defragment"],"campfire_rested":2,"item_purchase_floors":[2,2,31,38,38,46],"current_hp_per_floor":[60,60,56,56,56,56,53,53,53,39,32,26,26,24,24,17,58,45,35,35,35,35,35,27,27,27,48,48,47,33,78,78,36,68,68,65,47,47,47,47,47,47,47,47,47,47,47,37,60,0],"gold":23,"neow_bonus":"REMOVE_CARD","is_prod":false,"is_daily":false,"chose_seed":false,"campfire_upgraded":11,"win_rate":0,"timestamp":1548464727,"path_taken":["M","$","M","?","?","R","M","R","T","M","M","E","R","M","R","BOSS","M","M","?","M","?","R","E","R","T","R","?","M","E","$","R","BOSS","M","M","?","$","?","R","?","R","T","R","?","$","R","?","R","BOSS"],"build_version":"2019-01-23","purchased_purges":1,"victory":false,"max_hp_per_floor":[71,71,71,71,71,71,71,71,71,71,71,71,71,71,71,71,71,71,71,71,71,71,71,71,71,71,71,71,71,71,78,78,78,78,78,78,78,78,78,78,78,78,78,78,78,78,78,78,78,78],"card_choices":[{"not_picked":["Hello World","Double Energy"],"picked":"Capacitor","floor":1},{"not_picked":["Blizzard","Rebound"],"picked":"Conserve Battery","floor":3},{"not_picked":["Beam Cell","Cold Snap"],"picked":"Defragment","floor":7},{"not_picked":["Rebound","Recycle"],"picked":"Cold Snap","floor":10},{"not_picked":["Sunder","Steam Power"],"picked":"Undo","floor":11},{"not_picked":["Lockon","Streamline"],"picked":"Thunder Strike","floor":12},{"not_picked":["Rip and Tear","Steam"],"picked":"Leap","floor":14},{"not_picked":["Meteor Strike","Hyperbeam"],"picked":"Electrodynamics","floor":16},{"not_picked":["Hologram","Compile Driver+1"],"picked":"White Noise","floor":18},{"not_picked":["Steam","Capacitor"],"picked":"Amplify","floor":19},{"not_picked":["Sunder","Coolheaded"],"picked":"Cold Snap","floor":21},{"not_picked":["Gash","Stack"],"picked":"Creative AI","floor":24},{"not_picked":["Leap","Chaos","Gash+1"],"picked":"SKIP","floor":29},{"not_picked":["Melter","Go for the Eyes","Barrage+1"],"picked":"SKIP","floor":30},{"not_picked":["Multi-Cast","Rainbow"],"picked":"Echo Form","floor":33},{"not_picked":["Hello World","Go for the Eyes"],"picked":"Leap+1","floor":35},{"not_picked":["Fusion","Compile Driver"],"picked":"White Noise","floor":36},{"not_picked":["Sweeping Beam","Loop","Rebound"],"picked":"SKIP","floor":37},{"not_picked":["Sweeping Beam+1","Go for the Eyes","Leap","Hyperbeam"],"picked":"SKIP","floor":48}],"player_experience":1247351,"relics_obtained":[{"floor":9,"key":"Bronze Scales"},{"floor":12,"key":"Dead Branch"},{"floor":24,"key":"Vajra"},{"floor":26,"key":"Blue Candle"},{"floor":30,"key":"Tiny Chest"},{"floor":43,"key":"Question Card"},{"floor":45,"key":"Shuriken"}],"event_choices":[{"damage_healed":0,"gold_gain":0,"player_choice":"Leave","damage_taken":0,"max_hp_gain":0,"max_hp_loss":0,"event_name":"The Cleric","floor":4,"gold_loss":0},{"damage_healed":0,"gold_gain":0,"player_choice":"Obtained Relic","damage_taken":0,"relics_obtained":["Cables"],"max_hp_gain":0,"max_hp_loss":0,"event_name":"Addict","floor":20,"gold_loss":85},{"damage_healed":0,"gold_gain":0,"player_choice":"Simplicity","damage_taken":0,"max_hp_gain":0,"max_hp_loss":0,"event_name":"Back to Basics","floor":22,"gold_loss":0,"cards_upgraded":["Strike_B","Strike_B","Strike_B","Defend_B","Defend_B","Defend_B","Defend_B"]},{"damage_healed":0,"gold_gain":0,"player_choice":"Bet on Owner","damage_taken":0,"max_hp_gain":0,"max_hp_loss":0,"event_name":"The Joust","floor":28,"gold_loss":50},{"damage_healed":0,"gold_gain":0,"player_choice":"Paid","damage_taken":0,"relics_obtained":["Red Mask"],"max_hp_gain":0,"max_hp_loss":0,"event_name":"Tomb of Lord Red Mask","floor":39,"gold_loss":10},{"damage_healed":0,"gold_gain":0,"player_choice":"Memory 1","damage_taken":0,"max_hp_gain":0,"max_hp_loss":0,"event_name":"SensoryStone","floor":41,"gold_loss":0}],"is_beta":true,"boss_relics":[{"not_picked":["White Beast Statue","Black Star"],"picked":"FrozenCore"},{"not_picked":["Coffee Dripper","Astrolabe"],"picked":"Velvet Choker"}],"items_purged_floors":[46],"is_endless":false,"potions_floor_spawned":[1,11,12,14,21,30,33,37],"killed_by":"Awakened One","ascension_level":20}