{"gold_per_floor":[119,136,136,136,150,150,150,150,173,213,213,226,12,37,37,127,127,147,35,50,0,18,18,59,59,59,83,108,147,147,166,166,262,325,349,329,270,284,26,42,60,60,60,60,60,78,78,91,91,91],"floor_reached":50,"playtime":2194,"items_purged":["Strike_G","Strike_G"],"score":1066,"play_id":"ad2549df-808c-4674-b643-912aabff8ee9","local_time":"20190119124545","is_ascension_mode":true,"campfire_choices":[{"data":"Neutralize","floor":6,"key":"SMITH"},{"data":"Footwork","floor":8,"key":"SMITH"},{"data":"Glass Knife","floor":11,"key":"SMITH"},{"data":"Cloak And Dagger","floor":15,"key":"SMITH"},{"data":"A Thousand Cuts","floor":23,"key":"SMITH"},{"data":"Cloak And Dagger","floor":25,"key":"SMITH"},{"floor":30,"key":"REST"},{"data":"Footwork","floor":32,"key":"SMITH"},{"floor":45,"key":"REST"},{"floor":47,"key":"REST"},{"data":"Dodge and Roll","floor":49,"key":"SMITH"}],"neow_cost":"NONE","seed_source_timestamp":844043192086558,"circlet_count":0,"master_deck":["AscendersBane","Defend_G","Defend_G","Defend_G","Defend_G","Defend_G","Strike_G","Strike_G","Strike_G","Survivor","Neutralize+1","Footwork+1","Masterful Stab","Sucker Punch","Glass Knife+1","Terror","Glass Knife","Cloak And Dagger+1","Slice+1","A Thousand Cuts+1","Dodge and Roll+1","Heel Hook","Cloak And Dagger+1","Dodge and Roll+1","Well Laid Plans","Endless Agony","Prepared+1","Footwork+1","PiercingWail+1","Backflip+1","Acrobatics+1","Cloak And Dagger+1","Backflip+1","Leg Sweep+1","Parasite","Deflect+1","Backflip+1"],"relics":["Ring of the Snake","NeowsBlessing","Golden Idol","Lantern","Shuriken","Sozu","Anchor","Dream Catcher","Toxic Egg 2","Torii","Tiny House","Pen Nib","Bronze Scales","CultistMask"],"potions_floor_usage":[5,10,18,50],"damage_taken":[{"damage":0,"enemies":"Cultist","floor":1,"turns":1},{"damage":0,"enemies":"Jaw Worm","floor":2,"turns":1},{"damage":0,"enemies":"Small Slimes","floor":5,"turns":1},{"damage":18,"enemies":"Lagavulin","floor":10,"turns":9},{"damage":0,"enemies":"2 Fungi Beasts","floor":12,"turns":2},{"damage":0,"enemies":"Red Slaver","floor":14,"turns":2},{"damage":0,"enemies":"Slime Boss","floor":16,"turns":7},{"damage":19,"enemies":"2 Thieves","floor":18,"turns":4},{"damage":0,"enemies":"Chosen","floor":20,"turns":3},{"damage":0,"enemies":"Centurion and Healer","floor":22,"turns":6},{"damage":10,"enemies":"Gremlin Leader","floor":24,"turns":5},{"damage":7,"enemies":"Sentry and Sphere","floor":27,"turns":5},{"damage":17,"enemies":"Shelled Parasite and Fungi","floor":28,"turns":4},{"damage":8,"enemies":"Book of Stabbing","floor":29,"turns":6},{"damage":0,"enemies":"Cultist and Chosen","floor":31,"turns":3},{"damage":21,"enemies":"Collector","floor":33,"turns":10},{"damage":11,"enemies":"3 Darklings","floor":35,"turns":3},{"damage":9,"enemies":"Orb Walker","floor":38,"turns":3},{"damage":0,"enemies":"Writhing Mass","floor":40,"turns":6},{"damage":11,"enemies":"Transient","floor":41,"turns":6},{"damage":19,"enemies":"Sphere and 2 Shapes","floor":46,"turns":5},{"damage":0,"enemies":"4 Shapes","floor":48,"turns":7},{"damage":57,"enemies":"Time Eater","floor":50,"turns":13}],"seed_played":"4990445807365596336","potions_obtained":[{"floor":1,"key":"Fruit Juice"},{"floor":5,"key":"AttackPotion"},{"floor":12,"key":"Dexterity Potion"},{"floor":16,"key":"FearPotion"}],"is_trial":false,"path_per_floor":["M","M","?","?","M","R","?","R","T","E","R","M","$","M","R","B",null,"M","$","M","?","M","R","E","R","T","M","M","E","R","M","R","B",null,"M","?","$","M","$","M","M","$","T","?","R","M","R","M","R","B"],"character_chosen":"THE_SILENT","items_purchased":["Glass Knife","Cloak And Dagger","Heel Hook","Backflip+1","Pen Nib"],"campfire_rested":3,"item_purchase_floors":[13,13,19,37,39],"current_hp_per_floor":[59,59,59,64,69,69,69,69,69,51,51,51,51,51,51,51,65,46,46,46,46,46,46,36,36,36,29,12,4,25,25,25,4,59,48,48,48,39,39,39,28,28,28,28,50,31,53,53,53,0],"gold":91,"neow_bonus":"THREE_ENEMY_KILL","is_prod":false,"is_daily":false,"chose_seed":false,"campfire_upgraded":8,"win_rate":0,"timestamp":1547927145,"path_taken":["M","?","?","?","M","R","?","R","T","E","R","M","$","M","R","BOSS","M","$","M","?","M","R","E","R","T","M","?","E","R","M","R","BOSS","M","?","$","?","$","M","M","?","T","?","R","M","R","M","R","BOSS"],"build_version":"2019-01-17","purchased_purges":2,"victory":false,"max_hp_per_floor":[66,66,60,65,70,70,70,70,70,70,70,70,70,70,70,70,70,70,70,70,70,70,70,70,70,70,70,70,70,70,70,70,70,75,75,75,75,75,75,75,75,75,75,75,75,75,75,75,75,75],"card_choices":[{"not_picked":["Deflect","Dash"],"picked":"Footwork","floor":1},{"not_picked":["Deadly Poison","Distraction"],"picked":"Masterful Stab","floor":2},{"not_picked":["Flying Knee","PiercingWail"],"picked":"Sucker Punch","floor":5},{"not_picked":["Quick Slash","PiercingWail"],"picked":"Glass Knife","floor":10},{"not_picked":["Backflip","Prepared"],"picked":"Terror","floor":12},{"not_picked":["Poisoned Stab","Noxious Fumes"],"picked":"Slice","floor":14},{"not_picked":["Storm of Steel","Corpse Explosion"],"picked":"A Thousand Cuts","floor":16},{"not_picked":["Bane","Prepared"],"picked":"Dodge and Roll+1","floor":18},{"not_picked":["Flying Knee","Poisoned Stab"],"picked":"Cloak And Dagger","floor":20},{"not_picked":["Expertise","Unload"],"picked":"Dodge and Roll","floor":22},{"not_picked":["Dagger Throw","Distraction"],"picked":"Well Laid Plans","floor":24},{"not_picked":["Calculated Gamble+1","Dagger Spray"],"picked":"Endless Agony","floor":27},{"not_picked":["Tactician+1","Poisoned Stab+1"],"picked":"Prepared+1","floor":28},{"not_picked":["Bane","PiercingWail+1"],"picked":"Footwork","floor":29},{"not_picked":["Choke","Underhanded Strike"],"picked":"PiercingWail+1","floor":30},{"not_picked":["Well Laid Plans","Bane"],"picked":"Backflip+1","floor":31},{"not_picked":["Concentrate+1","Poisoned Stab"],"picked":"Acrobatics+1","floor":34},{"not_picked":["Dagger Throw","Bane"],"picked":"Cloak And Dagger+1","floor":35},{"not_picked":["Backflip+1","Bane"],"picked":"Leg Sweep+1","floor":38},{"not_picked":["Outmaneuver+1","Dagger Spray","Setup+1"],"picked":"SKIP","floor":40},{"not_picked":["PiercingWail+1","Underhanded Strike","Slice"],"picked":"SKIP","floor":41},{"not_picked":["Dagger Throw","Storm of Steel+1","Sucker Punch+1"],"picked":"SKIP","floor":46},{"not_picked":["Outmaneuver+1","Escape Plan+1"],"picked":"Deflect+1","floor":47},{"not_picked":["Catalyst+1","Expertise+1"],"picked":"Backflip+1","floor":48}],"player_experience":1233981,"relics_obtained":[{"floor":9,"key":"Lantern"},{"floor":10,"key":"Shuriken"},{"floor":24,"key":"Dream Catcher"},{"floor":26,"key":"Toxic Egg 2"},{"floor":29,"key":"Torii"},{"floor":43,"key":"Bronze Scales"}],"event_choices":[{"damage_healed":0,"gold_gain":0,"player_choice":"Lose Max HP","damage_taken":0,"relics_obtained":["Golden Idol"],"max_hp_gain":0,"max_hp_loss":6,"event_name":"Golden Idol","floor":3,"gold_loss":0},{"damage_healed":0,"gold_gain":0,"player_choice":"Donut","damage_taken":0,"max_hp_gain":5,"max_hp_loss":0,"event_name":"Big Fish","floor":4,"gold_loss":0},{"damage_healed":0,"gold_gain":0,"player_choice":"Ignored","damage_taken":0,"max_hp_gain":0,"max_hp_loss":0,"event_name":"Liars Game","floor":7,"gold_loss":0},{"damage_healed":0,"gold_gain":0,"player_choice":"Paid Gold","damage_taken":0,"relics_obtained":["Anchor"],"max_hp_gain":0,"max_hp_loss":0,"event_name":"WeMeetAgain","floor":21,"gold_loss":50},{"damage_healed":0,"gold_gain":0,"player_choice":"Bought 1 Potion","damage_taken":0,"max_hp_gain":0,"max_hp_loss":0,"event_name":"The Woman in Blue","floor":36,"gold_loss":0},{"damage_healed":0,"gold_gain":0,"player_choice":"Trade","damage_taken":0,"relics_obtained":["CultistMask"],"max_hp_gain":0,"max_hp_loss":0,"event_name":"FaceTrader","floor":44,"gold_loss":0}],"is_beta":true,"boss_relics":[{"not_picked":["Busted Crown","Ring of the Serpent"],"picked":"Sozu"},{"not_picked":["Snecko Eye","Calling Bell"],"picked":"Tiny House"}],"items_purged_floors":[19,39],"is_endless":false,"potions_floor_spawned":[1,5,12,16,20,22,27,29,41,46],"killed_by":"Time Eater","ascension_level":19}