{"gold_per_floor":[111,36,36,1,14,41,41,53,76,76,76,90,90,34,34,108,108,119,119,44,44],"floor_reached":21,"playtime":616,"items_purged":[],"score":341,"play_id":"da0a20f5-91e5-4b64-bbae-5e2cb8f95883","local_time":"20190219222954","is_ascension_mode":true,"campfire_choices":[{"floor":7,"key":"REST"},{"floor":10,"key":"REST"},{"data":"Go for the Eyes","floor":13,"key":"SMITH"},{"floor":15,"key":"REST"}],"neow_cost":"NONE","seed_source_timestamp":188569846324800,"circlet_count":0,"master_deck":["AscendersBane","Strike_B","Strike_B","Defend_B","Defend_B","Defend_B","Defend_B","Zap","Dualcast","Melter","Go for the Eyes+1","Gash","Conserve Battery","Compile Driver","Leap","Creative AI","Stack+1"],"relics":["Cracked Core","PreservedInsect","Happy Flower","Inserter"],"potions_floor_usage":[16,16],"damage_taken":[{"damage":7,"enemies":"Jaw Worm","floor":1,"turns":3},{"damage":11,"enemies":"Small Slimes","floor":5,"turns":4},{"damage":62,"enemies":"3 Sentries","floor":6,"turns":9},{"damage":0,"enemies":"2 Louse","floor":8,"turns":3},{"damage":10,"enemies":"2 Fungi Beasts","floor":12,"turns":3},{"damage":41,"enemies":"The Guardian","floor":16,"turns":15},{"damage":0,"enemies":"Spheric Guardian","floor":18,"turns":2},{"damage":64,"enemies":"3 Byrds","floor":21,"turns":5}],"seed_played":"-2591576154117562732","potions_obtained":[{"floor":6,"key":"PowerPotion"},{"floor":8,"key":"Poison Potion"},{"floor":16,"key":"Regen Potion"}],"is_trial":false,"path_per_floor":["M","?","?","?","M","E","R","M","T","R","?","M","R","$","R","B",null,"M","$","?","M"],"character_chosen":"DEFECT","items_purchased":["Leap"],"campfire_rested":3,"item_purchase_floors":[14],"current_hp_per_floor":[64,64,57,76,65,3,26,26,26,49,49,39,39,39,62,21,64,64,64,64,0],"gold":44,"neow_bonus":"TEN_PERCENT_HP_BONUS","is_prod":false,"is_daily":false,"chose_seed":false,"campfire_upgraded":1,"win_rate":0,"timestamp":1550633394,"path_taken":["M","?","?","?","M","E","R","M","T","R","?","M","R","$","R","BOSS","M","$","?","M"],"build_version":"2019-01-23","purchased_purges":0,"victory":false,"max_hp_per_floor":[78,78,78,78,78,78,78,78,78,78,78,78,78,78,78,78,78,78,78,78,78],"card_choices":[{"not_picked":["Turbo","Chaos"],"picked":"Melter","floor":1},{"not_picked":["Force Field","Compile Driver"],"picked":"Go for the Eyes","floor":5},{"not_picked":["Static Discharge","Coolheaded"],"picked":"Gash","floor":6},{"not_picked":["Chaos","Barrage"],"picked":"Conserve Battery","floor":8},{"not_picked":["Aggregate","Barrage"],"picked":"Compile Driver","floor":12},{"not_picked":["Core Surge","Fission"],"picked":"Creative AI","floor":16},{"not_picked":["Redo","Barrage"],"picked":"Stack+1","floor":18}],"player_experience":1247090,"relics_obtained":[{"floor":6,"key":"PreservedInsect"},{"floor":9,"key":"Happy Flower"}],"event_choices":[{"damage_healed":0,"gold_gain":0,"player_choice":"Left Gold","damage_taken":0,"max_hp_gain":0,"max_hp_loss":0,"event_name":"World of Goop","floor":2,"gold_loss":75},{"cards_removed":["Strike_B"],"damage_healed":0,"gold_gain":0,"player_choice":"Card Removal","damage_taken":7,"max_hp_gain":0,"max_hp_loss":0,"event_name":"Golden Wing","floor":3,"gold_loss":0},{"damage_healed":19,"gold_gain":0,"player_choice":"Healed","damage_taken":0,"max_hp_gain":0,"max_hp_loss":0,"event_name":"The Cleric","floor":4,"gold_loss":35},{"damage_healed":0,"gold_gain":0,"player_choice":"Ignored","damage_taken":0,"max_hp_gain":0,"max_hp_loss":0,"event_name":"Liars Game","floor":11,"gold_loss":0},{"cards_removed":["Strike_B"],"damage_healed":0,"gold_gain":0,"player_choice":"Gave Gold","damage_taken":0,"max_hp_gain":0,"max_hp_loss":0,"event_name":"Beggar","floor":20,"gold_loss":75}],"is_beta":false,"boss_relics":[{"not_picked":["Astrolabe","Pandora\u0027s Box"],"picked":"Inserter"}],"items_purged_floors":[],"is_endless":false,"potions_floor_spawned":[6,8,16],"killed_by":"3 Byrds","ascension_level":19}