{"gold_per_floor":[111,111,42,42,42,42,70,81,81,6,6,16,16,34,34,138,138,156,167,98,98,115,115,145,156,156,156,191,191,191,191,191,289,289,302,316,316,330,151,176,176,276,276,286,354,39,39,55,55,55],"floor_reached":51,"playtime":1182,"items_purged":[],"score":1248,"play_id":"a937ddc4-3908-40b9-9fbf-e129b96d9356","local_time":"20180629113013","daily_mods":["Draft","Cursed Run","Hoarder"],"is_ascension_mode":true,"campfire_choices":[{"data":"Defragment","floor":6,"key":"SMITH"},{"data":"Storm","floor":11,"key":"SMITH"},{"data":"Storm","floor":13,"key":"SMITH"},{"data":"Storm","floor":15,"key":"SMITH"},{"data":"Defragment","floor":23,"key":"SMITH"},{"floor":27,"key":"REST"},{"floor":29,"key":"REST"},{"data":"Defragment","floor":32,"key":"SMITH"},{"data":"Mind Blast","floor":41,"key":"SMITH"},{"data":"Mind Blast","floor":47,"key":"SMITH"},{"data":"Mind Blast","floor":49,"key":"SMITH"}],"neow_cost":"","seed_source_timestamp":0,"circlet_count":0,"master_deck":["Demon Form","Wraith Form v2","Echo Form","Self Repair","Self Repair","Self Repair","Hologram+1","Hologram","Hologram","Force Field","Force Field","Force Field","Conserve Battery","Conserve Battery","Conserve Battery","Scrape","Scrape","Scrape","White Noise","White Noise","White Noise","Defragment+1","Defragment","Defragment","Gash","Gash","Gash","Sweeping Beam","Sweeping Beam","Sweeping Beam","Ball Lightning","Ball Lightning","Ball Lightning","Turbo","Turbo","Turbo","Go for the Eyes","Go for the Eyes+1","Go for the Eyes","Go for the Eyes","Go for the Eyes+1","Go for the Eyes","FTL","FTL","FTL","Gash","Gash","Gash+1","Beam Cell","Beam Cell","Beam Cell","Defragment+1","Defragment+1","Defragment","Electrodynamics","Electrodynamics","Electrodynamics","Storm+1","Storm+1","Storm+1","Regret","Regret","Regret","Capacitor","Capacitor","Capacitor","Echo Form","Echo Form","Echo Form","Regret","Regret","Regret","Static Discharge+1","Static Discharge+1","Static Discharge+1","Storm+1","Storm+1","Storm+1","Capacitor","Capacitor","Capacitor","Consume","Consume","Consume","Normality","Normality","Normality","Ghostly","Ghostly","Ghostly","Ghostly","Ghostly","Ghostly","Ghostly","Ghostly","Ghostly","Ghostly","Ghostly","Ghostly","Ghostly","Ghostly","Ghostly","Doubt","Doubt","Doubt","Seek","Seek","Seek","Mind Blast","Mind Blast+1","Mind Blast+1","Capacitor","Capacitor","Capacitor","Parasite","Parasite","Parasite","Parasite","Parasite","Parasite","Mind Blast","Mind Blast","Mind Blast+1","Loop","Loop","Loop","Normality","Normality","Normality"],"special_seed":17711,"relics":["Cursed Key","Darkstone Periapt","Du-Vu Doll","Calipers","Oddly Smooth Stone","Busted Crown","Bag of Preparation","Bottled Flame","Boot","Strawberry","Inserter","Shovel","Girya","Letter Opener","Whetstone"],"potions_floor_usage":[7,7,7,8,24,35],"damage_taken":[{"damage":0,"enemies":"Small Slimes","floor":1,"turns":2},{"damage":10,"enemies":"Gremlin Nob","floor":7,"turns":3},{"damage":3,"enemies":"Jaw Worm","floor":8,"turns":2},{"damage":0,"enemies":"Cultist","floor":12,"turns":2},{"damage":0,"enemies":"Gremlin Gang","floor":14,"turns":2},{"damage":0,"enemies":"Slime Boss","floor":16,"turns":3},{"damage":20,"enemies":"2 Thieves","floor":18,"turns":3},{"damage":10,"enemies":"Shell Parasite","floor":19,"turns":2},{"damage":10,"enemies":"Cultist and Chosen","floor":22,"turns":2},{"damage":21,"enemies":"Slavers","floor":24,"turns":3},{"damage":0,"enemies":"Snecko","floor":25,"turns":2},{"damage":12,"enemies":"Gremlin Leader","floor":28,"turns":2},{"damage":5,"enemies":"Automaton","floor":33,"turns":4},{"damage":22,"enemies":"3 Shapes","floor":35,"turns":2},{"damage":16,"enemies":"3 Darklings","floor":36,"turns":3},{"damage":0,"enemies":"Flame Bruiser 2 Orb","floor":38,"turns":2},{"damage":5,"enemies":"2 Orb Walkers","floor":40,"turns":3},{"damage":4,"enemies":"Maw","floor":44,"turns":4},{"damage":0,"enemies":"Sphere and 2 Shapes","floor":48,"turns":1},{"damage":3,"enemies":"Awakened One","floor":50,"turns":4}],"seed_played":"6162315489128863662","potions_obtained":[{"floor":1,"key":"PowerPotion"},{"floor":4,"key":"AttackPotion"},{"floor":4,"key":"FearPotion"},{"floor":4,"key":"EntropicBrew"},{"floor":12,"key":"Fire Potion"},{"floor":24,"key":"Fire Potion"},{"floor":28,"key":"FairyPotion"},{"floor":36,"key":"Strength Potion"}],"is_trial":true,"path_per_floor":["M","?","$","?","$","R","E","M","T","$","R","M","R","M","R","B",null,"M","M","$","?","M","R","E","M","T","R","E","R","?","?","R","B",null,"M","M","?","M","$","E","R","?","T","M","T","$","R","M","R","B"],"character_chosen":"DEFECT","items_purchased":["Defragment","Capacitor","Capacitor","Mind Blast","Capacitor","Mind Blast","Whetstone","Loop"],"campfire_rested":2,"item_purchase_floors":[3,10,20,39,39,46,46,46],"current_hp_per_floor":[75,60,60,60,60,60,50,47,53,53,53,60,60,67,67,80,87,74,64,64,47,37,37,16,16,22,51,39,68,49,56,56,57,62,40,24,54,54,54,49,49,49,55,51,57,57,57,57,57,60],"gold":55,"neow_bonus":"","is_prod":false,"is_daily":false,"chose_seed":false,"campfire_upgraded":9,"win_rate":0,"timestamp":1530293413,"path_taken":["M","?","$","?","$","R","E","M","T","?","R","M","R","M","R","BOSS","M","M","$","?","M","R","E","M","T","R","E","R","?","?","R","BOSS","M","M","?","M","$","E","R","?","T","M","?","$","R","M","R","BOSS"],"build_version":"2018-06-28","purchased_purges":0,"victory":true,"max_hp_per_floor":[75,75,75,75,75,75,75,75,81,81,81,81,81,81,81,87,87,87,87,87,92,92,92,92,92,98,98,98,98,49,56,56,62,62,62,62,54,54,54,54,54,54,60,60,66,66,66,66,66,72],"card_choices":[{"not_picked":["Streamline","Go for the Eyes"],"picked":"Self Repair","floor":0},{"not_picked":["Cold Snap","Coolheaded"],"picked":"Hologram","floor":0},{"not_picked":["BootSequence","Cold Snap"],"picked":"Force Field","floor":0},{"not_picked":["Stack","Go for the Eyes"],"picked":"Conserve Battery","floor":0},{"not_picked":["Rebound","Compile Driver"],"picked":"Scrape","floor":0},{"not_picked":["Capacitor","Force Field"],"picked":"White Noise","floor":0},{"not_picked":["Leap","Conserve Battery"],"picked":"Defragment","floor":0},{"not_picked":["Coolheaded","Undo"],"picked":"Gash","floor":0},{"not_picked":["Barrage","Blizzard"],"picked":"Sweeping Beam","floor":0},{"not_picked":["Compile Driver","Redo"],"picked":"Ball Lightning","floor":0},{"not_picked":["Aggregate","Steam Power"],"picked":"Turbo","floor":0},{"not_picked":["Fusion","Beam Cell"],"picked":"Go for the Eyes","floor":0},{"not_picked":["Rebound","Stack"],"picked":"Go for the Eyes","floor":0},{"not_picked":["Genetic Algorithm","Rebound"],"picked":"FTL","floor":0},{"not_picked":["Storm","Self Repair"],"picked":"Gash","floor":0},{"not_picked":["White Noise","Genetic Algorithm"],"picked":"Beam Cell","floor":1},{"not_picked":["Glacier","Hologram"],"picked":"Electrodynamics","floor":7},{"not_picked":["Redo","Go for the Eyes"],"picked":"Storm","floor":8},{"not_picked":["Coolheaded","Conserve Battery","Hologram"],"picked":"SKIP","floor":12},{"not_picked":["Stack","Genetic Algorithm"],"picked":"Echo Form","floor":14},{"not_picked":[],"picked":"Static Discharge+1","floor":18},{"not_picked":[],"picked":"Storm+1","floor":19},{"not_picked":["Lockon"],"picked":"SKIP","floor":22},{"not_picked":[],"picked":"Consume","floor":24},{"not_picked":["Coolheaded"],"picked":"SKIP","floor":25},{"not_picked":["Compile Driver"],"picked":"SKIP","floor":28},{"not_picked":[],"picked":"Seek","floor":33},{"not_picked":["Rebound"],"picked":"SKIP","floor":35},{"not_picked":["Scrape"],"picked":"SKIP","floor":36},{"not_picked":["Cold Snap"],"picked":"SKIP","floor":38},{"not_picked":["Sweeping Beam+1"],"picked":"SKIP","floor":40},{"not_picked":["Consume+1"],"picked":"SKIP","floor":44},{"not_picked":["Streamline+1"],"picked":"SKIP","floor":48}],"player_experience":732214,"relics_obtained":[{"floor":7,"key":"Calipers"},{"floor":9,"key":"Oddly Smooth Stone"},{"floor":24,"key":"Bag of Preparation"},{"floor":26,"key":"Bottled Flame"},{"floor":28,"key":"Boot"},{"floor":40,"key":"Shovel"},{"floor":43,"key":"Girya"},{"floor":45,"key":"Letter Opener"}],"event_choices":[{"event_name":"Shining Light","player_choice":"Entered Light","floor":2,"damage_taken":0},{"event_name":"The Lab","player_choice":"Got Potions","floor":4,"damage_taken":0},{"event_name":"Forgotten Altar","player_choice":"Shed Blood","floor":21,"damage_taken":0},{"event_name":"Ghosts","player_choice":"Became a Ghost","floor":30,"damage_taken":0},{"event_name":"The Mausoleum","player_choice":"Yes","floor":31,"damage_taken":0},{"event_name":"The Moai Head","player_choice":"Heal","floor":37,"damage_taken":0},{"event_name":"Golden Shrine","player_choice":"Pray","floor":42,"damage_taken":0}],"boss_relics":[{"not_picked":["White Beast Statue","Pandora\u0027s Box"],"picked":"Busted Crown"},{"not_picked":["Calling Bell","Fusion Hammer"],"picked":"Inserter"}],"items_purged_floors":[],"is_endless":false,"potions_floor_spawned":[1,12,14,24,28,33,36,38,40],"ascension_level":1}