{"gold_per_floor":[110,42,42,42,6,6,40,40,63,83,83,98,78,110,110,184,184,200,213,223,122,140,140,230,261,261,261,271,17,31,31,31,31],"floor_reached":33,"playtime":1579,"items_purged":["Strike_G","Strike_G"],"score":478,"play_id":"d05164c9-23c0-421c-9ad5-6fc00bbed5de","local_time":"20181103020243","is_ascension_mode":true,"campfire_choices":[{"data":"Caltrops","floor":6,"key":"SMITH"},{"data":"Caltrops","floor":8,"key":"SMITH"},{"data":"Survivor","floor":11,"key":"SMITH"},{"data":"Backflip","floor":15,"key":"SMITH"},{"floor":23,"key":"REST"},{"floor":27,"key":"REST"},{"floor":32,"key":"REST"}],"neow_cost":"NONE","seed_source_timestamp":568796031898311,"circlet_count":0,"master_deck":["AscendersBane","Defend_G","Defend_G","Defend_G","Defend_G","Defend_G+1","Strike_G","Strike_G","Survivor+1","Neutralize+1","Dagger Throw+1","Caltrops+1","Caltrops+1","Dagger Spray+1","Backflip+1","Night Terror","Backflip+1","Leg Sweep","Well Laid Plans","Decay"],"relics":["Ring of the Snake","Whetstone","Ancient Tea Set","Oddly Smooth Stone","Fusion Hammer","Thread and Needle","War Paint"],"potions_floor_usage":[14,22,25,33,33],"damage_taken":[{"damage":0,"enemies":"Small Slimes","floor":1,"turns":4},{"damage":29,"enemies":"Lagavulin","floor":7,"turns":11},{"damage":2,"enemies":"Jaw Worm","floor":10,"turns":4},{"damage":1,"enemies":"Cultist","floor":12,"turns":4},{"damage":9,"enemies":"3 Sentries","floor":14,"turns":6},{"damage":7,"enemies":"The Guardian","floor":16,"turns":12},{"damage":14,"enemies":"Spheric Guardian","floor":18,"turns":4},{"damage":0,"enemies":"Chosen","floor":19,"turns":4},{"damage":11,"enemies":"Shelled Parasite and Fungi","floor":20,"turns":7},{"damage":0,"enemies":"Centurion and Healer","floor":22,"turns":8},{"damage":18,"enemies":"Gremlin Leader","floor":25,"turns":7},{"damage":3,"enemies":"Snecko","floor":28,"turns":5},{"damage":0,"enemies":"Cultist and Chosen","floor":30,"turns":8},{"damage":46,"enemies":"Collector","floor":33,"turns":17}],"seed_played":"8095441132029649312","potions_obtained":[{"floor":4,"key":"GhostInAJar"},{"floor":4,"key":"FairyPotion"},{"floor":7,"key":"Fire Potion"},{"floor":13,"key":"LiquidBronze"},{"floor":14,"key":"FairyPotion"},{"floor":20,"key":"Swift Potion"},{"floor":28,"key":"AttackPotion"}],"is_trial":false,"path_per_floor":["M","$","?","?","$","R","E","R","T","M","R","M","?","E","R","B",null,"M","M","M","$","M","R","?","E","T","R","M","$","M","?","R","B"],"character_chosen":"THE_SILENT","items_purchased":["Caltrops","Caltrops","Backflip","Well Laid Plans","LiquidBronze"],"campfire_rested":3,"item_purchase_floors":[2,5,21,29,29],"current_hp_per_floor":[59,59,59,59,59,59,30,30,30,28,28,27,27,18,18,11,52,38,38,27,27,27,46,34,16,16,35,32,32,32,32,51,5],"gold":31,"neow_bonus":"UPGRADE_CARD","is_prod":false,"is_daily":false,"chose_seed":false,"campfire_upgraded":4,"win_rate":0,"timestamp":1541232163,"path_taken":["M","$","?","?","$","R","E","R","T","M","R","?","?","E","R","BOSS","M","M","M","$","?","R","?","E","T","R","M","$","?","?","R","BOSS"],"build_version":"2018-11-01v2","purchased_purges":2,"victory":false,"max_hp_per_floor":[66,66,66,66,66,66,66,66,66,66,66,66,66,66,66,66,66,66,66,66,66,66,66,66,66,66,66,66,66,66,66,66,66],"card_choices":[{"not_picked":["Backflip","Eviscerate"],"picked":"Dagger Throw","floor":1},{"not_picked":["Acrobatics","Bouncing Flask"],"picked":"Dagger Spray","floor":7},{"not_picked":["Catalyst","Slice","Flying Knee"],"picked":"SKIP","floor":10},{"not_picked":["Dagger Throw","Endless Agony","Eviscerate"],"picked":"SKIP","floor":12},{"not_picked":["Grand Finale","Crippling Poison"],"picked":"Backflip","floor":14},{"not_picked":["Grand Finale","Wraith Form v2"],"picked":"Night Terror","floor":16},{"not_picked":["Infinite Blades","Dodge and Roll","Bane"],"picked":"SKIP","floor":18},{"not_picked":["Dagger Spray","Skewer","Prepared"],"picked":"SKIP","floor":19},{"not_picked":["Dagger Throw","Blade Dance","Outmaneuver"],"picked":"SKIP","floor":20},{"not_picked":["Quick Slash","Deadly Poison"],"picked":"Leg Sweep","floor":22},{"not_picked":["Poisoned Stab","Grand Finale","Slice"],"picked":"SKIP","floor":25},{"not_picked":["Infinite Blades","Accuracy","Deflect"],"picked":"SKIP","floor":28},{"not_picked":["Sucker Punch","Deadly Poison","Distraction"],"picked":"SKIP","floor":30}],"player_experience":1083743,"relics_obtained":[{"floor":7,"key":"Whetstone"},{"floor":9,"key":"Ancient Tea Set"},{"floor":14,"key":"Oddly Smooth Stone"},{"floor":25,"key":"Thread and Needle"},{"floor":26,"key":"War Paint"}],"event_choices":[{"cards_removed":["Strike_G"],"damage_healed":0,"gold_gain":0,"player_choice":"Forget","damage_taken":0,"max_hp_gain":0,"max_hp_loss":0,"event_name":"Living Wall","floor":3,"gold_loss":0},{"damage_healed":0,"gold_gain":0,"player_choice":"Got Potions","damage_taken":0,"max_hp_gain":0,"max_hp_loss":0,"event_name":"Lab","floor":4,"gold_loss":0},{"damage_healed":0,"gold_gain":0,"player_choice":"Bought 1 Potion","damage_taken":0,"max_hp_gain":0,"max_hp_loss":0,"event_name":"The Woman in Blue","floor":13,"gold_loss":0},{"damage_healed":0,"gold_gain":90,"player_choice":"GOLD ","damage_taken":12,"max_hp_gain":0,"max_hp_loss":0,"event_name":"Knowing Skull","floor":24,"potions_obtained":[],"gold_loss":0,"cards_obtained":[]},{"damage_healed":0,"gold_gain":0,"player_choice":"Cursed","damage_taken":0,"max_hp_gain":0,"max_hp_loss":0,"event_name":"Wheel of Change","floor":31,"gold_loss":0,"cards_obtained":["Decay"]}],"is_beta":true,"boss_relics":[{"not_picked":["White Beast Statue","Coffee Dripper"],"picked":"Fusion Hammer"}],"items_purged_floors":[21,29],"is_endless":false,"potions_floor_spawned":[7,12,14,20,28,30],"killed_by":"Collector","ascension_level":15}