{"gold_per_floor":[110,110,129,139,17,17,48,48,71,85,98,110,127,153,153,250,250,269,269,21,36,50,50,84,84,107,140,159,159,259,277,277,372,372,390,390,406,506,506,524,43,68,118,118,130,157,157,177,177,177],"floor_reached":51,"playtime":3331,"items_purged":["Strike_G"],"score":1201,"play_id":"80e3129e-5498-4bd0-9e96-59f07f689e44","local_time":"20190130154417","is_ascension_mode":true,"campfire_choices":[{"data":"Neutralize","floor":6.0,"key":"SMITH"},{"floor":8.0,"key":"REST"},{"data":"Cloak And Dagger","floor":15.0,"key":"SMITH"},{"data":"Cloak And Dagger","floor":23.0,"key":"SMITH"},{"data":"Adrenaline","floor":29.0,"key":"SMITH"},{"data":"Adrenaline","floor":32.0,"key":"SMITH"},{"data":"After Image","floor":47,"key":"SMITH"},{"data":"Ghostly","floor":49,"key":"SMITH"}],"neow_cost":"NONE","seed_source_timestamp":14336648566949,"circlet_count":0,"master_deck":["Defend_G","Defend_G","Defend_G","Defend_G","Defend_G","Strike_G","Strike_G","Survivor","Neutralize+1","Endless Agony","Cloak And Dagger+1","Die Die Die","Backflip","Outmaneuver","Well Laid Plans","Dagger Throw","Adrenaline+1","Adrenaline+1","A Thousand Cuts","Deadly Poison","Cloak And Dagger+1","Noxious Fumes+1","Ghostly","Ghostly","Ghostly+1","Ghostly","Ghostly","Sucker Punch","Blade Dance+1","PiercingWail+1","After Image+1","Cloak And Dagger+1","Finisher","PiercingWail","PiercingWail","Dagger Spray"],"special_seed":0,"relics":["Ring of the Snake","Snake Skull","Regal Pillow","Centennial Puzzle","Bag of Marbles","Busted Crown","Medical Kit","Dead Branch","Blood Vial","Peace Pipe","Torii","Pear","Empty Cage","Pocketwatch","Sling","Pen Nib","Dodecahedron","Ancient Tea Set","Potion Belt"],"potions_floor_usage":[50,50],"damage_taken":[{"damage":0.0,"enemies":"2 Louse","floor":1.0,"turns":4.0},{"damage":0.0,"enemies":"Cultist","floor":3.0,"turns":4.0},{"damage":0.0,"enemies":"Small Slimes","floor":4.0,"turns":3.0},{"damage":45.0,"enemies":"Lagavulin","floor":7.0,"turns":9.0},{"damage":0.0,"enemies":"3 Louse","floor":10.0,"turns":3.0},{"damage":3.0,"enemies":"Looter","floor":11.0,"turns":3.0},{"damage":7.0,"enemies":"Exordium Wildlife","floor":12.0,"turns":4.0},{"damage":4.0,"enemies":"Red Slaver","floor":13.0,"turns":3.0},{"damage":0.0,"enemies":"Gremlin Nob","floor":14.0,"turns":2.0},{"damage":25.0,"enemies":"Hexaghost","floor":16.0,"turns":13.0},{"damage":0.0,"enemies":"Chosen","floor":18.0,"turns":3.0},{"damage":15.0,"enemies":"Spheric Guardian","floor":21.0,"turns":4.0},{"damage":0.0,"enemies":"Centurion and Healer","floor":22.0,"turns":6.0},{"damage":23.0,"enemies":"Slavers","floor":24.0,"turns":3.0},{"damage":1.0,"enemies":"Gremlin Leader","floor":27.0,"turns":5.0},{"damage":0.0,"enemies":"Sentry and Sphere","floor":28.0,"turns":3.0},{"damage":0.0,"enemies":"Colosseum Slavers","floor":30.0,"turns":2.0},{"damage":0.0,"enemies":"Colosseum Nobs","floor":30.0,"turns":2.0},{"damage":9.0,"enemies":"Snake Plant","floor":31.0,"turns":5.0},{"damage":9,"enemies":"Collector","floor":33,"turns":6},{"damage":8,"enemies":"3 Darklings","floor":35,"turns":4},{"damage":0,"enemies":"Orb Walker","floor":37,"turns":1},{"damage":0,"enemies":"Mind Bloom Boss Battle","floor":38,"turns":6},{"damage":0,"enemies":"4 Shapes","floor":40,"turns":4},{"damage":0,"enemies":"Giant Head","floor":42,"turns":5},{"damage":0,"enemies":"Spire Growth","floor":45,"turns":1},{"damage":0,"enemies":"Nemesis","floor":46,"turns":5},{"damage":0,"enemies":"3 Darklings","floor":48,"turns":1},{"damage":0,"enemies":"Awakened One","floor":50,"turns":13}],"seed_played":"-3259289541919363491","potions_obtained":[{"floor":1.0,"key":"PowerPotion"},{"floor":3.0,"key":"Fire Potion"},{"floor":4.0,"key":"Ancient Potion"},{"floor":21.0,"key":"SteroidPotion"},{"floor":22.0,"key":"FairyPotion"},{"floor":24.0,"key":"Block Potion"},{"floor":27.0,"key":"LiquidBronze"},{"floor":48,"key":"GamblersBrew"}],"is_trial":false,"path_per_floor":["M","?","M","M","$","R","E","R","T","M","M","M","M","E","R","B",null,"M","?","$","M","M","R","E","?","T","E","M","R","?","M","R","B",null,"M","?","M","?","?","M","$","E","T","?","M","E","R","M","R","B",null],"character_chosen":"THE_SILENT","items_purchased":["Die Die Die","Backflip","Medical Kit","Cloak And Dagger","Sling","Pen Nib","PiercingWail"],"campfire_rested":1,"item_purchase_floors":[5,5,20,20,41,41,41],"current_hp_per_floor":[70,70,70,70,70,70,25,63,63,63,60,53,49,49,49,24,64,64,64,64,49,49,49,26,26,26,27,29,29,43,36,36,29,43,37,33,35,37,37,39,39,41,41,41,43,45,45,47,47,48],"gold":177,"neow_bonus":"TEN_PERCENT_HP_BONUS","is_prod":false,"is_daily":false,"chose_seed":false,"campfire_upgraded":7,"win_rate":0,"timestamp":1548870257,"path_taken":["M","?","?","M","$","R","E","R","T","M","M","M","M","E","R","BOSS","M","?","$","M","M","R","E","?","T","E","M","R","?","M","R","BOSS","M","?","?","?","?","M","$","E","T","?","M","E","R","M","R","BOSS"],"build_version":"2019-01-23","purchased_purges":1,"victory":true,"max_hp_per_floor":[77,77,77,77,77,77,77,77,77,77,77,77,77,77,77,77,77,77,77,77,77,77,77,77,38,38,38,38,38,48,48,48,48,48,48,48,48,48,48,48,48,48,48,48,48,48,48,48,48,48],"card_choices":[{"not_picked":["Heel Hook","Expertise"],"picked":"Endless Agony","floor":1.0},{"not_picked":["Flying Knee","Endless Agony"],"picked":"Cloak And Dagger","floor":3.0},{"not_picked":["Infinite Blades","Setup"],"picked":"Dagger Throw","floor":4.0},{"not_picked":["Setup","Tools of the Trade","Accuracy"],"picked":"SKIP","floor":7.0},{"not_picked":["Bane","Crippling Poison"],"picked":"Outmaneuver","floor":10.0},{"not_picked":["Blade Dance","Dagger Spray"],"picked":"Well Laid Plans","floor":11.0},{"not_picked":["Tactician","Flying Knee"],"picked":"Dagger Throw","floor":12.0},{"not_picked":["Concentrate","Predator"],"picked":"Adrenaline","floor":13.0},{"not_picked":["Backflip","Eviscerate"],"picked":"Adrenaline","floor":14.0},{"not_picked":["Tools of the Trade","Doppelganger"],"picked":"A Thousand Cuts","floor":16.0},{"not_picked":[],"picked":"Deadly Poison","floor":18.0},{"not_picked":["Dagger Throw"],"picked":"SKIP","floor":21.0},{"not_picked":["Deflect"],"picked":"SKIP","floor":22.0},{"not_picked":[],"picked":"Noxious Fumes+1","floor":24.0},{"not_picked":[],"picked":"Sucker Punch","floor":27.0},{"not_picked":["Infinite Blades"],"picked":"SKIP","floor":28.0},{"not_picked":[],"picked":"Blade Dance+1","floor":30.0},{"not_picked":[],"picked":"PiercingWail+1","floor":31.0},{"not_picked":[],"picked":"After Image","floor":33},{"not_picked":[],"picked":"Cloak And Dagger+1","floor":35},{"not_picked":[],"picked":"Finisher","floor":37},{"not_picked":["Prepared+1"],"picked":"SKIP","floor":40},{"not_picked":[],"picked":"PiercingWail","floor":42},{"not_picked":["Outmaneuver"],"picked":"SKIP","floor":45},{"not_picked":["Flechettes"],"picked":"SKIP","floor":46},{"not_picked":[],"picked":"Dagger Spray","floor":48}],"player_experience":286118,"relics_obtained":[{"floor":7.0,"key":"Regal Pillow"},{"floor":9.0,"key":"Centennial Puzzle"},{"floor":14.0,"key":"Bag of Marbles"},{"floor":24.0,"key":"Dead Branch"},{"floor":26.0,"key":"Blood Vial"},{"floor":27.0,"key":"Peace Pipe"},{"floor":30.0,"key":"Torii"},{"floor":30.0,"key":"Pear"},{"floor":38,"key":"Pocketwatch"},{"floor":42,"key":"Dodecahedron"},{"floor":43,"key":"Ancient Tea Set"},{"floor":46,"key":"Potion Belt"}],"event_choices":[{"damage_healed":0.0,"max_hp_gain":0.0,"max_hp_loss":0.0,"gold_gain":0.0,"event_name":"WeMeetAgain","player_choice":"Gave Potion","floor":2.0,"gold_loss":0.0,"damage_taken":0.0,"relics_obtained":["Snake Skull"]},{"damage_healed":0.0,"max_hp_gain":0.0,"max_hp_loss":0.0,"gold_gain":0.0,"event_name":"Vampires","player_choice":"Ignored","floor":19.0,"gold_loss":0.0,"damage_taken":0.0},{"damage_healed":0.0,"max_hp_gain":0.0,"max_hp_loss":39.0,"gold_gain":0.0,"event_name":"Ghosts","player_choice":"Became a Ghost","floor":25.0,"gold_loss":0.0,"damage_taken":0.0,"cards_obtained":["Ghostly","Ghostly","Ghostly","Ghostly","Ghostly"]},{"damage_healed":0.0,"max_hp_gain":0.0,"max_hp_loss":0.0,"gold_gain":0.0,"event_name":"Colosseum","player_choice":"Fight","floor":30.0,"gold_loss":0.0,"damage_taken":0.0},{"damage_healed":0.0,"max_hp_gain":0.0,"max_hp_loss":0.0,"gold_gain":0.0,"event_name":"Colosseum","player_choice":"Fought Nobs","floor":30.0,"gold_loss":0.0,"damage_taken":0.0},{"damage_healed":0,"gold_gain":0,"player_choice":"Damaged","damage_taken":4,"max_hp_gain":0,"max_hp_loss":0,"event_name":"Wheel of Change","floor":36,"gold_loss":0},{"damage_healed":0,"gold_gain":0,"player_choice":"Fight","damage_taken":0,"max_hp_gain":0,"max_hp_loss":0,"event_name":"MindBloom","floor":38,"gold_loss":0},{"cards_removed":["Dagger Throw"],"damage_healed":0,"gold_gain":0,"player_choice":"Removed Attack","damage_taken":0,"max_hp_gain":0,"max_hp_loss":0,"event_name":"Falling","floor":39,"gold_loss":0},{"damage_healed":0,"gold_gain":0,"player_choice":"Memory 1","damage_taken":0,"max_hp_gain":0,"max_hp_loss":0,"event_name":"SensoryStone","floor":44,"gold_loss":0}],"is_beta":false,"boss_relics":[{"not_picked":["Pandora\u0027s Box","HoveringKite"],"picked":"Busted Crown"},{"not_picked":["Ring of the Serpent","Astrolabe"],"picked":"Empty Cage"}],"items_purged_floors":[41],"is_endless":false,"potions_floor_spawned":[1,3,4,21,22,24,27,31,33,35,37,42,45,48],"ascension_level":7}