{"gold_per_floor":[110,110,128,143,143,172,172,202,294,306],"floor_reached":10,"playtime":561,"items_purged":[],"score":91,"play_id":"9caa858d-4a48-4593-acf2-e1805e9ee796","local_time":"20190201013202","is_ascension_mode":true,"campfire_choices":[{"data":"Zap","floor":7,"key":"SMITH"}],"neow_cost":"CURSE","seed_source_timestamp":732125945598469,"circlet_count":0,"master_deck":["Strike_B","Strike_B","Strike_B","Strike_B","Defend_B","Defend_B","Defend_B","Defend_B","Zap","Dualcast","Redo","Gash","Gash","Zap+1","Skim","Turbo","FTL"],"relics":["Cracked Core","Unceasing Top","The Courier","MawBank","Tiny Chest"],"potions_floor_usage":[8],"damage_taken":[{"damage":0,"enemies":"2 Louse","floor":1,"turns":2},{"damage":9,"enemies":"Jaw Worm","floor":3,"turns":4},{"damage":0,"enemies":"Cultist","floor":4,"turns":2},{"damage":45,"enemies":"3 Sentries","floor":6,"turns":6},{"damage":19,"enemies":"Lagavulin","floor":8,"turns":5},{"damage":4,"enemies":"Red Slaver","floor":10,"turns":1}],"seed_played":"-1979001181233586775","potions_obtained":[{"floor":4,"key":"Ancient Potion"},{"floor":6,"key":"Dexterity Potion"}],"is_trial":false,"path_per_floor":["M","?","M","M","?","E","R","E","T","M"],"character_chosen":"DEFECT","items_purchased":[],"campfire_rested":0,"item_purchase_floors":[],"current_hp_per_floor":[75,75,66,66,66,21,21,2,2,0],"gold":306,"neow_bonus":"ONE_RARE_RELIC","is_prod":false,"is_daily":false,"chose_seed":false,"campfire_upgraded":1,"win_rate":0,"timestamp":1548981122,"path_taken":["M","?","M","M","?","E","R","E","T","M"],"build_version":"2019-01-23","purchased_purges":0,"victory":false,"max_hp_per_floor":[75,75,75,75,75,75,75,75,75,75],"card_choices":[{"not_picked":["Stack","Barrage"],"picked":"Redo","floor":1},{"not_picked":["Hologram","Cold Snap"],"picked":"Gash","floor":3},{"not_picked":["Glacier","Redo"],"picked":"Gash","floor":4},{"not_picked":["Stack","Core Surge"],"picked":"Turbo","floor":6},{"not_picked":["Rebound","Coolheaded"],"picked":"FTL","floor":8}],"player_experience":112427,"relics_obtained":[{"floor":6,"key":"The Courier"},{"floor":8,"key":"MawBank"},{"floor":9,"key":"Tiny Chest"}],"event_choices":[{"cards_removed":["Injury"],"damage_healed":0,"gold_gain":0,"player_choice":"Forget","damage_taken":0,"max_hp_gain":0,"max_hp_loss":0,"event_name":"Living Wall","floor":2,"gold_loss":0},{"damage_healed":0,"gold_gain":0,"player_choice":"2 cards matched","damage_taken":0,"max_hp_gain":0,"max_hp_loss":0,"event_name":"Match and Keep!","floor":5,"gold_loss":0,"cards_obtained":["Zap","Skim"]}],"is_beta":false,"boss_relics":[],"items_purged_floors":[],"is_endless":false,"potions_floor_spawned":[4,6],"killed_by":"Red Slaver","ascension_level":4}