{"gold_per_floor":[109,120,137,155,155,155,188,188,188,221,221,239,255,281,281,381,381,399,399,399,415,435,435,454,464,464,464,464,475,32,57,57,57],"floor_reached":33,"playtime":1200,"items_purged":[],"score":360,"play_id":"22612da9-6c61-4a26-aa22-7d06c309c8af","local_time":"20181210235555","is_ascension_mode":true,"campfire_choices":[{"data":"Clothesline","floor":6,"key":"SMITH"},{"data":"Seeing Red","floor":11,"key":"SMITH"},{"data":"Bash","floor":15,"key":"SMITH"},{"data":"Disarm","floor":23,"key":"SMITH"},{"floor":28,"key":"REST"},{"data":"Havoc","floor":32,"key":"SMITH"}],"neow_cost":"NONE","seed_source_timestamp":21403814534252,"circlet_count":0,"master_deck":["Strike_R","Strike_R","Defend_R","Defend_R","Defend_R","Defend_R","Bash+1","Cleave","Seeing Red+1","Clothesline+1","Pommel Strike","Pommel Strike","Havoc+1","Shrug It Off","Feed","Rampage","RitualDagger","Disarm+1","Fire Breathing+1","Feel No Pain","Sword Boomerang+1","Headbutt+1"],"relics":["Burning Blood","Mercury Hourglass","The Courier","Pear","Odd Mushroom","Sozu","Du-Vu Doll","MutagenicStrength","Shuriken","Thread and Needle","Happy Flower"],"potions_floor_usage":[10,12,24,31],"damage_taken":[{"damage":4,"enemies":"Jaw Worm","floor":1,"turns":4},{"damage":3,"enemies":"2 Louse","floor":2,"turns":3},{"damage":5,"enemies":"Small Slimes","floor":3,"turns":3},{"damage":12,"enemies":"Looter","floor":4,"turns":3},{"damage":50,"enemies":"3 Sentries","floor":7,"turns":9},{"damage":20,"enemies":"Lagavulin","floor":10,"turns":6},{"damage":10,"enemies":"Exordium Thugs","floor":12,"turns":3},{"damage":0,"enemies":"Exordium Wildlife","floor":13,"turns":2},{"damage":0,"enemies":"The Mushroom Lair","floor":14,"turns":2},{"damage":26,"enemies":"Slime Boss","floor":16,"turns":8},{"damage":16,"enemies":"Spheric Guardian","floor":18,"turns":4},{"damage":24,"enemies":"2 Thieves","floor":21,"turns":4},{"damage":14,"enemies":"Centurion and Healer","floor":22,"turns":7},{"damage":5,"enemies":"3 Cultists","floor":24,"turns":5},{"damage":8,"enemies":"Snecko","floor":25,"turns":5},{"damage":16,"enemies":"Shelled Parasite and Fungi","floor":29,"turns":4},{"damage":20,"enemies":"Slavers","floor":31,"turns":5},{"damage":87,"enemies":"Automaton","floor":33,"turns":6}],"seed_played":"3430761903270936988","potions_obtained":[{"floor":2,"key":"Strength Potion"},{"floor":7,"key":"PowerPotion"},{"floor":10,"key":"Energy Potion"},{"floor":14,"key":"PowerPotion"},{"floor":16,"key":"FearPotion"}],"is_trial":false,"path_per_floor":["M","M","M","M","?","R","E","?","T","E","R","M","M","?","R","B",null,"M","?","?","M","M","R","M","M","T","?","R","M","$","E","R","B"],"character_chosen":"IRONCLAD","items_purchased":["Shuriken","Thread and Needle"],"campfire_rested":1,"item_purchase_floors":[30,30],"current_hp_per_floor":[80,80,80,74,67,67,23,49,49,45,45,41,47,53,53,33,90,80,74,74,59,51,51,55,53,53,53,81,74,74,60,60,0],"gold":57,"neow_bonus":"REMOVE_CARD","is_prod":false,"is_daily":false,"chose_seed":false,"campfire_upgraded":5,"win_rate":0,"timestamp":1544493355,"path_taken":["M","M","M","M","?","R","E","?","T","E","R","M","M","?","R","BOSS","M","?","?","?","M","R","M","M","T","?","R","M","$","E","R","BOSS"],"build_version":"2018-12-06","purchased_purges":0,"victory":false,"max_hp_per_floor":[80,80,80,80,80,80,80,80,80,90,90,90,90,90,90,90,90,90,90,90,93,93,93,96,96,96,96,96,99,99,99,99,99],"card_choices":[{"not_picked":["Searing Blow","Warcry"],"picked":"Cleave","floor":1},{"not_picked":["Carnage","Cleave"],"picked":"Seeing Red","floor":2},{"not_picked":["Reckless Charge","True Grit"],"picked":"Clothesline","floor":3},{"not_picked":["Iron Wave","Blood for Blood"],"picked":"Pommel Strike","floor":4},{"not_picked":["Perfected Strike","Bludgeon"],"picked":"Pommel Strike","floor":7},{"not_picked":["Blood for Blood","Twin Strike","Entrench"],"picked":"SKIP","floor":10},{"not_picked":["Heavy Blade","Searing Blow","Iron Wave"],"picked":"SKIP","floor":12},{"not_picked":["Thunderclap","Dark Embrace"],"picked":"Havoc","floor":13},{"not_picked":["Armaments","Cleave"],"picked":"Shrug It Off","floor":14},{"not_picked":["Double Tap","Barricade"],"picked":"Feed","floor":16},{"not_picked":["Cleave","Wild Strike"],"picked":"Rampage","floor":18},{"not_picked":["Hemokinesis","Cleave+1"],"picked":"Disarm","floor":21},{"not_picked":["Wild Strike+1","Sword Boomerang"],"picked":"Fire Breathing+1","floor":22},{"not_picked":["True Grit","Anger"],"picked":"Feel No Pain","floor":24},{"not_picked":["Wild Strike","Twin Strike"],"picked":"Sword Boomerang+1","floor":25},{"not_picked":["Heavy Blade","Warcry+1"],"picked":"Headbutt+1","floor":29},{"not_picked":["Bloodletting","Fire Breathing+1","Pommel Strike"],"picked":"SKIP","floor":31}],"player_experience":231497,"relics_obtained":[{"floor":7,"key":"Mercury Hourglass"},{"floor":9,"key":"The Courier"},{"floor":10,"key":"Pear"},{"floor":14,"key":"Odd Mushroom"},{"floor":26,"key":"Du-Vu Doll"},{"floor":31,"key":"Happy Flower"}],"event_choices":[{"cards_removed":["Strike_R"],"damage_healed":0,"gold_gain":0,"player_choice":"Card Removal","damage_taken":7,"max_hp_gain":0,"max_hp_loss":0,"event_name":"Golden Wing","floor":5,"gold_loss":0},{"damage_healed":26,"gold_gain":0,"player_choice":"Banana","damage_taken":0,"max_hp_gain":0,"max_hp_loss":0,"event_name":"Big Fish","floor":8,"gold_loss":0},{"damage_healed":0,"gold_gain":0,"player_choice":"Fought Mushrooms","damage_taken":0,"max_hp_gain":0,"max_hp_loss":0,"event_name":"Mushrooms","floor":14,"gold_loss":0},{"damage_healed":0,"gold_gain":0,"player_choice":"Joined the Cult","damage_taken":6,"max_hp_gain":0,"max_hp_loss":0,"event_name":"Nest","floor":19,"gold_loss":0,"cards_obtained":["RitualDagger"]},{"cards_removed":["Strike_R"],"damage_healed":0,"gold_gain":0,"player_choice":"Purged","damage_taken":0,"max_hp_gain":0,"max_hp_loss":0,"event_name":"Purifier","floor":20,"gold_loss":0},{"damage_healed":0,"gold_gain":0,"player_choice":"Inject Mutagens","damage_taken":0,"relics_obtained":["MutagenicStrength"],"max_hp_gain":0,"max_hp_loss":0,"event_name":"Drug Dealer","floor":27,"gold_loss":0}],"is_beta":false,"boss_relics":[{"not_picked":["Black Blood","Black Star"],"picked":"Sozu"}],"items_purged_floors":[],"is_endless":false,"potions_floor_spawned":[2,7,10,14,16,21,22,24,31],"killed_by":"Automaton","ascension_level":4}