{"gold_per_floor":[109,119,25,25,100,100,100,126,126,144,154,168,56,56],"floor_reached":14,"playtime":823,"items_purged":["Regret"],"score":99,"play_id":"a896f2f1-1375-410a-94c7-2ad352a4d7b1","local_time":"20190126151653","is_ascension_mode":true,"campfire_choices":[{"data":"Madness","floor":6,"key":"SMITH"}],"neow_cost":"CURSE","seed_source_timestamp":262938853698603,"circlet_count":0,"master_deck":["Strike_B","Strike_B","Strike_B","Strike_B","Defend_B","Defend_B","Defend_B","Defend_B","Zap","Dualcast","Decay","Ball Lightning","Echo Form","Madness+1","Cold Snap","Reinforced Body","Conserve Battery","White Noise","Chaos","Blizzard","Loop"],"relics":["Cracked Core","Thread and Needle","Gambling Chip","Vajra","Letter Opener","Prayer Wheel"],"potions_floor_usage":[12],"damage_taken":[{"damage":2,"enemies":"Cultist","floor":1,"turns":3},{"damage":0,"enemies":"Small Slimes","floor":2,"turns":3},{"damage":28,"enemies":"Lagavulin","floor":8,"turns":6},{"damage":15,"enemies":"Jaw Worm","floor":10,"turns":4},{"damage":8,"enemies":"3 Louse","floor":11,"turns":2},{"damage":0,"enemies":"Gremlin Gang","floor":12,"turns":1},{"damage":5,"enemies":"Exordium Wildlife","floor":14,"turns":4}],"seed_played":"-3819523582673980157","potions_obtained":[{"floor":1,"key":"Ancient Potion"},{"floor":11,"key":"PowerPotion"}],"is_trial":false,"path_per_floor":["M","M","$","?","?","R","?","E","T","M","M","M","$","M"],"character_chosen":"DEFECT","items_purchased":["Madness","Loop"],"campfire_rested":0,"item_purchase_floors":[3,13],"current_hp_per_floor":[73,73,73,73,62,62,55,27,27,12,4,4,4,0],"gold":56,"neow_bonus":"ONE_RARE_RELIC","is_prod":false,"is_daily":false,"chose_seed":false,"campfire_upgraded":1,"win_rate":0,"timestamp":1548512213,"path_taken":["M","M","?","?","?","R","?","E","T","M","M","M","$","M"],"build_version":"2019-01-23","purchased_purges":1,"victory":false,"max_hp_per_floor":[75,75,75,75,75,75,75,75,75,75,75,75,75,75],"card_choices":[{"not_picked":["Stack","Barrage"],"picked":"Ball Lightning","floor":1},{"not_picked":["Ball Lightning","Undo"],"picked":"Echo Form","floor":2},{"not_picked":["Coolheaded","Compile Driver"],"picked":"Cold Snap","floor":8},{"not_picked":["Lockon","Stack"],"picked":"Reinforced Body","floor":10},{"not_picked":["Gash","Lockon","Undo"],"picked":"SKIP","floor":10},{"not_picked":["Recycle","Redo"],"picked":"Conserve Battery","floor":11},{"not_picked":["Sweeping Beam","Steam"],"picked":"White Noise","floor":11},{"not_picked":["Compile Driver","Scrape"],"picked":"Chaos","floor":12},{"not_picked":["Compile Driver","Beam Cell"],"picked":"Blizzard","floor":12}],"player_experience":87465,"relics_obtained":[{"floor":8,"key":"Letter Opener"},{"floor":9,"key":"Prayer Wheel"}],"event_choices":[{"damage_healed":0,"gold_gain":0,"player_choice":"Box","damage_taken":0,"relics_obtained":["Gambling Chip"],"max_hp_gain":0,"max_hp_loss":0,"event_name":"Big Fish","floor":4,"gold_loss":0,"cards_obtained":["Regret"]},{"damage_healed":0,"gold_gain":75,"player_choice":"Gather Gold","damage_taken":11,"max_hp_gain":0,"max_hp_loss":0,"event_name":"World of Goop","floor":5,"gold_loss":0},{"damage_healed":0,"gold_gain":0,"player_choice":"Success","damage_taken":7,"relics_obtained":["Vajra"],"max_hp_gain":0,"max_hp_loss":0,"event_name":"Scrap Ooze","floor":7,"gold_loss":0}],"is_beta":false,"boss_relics":[],"items_purged_floors":[13],"is_endless":false,"potions_floor_spawned":[1,11],"killed_by":"Exordium Wildlife","ascension_level":2}