{"gold_per_floor":[117,117,132,132,143,206,206,238,264,137,152,152,171,184,184,282,282,295,295],"floor_reached":19,"playtime":2176,"items_purged":["Strike_R"],"score":197,"play_id":"4f555ebe-e10d-4ad6-bfc3-18c1040d3270","local_time":"20190217231110","is_ascension_mode":true,"campfire_choices":[{"floor":7,"key":"REST"},{"floor":12,"key":"REST"},{"data":"Iron Wave","floor":15,"key":"SMITH"}],"neow_cost":"NONE","seed_source_timestamp":2559316762510665,"circlet_count":0,"master_deck":["Strike_R","Strike_R+1","Defend_R","Defend_R","Defend_R","Defend_R+1","Bash","Second Wind","Iron Wave+1","Spot Weakness","Shockwave","Inflame","Cleave","Sword Boomerang","Iron Wave","Cleave","Reaper","Armaments"],"relics":["Burning Blood","NeowsBlessing","Lantern","Tiny Chest","Du-Vu Doll","Empty Cage"],"potions_floor_usage":[18,18,19],"damage_taken":[{"damage":0,"enemies":"Small Slimes","floor":1,"turns":1},{"damage":0,"enemies":"Jaw Worm","floor":3,"turns":1},{"damage":0,"enemies":"Cultist","floor":5,"turns":1},{"damage":43,"enemies":"Lagavulin","floor":6,"turns":10},{"damage":16,"enemies":"Gremlin Nob","floor":8,"turns":5},{"damage":12,"enemies":"Gremlin Gang","floor":11,"turns":5},{"damage":8,"enemies":"3 Louse","floor":13,"turns":3},{"damage":0,"enemies":"Exordium Wildlife","floor":14,"turns":3},{"damage":23,"enemies":"The Guardian","floor":16,"turns":10},{"damage":38,"enemies":"3 Byrds","floor":18,"turns":4},{"damage":48,"enemies":"Spheric Guardian","floor":19,"turns":7}],"seed_played":"-5926866031209741214","potions_obtained":[{"floor":1,"key":"Swift Potion"},{"floor":6,"key":"FearPotion"},{"floor":13,"key":"Explosive Potion"},{"floor":18,"key":"LiquidBronze"}],"is_trial":false,"path_per_floor":["M","?","M","?","M","E","R","E","T","$","M","R","M","M","R","B",null,"M","M"],"character_chosen":"IRONCLAD","items_purchased":["Cleave"],"campfire_rested":2,"item_purchase_floors":[10],"current_hp_per_floor":[80,64,70,70,76,39,63,53,53,53,47,71,69,75,75,58,80,48,0],"gold":295,"neow_bonus":"THREE_ENEMY_KILL","is_prod":false,"is_daily":false,"chose_seed":false,"campfire_upgraded":1,"win_rate":0,"timestamp":1550445070,"path_taken":["M","?","M","?","?","E","R","E","T","$","M","R","M","M","R","BOSS","M","?"],"build_version":"2019-01-23","purchased_purges":1,"victory":false,"max_hp_per_floor":[80,80,80,80,80,80,80,80,80,80,80,80,80,80,80,80,80,80,80],"card_choices":[{"not_picked":["Havoc","Armaments"],"picked":"Second Wind","floor":1},{"not_picked":["Thunderclap","Pummel"],"picked":"Iron Wave","floor":3},{"not_picked":["Warcry","Cleave"],"picked":"Spot Weakness","floor":5},{"not_picked":["True Grit","Uppercut"],"picked":"Shockwave","floor":6},{"not_picked":["Pommel Strike","Flame Barrier"],"picked":"Inflame","floor":8},{"not_picked":["True Grit","Bludgeon"],"picked":"Sword Boomerang","floor":11},{"not_picked":["Dual Wield","Havoc"],"picked":"Iron Wave","floor":13},{"not_picked":["Uppercut","Searing Blow"],"picked":"Cleave","floor":14},{"not_picked":["Feed","Brutality"],"picked":"Reaper","floor":16},{"not_picked":["Warcry","Perfected Strike"],"picked":"Armaments","floor":18}],"player_experience":879554,"relics_obtained":[{"floor":6,"key":"Tiny Chest"},{"floor":8,"key":"Du-Vu Doll"}],"event_choices":[{"damage_healed":0,"gold_gain":0,"player_choice":"Entered Light","damage_taken":16,"max_hp_gain":0,"max_hp_loss":0,"event_name":"Shining Light","floor":2,"gold_loss":0,"cards_upgraded":["Strike_R","Defend_R"]},{"damage_healed":0,"gold_gain":0,"player_choice":"Gave Potion","damage_taken":0,"relics_obtained":["Lantern"],"max_hp_gain":0,"max_hp_loss":0,"event_name":"WeMeetAgain","floor":4,"gold_loss":0}],"is_beta":false,"boss_relics":[{"not_picked":["Busted Crown","Runic Cube"],"picked":"Empty Cage"}],"items_purged_floors":[10],"is_endless":false,"potions_floor_spawned":[1,6,13,18],"killed_by":"Spheric Guardian","ascension_level":2}