{"gold_per_floor":[118,118,137,153,5,40,58,97,97,137,151,175,196,219,219,342,342,356,43,43,63,63,104,125,125,125,153,170,15,15,28,28,132,132,149,149,162,179,129,129,139,221,221,254,254,273,284,301,301,301],"floor_reached":51,"playtime":76287,"items_purged":[],"score":770,"play_id":"cf6aaf5f-f6bf-414e-ad5a-aee4458e70c3","local_time":"20190204201607","is_ascension_mode":false,"campfire_choices":[{"data":"Rage","floor":15,"key":"SMITH"},{"data":"Dual Wield","floor":32,"key":"SMITH"},{"data":"Limit Break","floor":40,"key":"SMITH"},{"data":"Reaper","floor":45,"key":"SMITH"},{"data":"Flex","floor":49,"key":"SMITH"}],"neow_cost":"NONE","seed_source_timestamp":1349402428802889,"circlet_count":0,"master_deck":["Defend_R","Defend_R","Bash","Thunderclap","Shrug It Off","Warcry","Shrug It Off","Good Instincts","Shrug It Off","Headbutt","Feed","Rage+1","Pommel Strike+1","Burning Pact","Fire Breathing","Seeing Red","Limit Break+1","Shockwave","Bite","Bite","Bite","Bite","Bite","Anger+1","RitualDagger","Sword Boomerang","Pommel Strike+1","Headbutt","Spot Weakness","Dual Wield+1","Anger","Reaper+1","Disarm","Cleave","Burning Pact+1","Shrug It Off","Iron Wave+1","Anger+1","Parasite","Flex+1","Metallicize+1","Iron Wave+1"],"relics":["Coffee Dripper","Bloody Idol","Mercury Hourglass","Shuriken","Pantograph","Red Skull","Empty Cage","Bird Faced Urn","Whetstone","Bottled Lightning","Happy Flower","Mark of Pain","Pear","Dodecahedron","Potion Belt"],"potions_floor_usage":[6,6,10,10,27,27,31,33,44],"damage_taken":[{"damage":0,"enemies":"2 Louse","floor":1,"turns":2},{"damage":1,"enemies":"Jaw Worm","floor":3,"turns":3},{"damage":0,"enemies":"Small Slimes","floor":4,"turns":3},{"damage":5,"enemies":"Lagavulin","floor":6,"turns":6},{"damage":0,"enemies":"Gremlin Gang","floor":7,"turns":4},{"damage":2,"enemies":"3 Sentries","floor":8,"turns":7},{"damage":6,"enemies":"Gremlin Nob","floor":10,"turns":3},{"damage":9,"enemies":"Exordium Thugs","floor":11,"turns":4},{"damage":0,"enemies":"Lots of Slimes","floor":12,"turns":2},{"damage":1,"enemies":"2 Fungi Beasts","floor":13,"turns":2},{"damage":0,"enemies":"Looter","floor":14,"turns":3},{"damage":31,"enemies":"Hexaghost","floor":16,"turns":8},{"damage":6,"enemies":"Shell Parasite","floor":18,"turns":6},{"damage":23,"enemies":"3 Byrds","floor":21,"turns":6},{"damage":29,"enemies":"Gremlin Leader","floor":23,"turns":6},{"damage":7,"enemies":"Snecko","floor":24,"turns":3},{"damage":10,"enemies":"Slavers","floor":27,"turns":4},{"damage":7,"enemies":"Snake Plant","floor":28,"turns":3},{"damage":18,"enemies":"Centurion and Healer","floor":31,"turns":4},{"damage":40,"enemies":"Automaton","floor":33,"turns":6},{"damage":28,"enemies":"Orb Walker","floor":35,"turns":4},{"damage":15,"enemies":"3 Darklings","floor":37,"turns":3},{"damage":42,"enemies":"Jaw Worm Horde","floor":38,"turns":4},{"damage":18,"enemies":"4 Shapes","floor":41,"turns":3},{"damage":59,"enemies":"Giant Head","floor":44,"turns":8},{"damage":15,"enemies":"Writhing Mass","floor":46,"turns":5},{"damage":22,"enemies":"Sphere and 2 Shapes","floor":47,"turns":3},{"damage":15,"enemies":"3 Darklings","floor":48,"turns":4},{"damage":69,"enemies":"Awakened One","floor":50,"turns":10}],"seed_played":"-2009757551634776891","potions_obtained":[{"floor":1,"key":"EntropicBrew"},{"floor":7,"key":"Explosive Potion"},{"floor":8,"key":"Strength Potion"},{"floor":10,"key":"AttackPotion"},{"floor":18,"key":"Dexterity Potion"},{"floor":28,"key":"Poison Potion"},{"floor":35,"key":"SmokeBomb"},{"floor":37,"key":"Poison Potion"}],"is_trial":false,"path_per_floor":["M","?","M","M","$","E","M","E","T","E","M","M","M","M","R","B",null,"M","$","?","M","?","E","M","?","T","E","M","$","$","M","R","B",null,"M","?","M","M","$","R","M","T","T","E","R","M","M","M","R","B",null],"character_chosen":"IRONCLAD","items_purchased":["Shrug It Off","Good Instincts","Bird Faced Urn","Dual Wield","Regen Potion","Shrug It Off"],"campfire_rested":0,"item_purchase_floors":[5,5,19,29,29,39],"current_hp_per_floor":[80,74,73,73,73,68,68,66,66,70,61,61,60,63,63,49,80,74,74,56,42,36,25,22,22,22,26,29,29,29,32,32,34,68,54,54,50,38,38,38,42,57,57,16,16,24,17,33,33,59],"gold":301,"neow_bonus":"BOSS_RELIC","is_prod":false,"is_daily":false,"chose_seed":false,"campfire_upgraded":5,"win_rate":0.0,"timestamp":1549311367,"path_taken":["M","?","M","M","$","E","M","E","T","E","M","M","M","M","R","BOSS","M","$","?","M","?","E","M","?","T","E","M","?","$","M","R","BOSS","M","?","?","?","$","R","M","?","T","E","R","M","M","M","R","BOSS"],"build_version":"2019-01-23","purchased_purges":0,"victory":true,"max_hp_per_floor":[80,74,74,74,74,74,74,74,74,77,77,77,77,80,80,80,80,80,80,56,59,59,59,59,59,59,62,65,65,65,68,68,68,68,68,68,68,68,68,68,71,81,81,81,81,81,81,81,81,81],"card_choices":[{"not_picked":["Rupture","Dual Wield"],"picked":"Thunderclap","floor":1},{"not_picked":["Pommel Strike","Corruption"],"picked":"Shrug It Off","floor":3},{"not_picked":["Iron Wave","True Grit"],"picked":"Warcry","floor":4},{"not_picked":["Brutality","Power Through"],"picked":"Shrug It Off","floor":6},{"not_picked":["Shrug It Off","Pommel Strike"],"picked":"Headbutt","floor":7},{"not_picked":["Armaments","Twin Strike"],"picked":"Feed","floor":8},{"not_picked":["Metallicize","Flex"],"picked":"Rage","floor":10},{"not_picked":["Fire Breathing","Thunderclap"],"picked":"Pommel Strike","floor":11},{"not_picked":["Clash","Hemokinesis"],"picked":"Burning Pact","floor":12},{"not_picked":["Second Wind","Blood for Blood"],"picked":"Fire Breathing","floor":13},{"not_picked":["Sever Soul","Twin Strike"],"picked":"Seeing Red","floor":14},{"not_picked":["Offering","Bludgeon"],"picked":"Limit Break","floor":16},{"not_picked":["Infernal Blade","Pummel"],"picked":"Shockwave","floor":18},{"not_picked":["Clash","Pommel Strike"],"picked":"Anger","floor":21},{"not_picked":["Flame Barrier","True Grit"],"picked":"Sword Boomerang","floor":23},{"not_picked":["Dropkick","Fire Breathing"],"picked":"Pommel Strike+1","floor":24},{"not_picked":["Wild Strike","Clothesline"],"picked":"Headbutt","floor":27},{"not_picked":["Disarm","Wild Strike"],"picked":"Spot Weakness","floor":28},{"not_picked":["Clash","Searing Blow"],"picked":"Anger","floor":31},{"not_picked":["Immolate","Dark Embrace"],"picked":"Reaper","floor":33},{"not_picked":["Corruption+1","Sever Soul+1"],"picked":"Disarm","floor":35},{"not_picked":["Wild Strike","Clothesline+1"],"picked":"Cleave","floor":37},{"not_picked":["Sever Soul+1","Feel No Pain+1"],"picked":"Burning Pact+1","floor":38},{"not_picked":["Heavy Blade","True Grit"],"picked":"Iron Wave+1","floor":41},{"not_picked":["Offering","Shockwave"],"picked":"Anger+1","floor":44},{"not_picked":["Power Through","Clash+1"],"picked":"Flex","floor":46},{"not_picked":["Warcry+1","Twin Strike"],"picked":"Metallicize+1","floor":47},{"not_picked":["Sword Boomerang+1","Armaments"],"picked":"Iron Wave+1","floor":48}],"player_experience":189926,"relics_obtained":[{"floor":6,"key":"Mercury Hourglass"},{"floor":8,"key":"Shuriken"},{"floor":9,"key":"Pantograph"},{"floor":10,"key":"Red Skull"},{"floor":23,"key":"Whetstone"},{"floor":26,"key":"Bottled Lightning"},{"floor":27,"key":"Happy Flower"},{"floor":42,"key":"Pear"},{"floor":43,"key":"Dodecahedron"},{"floor":44,"key":"Potion Belt"}],"event_choices":[{"damage_healed":0,"gold_gain":0,"player_choice":"Lose Max HP","damage_taken":0,"relics_obtained":["Golden Idol"],"max_hp_gain":0,"max_hp_loss":6,"event_name":"Golden Idol","floor":2,"gold_loss":0},{"damage_healed":0,"gold_gain":0,"player_choice":"Became a vampire","damage_taken":0,"max_hp_gain":0,"max_hp_loss":24,"event_name":"Vampires","floor":20,"gold_loss":0,"cards_obtained":["Bite","Bite","Bite","Bite","Bite"]},{"damage_healed":0,"gold_gain":0,"player_choice":"Joined the Cult","damage_taken":6,"max_hp_gain":0,"max_hp_loss":0,"event_name":"Nest","floor":22,"gold_loss":0,"cards_obtained":["RitualDagger"]},{"damage_healed":0,"gold_gain":0,"player_choice":"Gave Idol","damage_taken":0,"relics_obtained":["Bloody Idol"],"max_hp_gain":0,"max_hp_loss":0,"event_name":"Forgotten Altar","floor":25,"relics_lost":["Golden Idol"],"gold_loss":0},{"cards_removed":["Defend_R"],"damage_healed":0,"gold_gain":0,"player_choice":"Purged","damage_taken":0,"max_hp_gain":0,"max_hp_loss":0,"event_name":"Purifier","floor":36,"gold_loss":0}],"is_beta":false,"boss_relics":[{"not_picked":["Lizard Tail","Cursed Key"],"picked":"Empty Cage"},{"not_picked":["Runic Pyramid","Tiny House"],"picked":"Mark of Pain"}],"items_purged_floors":[],"is_endless":false,"potions_floor_spawned":[1,7,8,10,18,21,24,28,35,37,41],"ascension_level":0}