{"gold_per_floor":[119,135,146,160,160,160,33,65,65,85,185,205,225,243,243,348,348,362,379,158,174,191,191],"floor_reached":23,"playtime":2248,"items_purged":["Strike_B"],"score":199,"play_id":"dede94d7-ef25-4344-b50e-1b684436b694","local_time":"20190218004733","is_ascension_mode":false,"campfire_choices":[{"data":"Zap","floor":6,"key":"SMITH"},{"data":"Hologram","floor":15,"key":"SMITH"}],"neow_cost":"NONE","seed_source_timestamp":11561189165300,"circlet_count":0,"master_deck":["Defend_B","Defend_B","Defend_B","Defend_B","Zap+1","Dualcast","Auto Shields","Auto Shields","All For One","Ball Lightning","Undo","Self Repair","Consume","Self Repair","Hologram+1","Amplify","Streamline+1","Scrape+1","Fission+1","Leap","BootSequence","Capacitor","Genetic Algorithm","Loop"],"relics":["Cracked Core","PreservedInsect","Mummified Hand","Astrolabe","Juzu Bracelet"],"potions_floor_usage":[10,16,16,16,22,22],"damage_taken":[{"damage":7,"enemies":"Small Slimes","floor":1,"turns":4},{"damage":1,"enemies":"Cultist","floor":2,"turns":4},{"damage":0,"enemies":"2 Louse","floor":3,"turns":2},{"damage":2,"enemies":"Lots of Slimes","floor":4,"turns":4},{"damage":8,"enemies":"3 Sentries","floor":8,"turns":7},{"damage":0,"enemies":"Red Slaver","floor":10,"turns":3},{"damage":0,"enemies":"Exordium Thugs","floor":12,"turns":5},{"damage":2,"enemies":"Blue Slaver","floor":13,"turns":4},{"damage":3,"enemies":"2 Fungi Beasts","floor":14,"turns":3},{"damage":33,"enemies":"Hexaghost","floor":16,"turns":11},{"damage":15,"enemies":"Shell Parasite","floor":18,"turns":5},{"damage":0,"enemies":"Chosen","floor":19,"turns":4},{"damage":14,"enemies":"Snake Plant","floor":21,"turns":4},{"damage":0,"enemies":"Sentry and Sphere","floor":22,"turns":4},{"damage":93,"enemies":"Gremlin Leader","floor":23,"turns":7}],"seed_played":"-7003511731744798185","potions_obtained":[{"floor":2,"key":"SteroidPotion"},{"floor":4,"key":"GamblersBrew"},{"floor":8,"key":"Weak Potion"},{"floor":12,"key":"SteroidPotion"},{"floor":16,"key":"PowerPotion"},{"floor":21,"key":"Explosive Potion"}],"is_trial":false,"path_per_floor":["M","M","M","M","?","R","$","E","T","M","?","M","M","M","R","B",null,"M","M","$","M","M","E"],"character_chosen":"DEFECT","items_purchased":["Ball Lightning","Capacitor","Juzu Bracelet"],"campfire_rested":0,"item_purchase_floors":[7,20,20],"current_hp_per_floor":[75,74,74,72,72,72,72,64,64,64,64,71,76,82,82,63,82,74,82,82,82,82,0],"gold":191,"neow_bonus":"TEN_PERCENT_HP_BONUS","is_prod":false,"is_daily":false,"chose_seed":false,"campfire_upgraded":2,"win_rate":0.0,"timestamp":1550479653,"path_taken":["M","M","M","M","?","R","$","E","T","M","?","M","M","?","R","BOSS","M","M","$","M","M","E"],"build_version":"2019-01-23","purchased_purges":1,"victory":false,"max_hp_per_floor":[82,82,82,82,82,82,82,82,82,82,82,82,82,82,82,82,82,82,82,82,82,82,82],"card_choices":[{"not_picked":["Coolheaded","Cold Snap"],"picked":"Auto Shields","floor":1},{"not_picked":["Turbo","Double Energy","Stack"],"picked":"SKIP","floor":2},{"not_picked":["Beam Cell","Doom and Gloom"],"picked":"Auto Shields","floor":3},{"not_picked":["Scrape","Conserve Battery"],"picked":"All For One","floor":4},{"not_picked":["Steam","Go for the Eyes"],"picked":"Undo","floor":8},{"not_picked":["Sweeping Beam","Reprogram"],"picked":"Self Repair","floor":10},{"not_picked":["Cold Snap","Sweeping Beam"],"picked":"Consume","floor":12},{"not_picked":["Hello World","Cold Snap"],"picked":"Self Repair","floor":13},{"not_picked":["Sweeping Beam","Turbo"],"picked":"Hologram","floor":14},{"not_picked":["Thunder Strike","Multi-Cast"],"picked":"Amplify","floor":16},{"not_picked":["Compile Driver","Gash"],"picked":"Leap","floor":18},{"not_picked":["Beam Cell","Cold Snap"],"picked":"BootSequence","floor":19},{"not_picked":["Steam+1","Beam Cell"],"picked":"Genetic Algorithm","floor":21},{"not_picked":["Sweeping Beam","Lockon"],"picked":"Loop","floor":22}],"player_experience":158962,"relics_obtained":[{"floor":8,"key":"PreservedInsect"},{"floor":9,"key":"Mummified Hand"}],"event_choices":[{"damage_healed":0,"gold_gain":0,"player_choice":"Ignored","damage_taken":0,"max_hp_gain":0,"max_hp_loss":0,"event_name":"Shining Light","floor":5,"gold_loss":0},{"damage_healed":0,"gold_gain":100,"player_choice":"Pray","damage_taken":0,"max_hp_gain":0,"max_hp_loss":0,"event_name":"Golden Shrine","floor":11,"gold_loss":0}],"is_beta":false,"boss_relics":[{"not_picked":["Orrery","FrozenCore"],"picked":"Astrolabe"}],"items_purged_floors":[7],"is_endless":false,"potions_floor_spawned":[2,4,8,12,16,21],"killed_by":"Gremlin Leader","ascension_level":0}