{"gold_per_floor":[119,119,119,129,145,145,174,174,201,47,64,64,79,92,92,195,195,215,229,429,441,455,455,470,470,470,11,11,11,11,11,11,109,109,128,141,160,160],"floor_reached":38,"playtime":1483,"items_purged":[],"score":528,"play_id":"b83308c0-e49e-48c9-a9e9-093c1407467d","local_time":"20190212163543","is_ascension_mode":false,"campfire_choices":[{"data":"Bash","floor":6.0,"key":"SMITH"},{"data":"Clothesline","floor":12.0,"key":"SMITH"},{"data":"Spot Weakness","floor":15.0,"key":"SMITH"},{"data":"Searing Blow","floor":23.0,"key":"SMITH"},{"floor":32.0,"key":"REST"}],"neow_cost":"","seed_source_timestamp":0,"circlet_count":0,"master_deck":["Strike_R","Strike_R","Strike_R","Defend_R","Defend_R","Defend_R+1","Defend_R+1","Bash+1","Searing Blow+1","Clothesline+1","Anger","Spot Weakness+1","Brutality","Combust+1","Ghostly Armor","Rupture+1","Core Surge","Mayhem","Impervious","Iron Wave","True Grit"],"special_seed":0,"relics":["Burning Blood","Red Skull","Torii","War Paint","Oddly Smooth Stone","White Beast Statue","Calipers","Champion Belt","Black Star"],"potions_floor_usage":[38],"damage_taken":[{"damage":0.0,"enemies":"2 Louse","floor":1.0,"turns":4.0},{"damage":0.0,"enemies":"Small Slimes","floor":4.0,"turns":4.0},{"damage":1.0,"enemies":"Cultist","floor":5.0,"turns":3.0},{"damage":20.0,"enemies":"Gremlin Nob","floor":7.0,"turns":4.0},{"damage":1.0,"enemies":"Exordium Thugs","floor":11.0,"turns":4.0},{"damage":9.0,"enemies":"Red Slaver","floor":13.0,"turns":2.0},{"damage":6.0,"enemies":"2 Fungi Beasts","floor":14.0,"turns":3.0},{"damage":2.0,"enemies":"The Guardian","floor":16.0,"turns":7.0},{"damage":28.0,"enemies":"Shell Parasite","floor":18.0,"turns":5.0},{"damage":16.0,"enemies":"2 Thieves","floor":19.0,"turns":4.0},{"damage":18.0,"enemies":"Centurion and Healer","floor":21.0,"turns":6.0},{"damage":3.0,"enemies":"Snake Plant","floor":22.0,"turns":3.0},{"damage":8.0,"enemies":"Chosen and Byrds","floor":24.0,"turns":4.0},{"damage":21.0,"enemies":"Champ","floor":33.0,"turns":11.0},{"damage":12.0,"enemies":"Orb Walker","floor":35.0,"turns":3.0},{"damage":10.0,"enemies":"3 Shapes","floor":36.0,"turns":6.0},{"damage":42.0,"enemies":"Maw","floor":37.0,"turns":8.0},{"damage":63,"enemies":"Writhing Mass","floor":38,"turns":6}],"seed_played":"4059461790695836195","potions_obtained":[{"floor":1.0,"key":"Dexterity Potion"},{"floor":4.0,"key":"Poison Potion"},{"floor":7.0,"key":"PowerPotion"},{"floor":14.0,"key":"Ancient Potion"},{"floor":16.0,"key":"PowerPotion"},{"floor":18.0,"key":"Energy Potion"},{"floor":19.0,"key":"Explosive Potion"},{"floor":21.0,"key":"FearPotion"},{"floor":22.0,"key":"Dexterity Potion"},{"floor":24.0,"key":"SteroidPotion"},{"floor":33.0,"key":"Regen Potion"},{"floor":35.0,"key":"BloodPotion"},{"floor":36.0,"key":"Strength Potion"},{"floor":37.0,"key":"GamblersBrew"}],"is_trial":true,"path_per_floor":["M","?","?","M","M","R","E","?","T","$","M","R","M","M","R","B",null,"M","M","?","M","M","R","M","?","T","$","$","?","?","$","R","B",null,"M","M","M","M"],"character_chosen":"IRONCLAD","items_purchased":["Oddly Smooth Stone","Champion Belt","Mayhem"],"campfire_rested":1,"item_purchase_floors":[10,27,27],"current_hp_per_floor":[80,80,38,44,49,49,35,35,35,35,40,40,37,37,37,41,80,58,48,48,36,39,39,37,37,37,37,37,37,37,37,61,46,80,74,70,42,0],"gold":160,"neow_bonus":"","is_prod":false,"is_daily":false,"chose_seed":false,"campfire_upgraded":4,"win_rate":0,"timestamp":1550007343,"path_taken":["M","?","?","M","M","R","E","?","T","$","M","R","M","?","R","BOSS","M","M","?","?","M","R","M","?","T","?","$","?","?","?","R","BOSS","M","M","?","M"],"build_version":"2019-01-23","purchased_purges":0,"victory":false,"max_hp_per_floor":[80,80,80,80,80,80,80,80,80,80,80,80,80,80,80,80,80,80,80,80,80,80,80,80,80,80,80,80,80,80,80,80,80,80,80,80,80,80],"card_choices":[{"not_picked":["Second Wind","Uppercut"],"picked":"Searing Blow","floor":1.0},{"not_picked":["Thunderclap","Flex","Perfected Strike"],"picked":"SKIP","floor":4.0},{"not_picked":["Thunderclap","Shockwave"],"picked":"Clothesline","floor":5.0},{"not_picked":["Perfected Strike","Thunderclap","Searing Blow"],"picked":"SKIP","floor":7.0},{"not_picked":["Warcry","Rage"],"picked":"Anger","floor":11.0},{"not_picked":["Perfected Strike","Pummel"],"picked":"Dropkick","floor":13.0},{"not_picked":["Heavy Blade","Wild Strike"],"picked":"Spot Weakness","floor":14.0},{"not_picked":["Bludgeon","Exhume"],"picked":"Brutality","floor":16.0},{"not_picked":["Metallicize","Pummel+1"],"picked":"Combust+1","floor":18.0},{"not_picked":["Warcry","Twin Strike","Armaments"],"picked":"SKIP","floor":19.0},{"not_picked":["Bloodletting","Twin Strike"],"picked":"Ghostly Armor","floor":21.0},{"not_picked":["Clash","Disarm"],"picked":"Rupture+1","floor":22.0},{"not_picked":["Carnage+1","Clash","Havoc"],"picked":"SKIP","floor":24.0},{"not_picked":["Dark Embrace","Berserk"],"picked":"Impervious","floor":33.0},{"not_picked":["Second Wind+1","Cleave+1","Armaments"],"picked":"SKIP","floor":35.0},{"not_picked":["Wild Strike","Body Slam"],"picked":"Iron Wave","floor":36.0},{"not_picked":["Cleave","Flex+1"],"picked":"True Grit","floor":37.0}],"player_experience":1208343,"relics_obtained":[{"floor":7.0,"key":"Torii"},{"floor":9.0,"key":"War Paint"},{"floor":26.0,"key":"Calipers"}],"event_choices":[{"damage_healed":0.0,"max_hp_gain":0.0,"max_hp_loss":0.0,"gold_gain":0.0,"event_name":"Liars Game","player_choice":"Ignored","floor":2.0,"gold_loss":0.0,"damage_taken":0.0},{"damage_healed":0.0,"max_hp_gain":0.0,"max_hp_loss":0.0,"gold_gain":0.0,"event_name":"Scrap Ooze","player_choice":"Success","floor":3.0,"gold_loss":0.0,"damage_taken":42.0,"relics_obtained":["Red Skull"]},{"cards_removed":["Strike_R"],"damage_healed":0.0,"max_hp_gain":0.0,"max_hp_loss":0.0,"gold_gain":0.0,"event_name":"Bonfire Elementals","player_choice":"Offered Basic","floor":8.0,"gold_loss":0.0,"damage_taken":0.0},{"damage_healed":0.0,"max_hp_gain":0.0,"max_hp_loss":0.0,"gold_gain":250.0,"event_name":"The Joust","player_choice":"Bet on Owner","floor":20.0,"gold_loss":50.0,"damage_taken":0.0},{"cards_removed":["Dropkick"],"damage_healed":0.0,"max_hp_gain":0.0,"max_hp_loss":0.0,"gold_gain":0.0,"event_name":"NoteForYourself","player_choice":"Took Card","floor":25.0,"gold_loss":0.0,"damage_taken":0.0,"cards_obtained":["Core Surge"]},{"cards_removed":["Strike_R"],"damage_healed":0.0,"max_hp_gain":0.0,"max_hp_loss":0.0,"gold_gain":0.0,"event_name":"Back to Basics","player_choice":"Elegance","floor":30.0,"gold_loss":0.0,"damage_taken":0.0}],"is_beta":false,"boss_relics":[{"not_picked":["Lizard Tail","Cursed Key"],"picked":"White Beast Statue"},{"not_picked":["Philosopher\u0027s Stone","Sozu"],"picked":"Black Star"}],"items_purged_floors":[],"is_endless":true,"potions_floor_spawned":[1,4,7,14,16,18,19,21,22,24,33,35,36,37],"killed_by":"Writhing Mass","ascension_level":0}