{"gold_per_floor":[115,130,27,27,27,27,27,40,40,90,90,116,129,144,144,221,221,241,141,151,151,165,165,195,195,243,243,18,30,45,95,95,172,172,192,292,292,309,309,309,342,356,404,418,418,116,149,168,168,168],"floor_reached":51,"playtime":2640,"items_purged":["Strike_R","Strike_R","Strike_R","Strike_R+1"],"score":2000,"play_id":"073b1d39-8bfd-47b0-9ea6-0eb3c196ae9a","local_time":"20190112153914","is_ascension_mode":true,"campfire_choices":[{"data":"Body Slam","floor":6,"key":"SMITH"},{"data":"True Grit","floor":11,"key":"SMITH"},{"data":"Disarm","floor":15,"key":"SMITH"},{"data":"Feel No Pain","floor":23,"key":"SMITH"},{"data":"Spot Weakness","floor":25,"key":"SMITH"},{"data":"Corruption","floor":27,"key":"SMITH"},{"data":"Jack Of All Trades","floor":32,"key":"SMITH"},{"data":"Flame Barrier","floor":40,"key":"SMITH"},{"data":"Sentinel","floor":45,"key":"SMITH"},{"data":"Battle Trance","floor":49,"key":"SMITH"}],"neow_cost":"PERCENT_DAMAGE","seed_source_timestamp":247910700837097,"circlet_count":0,"master_deck":["AscendersBane","Defend_R","Defend_R","Defend_R","Defend_R","Bash","Flame Barrier+1","Body Slam+1","Corruption+1","Shrug It Off","Body Slam+1","True Grit+1","Reaper","Shrug It Off","Disarm+1","Fiend Fire+1","Shockwave","Feel No Pain+1","Sentinel+1","Spot Weakness+1","Exhume","Jack Of All Trades+1","Warcry","Battle Trance+1","Impervious","Madness","Madness","Dark Shackles","Havoc+1","Doubt","Shrug It Off","Finesse","Battle Trance"],"relics":["Burning Blood","Prayer Wheel","Dead Branch","Red Skull","White Beast Statue","Anchor","Centennial Puzzle","Cursed Key","Thread and Needle","Whetstone","Sundial"],"potions_floor_usage":[16,16,22,24,24,30,33,38,41,42,44,50,50],"damage_taken":[{"damage":11,"enemies":"2 Louse","floor":1,"turns":3},{"damage":2,"enemies":"Jaw Worm","floor":2,"turns":4},{"damage":1,"enemies":"Cultist","floor":8,"turns":3},{"damage":1,"enemies":"3 Sentries","floor":12,"turns":6},{"damage":10,"enemies":"Large Slime","floor":13,"turns":3},{"damage":18,"enemies":"2 Fungi Beasts","floor":14,"turns":4},{"damage":3,"enemies":"Hexaghost","floor":16,"turns":8},{"damage":13,"enemies":"Chosen","floor":18,"turns":4},{"damage":0,"enemies":"Spheric Guardian","floor":20,"turns":3},{"damage":1,"enemies":"3 Cultists","floor":22,"turns":6},{"damage":11,"enemies":"Gremlin Leader","floor":24,"turns":6},{"damage":5,"enemies":"Snake Plant","floor":29,"turns":2},{"damage":1,"enemies":"Centurion and Healer","floor":30,"turns":5},{"damage":0,"enemies":"Champ","floor":33,"turns":3},{"damage":6,"enemies":"3 Shapes","floor":35,"turns":2},{"damage":0,"enemies":"Mind Bloom Boss Battle","floor":36,"turns":2},{"damage":0,"enemies":"3 Darklings","floor":38,"turns":2},{"damage":6,"enemies":"Nemesis","floor":41,"turns":3},{"damage":3,"enemies":"Spire Growth","floor":42,"turns":3},{"damage":4,"enemies":"Writhing Mass","floor":44,"turns":4},{"damage":0,"enemies":"Reptomancer","floor":47,"turns":3},{"damage":0,"enemies":"4 Shapes","floor":48,"turns":4},{"damage":9,"enemies":"Awakened One","floor":50,"turns":7}],"seed_played":"-6420398255982101942","potions_obtained":[{"floor":1,"key":"PowerPotion"},{"floor":12,"key":"GamblersBrew"},{"floor":18,"key":"LiquidBronze"},{"floor":20,"key":"Poison Potion"},{"floor":22,"key":"Poison Potion"},{"floor":24,"key":"SteroidPotion"},{"floor":29,"key":"SteroidPotion"},{"floor":30,"key":"Regen Potion"},{"floor":33,"key":"Swift Potion"},{"floor":35,"key":"Dexterity Potion"},{"floor":36,"key":"Swift Potion"},{"floor":38,"key":"Dexterity Potion"},{"floor":41,"key":"Poison Potion"},{"floor":42,"key":"SpeedPotion"},{"floor":44,"key":"Ancient Potion"},{"floor":48,"key":"Block Potion"}],"is_trial":false,"path_per_floor":["M","M","$","?","?","R","$","M","T","?","R","E","M","M","R","B",null,"M","$","M","?","M","R","E","R","T","R","$","M","M","?","R","B",null,"M","?","?","M","?","R","E","M","T","M","R","$","E","M","R","B",null],"character_chosen":"IRONCLAD","items_purchased":["Body Slam","Jack Of All Trades","Shrug It Off","Finesse"],"campfire_rested":0,"item_purchase_floors":[3,28,46,46],"current_hp_per_floor":[45,49,49,42,42,42,42,47,47,47,47,52,48,43,43,52,69,62,62,68,47,64,64,73,73,73,73,73,74,80,72,72,80,80,80,80,66,72,72,72,78,80,80,80,80,80,80,80,80,77],"gold":168,"neow_bonus":"ONE_RARE_RELIC","is_prod":false,"is_daily":false,"chose_seed":true,"campfire_upgraded":10,"win_rate":0,"timestamp":1547332754,"path_taken":["M","M","$","?","?","R","?","M","T","?","R","E","?","M","R","BOSS","M","$","M","?","M","R","E","R","T","R","$","M","M","?","R","BOSS","M","?","?","M","?","R","E","?","T","M","R","$","E","M","R","BOSS"],"build_version":"2019-01-10","purchased_purges":4,"victory":true,"max_hp_per_floor":[75,75,75,75,75,75,75,75,75,75,75,75,75,75,75,75,75,75,75,75,80,80,80,80,80,80,80,80,80,80,80,80,80,80,80,80,80,80,80,80,80,80,80,80,80,80,80,80,80,80],"card_choices":[{"not_picked":["Shockwave","Anger"],"picked":"Flame Barrier","floor":1},{"not_picked":["Havoc","Fire Breathing"],"picked":"Body Slam","floor":1},{"not_picked":["Wild Strike","True Grit"],"picked":"Corruption","floor":2},{"not_picked":["Juggernaut","Clash"],"picked":"Shrug It Off","floor":2},{"not_picked":["Iron Wave","Metallicize"],"picked":"True Grit","floor":8},{"not_picked":["Berserk","Whirlwind","Clash"],"picked":"SKIP","floor":8},{"not_picked":["Perfected Strike","Clothesline"],"picked":"Reaper","floor":12},{"not_picked":["Immolate","Body Slam"],"picked":"Shrug It Off","floor":13},{"not_picked":["Sever Soul","Clash","Wild Strike"],"picked":"SKIP","floor":13},{"not_picked":["Shrug It Off","Rupture"],"picked":"Disarm","floor":14},{"not_picked":["Bloodletting","Rampage","Wild Strike"],"picked":"SKIP","floor":14},{"not_picked":["Brutality","Dark Embrace"],"picked":"Fiend Fire","floor":16},{"not_picked":["Headbutt","Pommel Strike+1"],"picked":"Shockwave","floor":18},{"not_picked":["Pummel","Wild Strike","Evolve"],"picked":"SKIP","floor":18},{"not_picked":["Dual Wield","Pummel"],"picked":"Feel No Pain","floor":20},{"not_picked":["Sword Boomerang","Iron Wave"],"picked":"Sentinel","floor":20},{"not_picked":["Dual Wield","Perfected Strike"],"picked":"Spot Weakness","floor":22},{"not_picked":["Blood for Blood","Body Slam","Iron Wave"],"picked":"SKIP","floor":22},{"not_picked":["True Grit","Burning Pact"],"picked":"Exhume","floor":24},{"not_picked":["Pummel","Twin Strike"],"picked":"Warcry","floor":29},{"not_picked":["Twin Strike+1","Dual Wield","Metallicize"],"picked":"SKIP","floor":29},{"not_picked":["Feel No Pain","Pommel Strike+1"],"picked":"Battle Trance","floor":30},{"not_picked":["Inflame","True Grit","Pommel Strike"],"picked":"SKIP","floor":30},{"not_picked":["Brutality","Demon Form"],"picked":"Impervious","floor":33},{"not_picked":["Infernal Blade","Armaments","True Grit"],"picked":"SKIP","floor":35},{"not_picked":["Clash","Metallicize","Cleave"],"picked":"SKIP","floor":35},{"not_picked":["Fire Breathing","Perfected Strike+1","Power Through"],"picked":"SKIP","floor":38},{"not_picked":["Armaments","True Grit","Cleave+1"],"picked":"SKIP","floor":38},{"not_picked":["Dramatic Entrance","Forethought"],"picked":"Dark Shackles","floor":39},{"not_picked":["Second Wind","Combust+1"],"picked":"Havoc+1","floor":41},{"not_picked":["Heavy Blade","Brutality","Bloodletting"],"picked":"SKIP","floor":42},{"not_picked":["Perfected Strike+1","Twin Strike","Anger"],"picked":"SKIP","floor":42},{"not_picked":["Cleave+1","Power Through","Wild Strike"],"picked":"SKIP","floor":44},{"not_picked":["Sword Boomerang","Pummel+1","Anger"],"picked":"SKIP","floor":44},{"not_picked":["Carnage+1","Dropkick","Feed"],"picked":"SKIP","floor":47},{"not_picked":["Thunderclap+1","Pummel"],"picked":"Battle Trance","floor":48},{"not_picked":["Wild Strike","Body Slam","Flex"],"picked":"SKIP","floor":48}],"player_experience":1198578,"relics_obtained":[{"floor":9,"key":"Dead Branch"},{"floor":12,"key":"Red Skull"},{"floor":24,"key":"Anchor"},{"floor":26,"key":"Centennial Puzzle"},{"floor":36,"key":"Thread and Needle"},{"floor":41,"key":"Whetstone"},{"floor":47,"key":"Sundial"}],"event_choices":[{"cards_removed":["Strike_R"],"damage_healed":0,"gold_gain":0,"player_choice":"Card Removal","damage_taken":7,"max_hp_gain":0,"max_hp_loss":0,"event_name":"Golden Wing","floor":4,"gold_loss":0},{"damage_healed":0,"gold_gain":0,"player_choice":"Grow","damage_taken":0,"max_hp_gain":0,"max_hp_loss":0,"event_name":"Living Wall","floor":5,"gold_loss":0,"cards_upgraded":["Body Slam"]},{"damage_healed":0,"gold_gain":50,"player_choice":"Pray","damage_taken":0,"max_hp_gain":0,"max_hp_loss":0,"event_name":"Golden Shrine","floor":10,"gold_loss":0},{"damage_healed":0,"gold_gain":0,"player_choice":"Shed Blood","damage_taken":26,"max_hp_gain":5,"max_hp_loss":0,"event_name":"Forgotten Altar","floor":21,"gold_loss":0},{"damage_healed":0,"gold_gain":50,"player_choice":"Touch","damage_taken":8,"max_hp_gain":0,"max_hp_loss":0,"event_name":"FaceTrader","floor":31,"gold_loss":0},{"damage_healed":0,"gold_gain":0,"player_choice":"Fight","damage_taken":0,"max_hp_gain":0,"max_hp_loss":0,"event_name":"MindBloom","floor":36,"gold_loss":0},{"damage_healed":0,"gold_gain":0,"player_choice":"Embrace Madness","damage_taken":14,"max_hp_gain":0,"max_hp_loss":0,"event_name":"Winding Halls","floor":37,"gold_loss":0,"cards_obtained":["Madness","Madness"]},{"damage_healed":0,"gold_gain":0,"player_choice":"Memory 1","damage_taken":0,"max_hp_gain":0,"max_hp_loss":0,"event_name":"SensoryStone","floor":39,"gold_loss":0}],"is_beta":true,"boss_relics":[{"not_picked":["Tiny House","Runic Cube"],"picked":"White Beast Statue"},{"not_picked":["Eternal Feather","Coffee Dripper"],"picked":"Cursed Key"}],"items_purged_floors":[3,19,28,46],"is_endless":false,"potions_floor_spawned":[1,12,14,18,20,22,24,29,30,33,35,36,38,41,42,44,47,48],"ascension_level":19}