{"gold_per_floor":[112,112,112,132,207,232,232,261,261,261],"floor_reached":10,"playtime":284,"items_purged":[],"score":74,"play_id":"b8341a90-ee90-43a1-bddf-aa04193e021d","local_time":"20190124205609","is_ascension_mode":false,"campfire_choices":[],"neow_cost":"NONE","seed_source_timestamp":111024437450976,"circlet_count":0,"master_deck":["Strike_R","Strike_R","Strike_R","Strike_R","Strike_R","Defend_R","Defend_R","Defend_R","Bash","Perfected Strike","Perfected Strike","Seeing Red","Regret","Clash"],"relics":["Burning Blood","FossilizedHelix","Shuriken","Ancient Tea Set","Self Forming Clay","Bird Faced Urn"],"potions_floor_usage":[10],"damage_taken":[{"damage":11,"enemies":"Jaw Worm","floor":1,"turns":2},{"damage":0,"enemies":"2 Louse","floor":4,"turns":2},{"damage":21,"enemies":"Gremlin Nob","floor":6,"turns":4},{"damage":33,"enemies":"Lagavulin","floor":8,"turns":5},{"damage":22,"enemies":"3 Sentries","floor":10,"turns":4}],"seed_played":"7288809725029454552","potions_obtained":[{"floor":8,"key":"GamblersBrew"}],"is_trial":false,"path_per_floor":["M","?","?","M","?","E","?","E","T","E"],"character_chosen":"IRONCLAD","items_purchased":[],"campfire_rested":0,"item_purchase_floors":[],"current_hp_per_floor":[83,65,65,71,60,45,45,18,18,0],"gold":261,"neow_bonus":"TEN_PERCENT_HP_BONUS","is_prod":false,"is_daily":false,"chose_seed":false,"campfire_upgraded":0,"win_rate":0.0,"timestamp":1548359769,"path_taken":["M","?","?","?","?","E","?","E","T","E"],"build_version":"2019-01-23","purchased_purges":0,"victory":false,"max_hp_per_floor":[88,88,88,88,88,88,88,88,88,88],"card_choices":[{"not_picked":["Shrug It Off","Anger"],"picked":"Perfected Strike","floor":1},{"not_picked":["Hemokinesis","Metallicize"],"picked":"Perfected Strike","floor":4},{"not_picked":["Second Wind","Sword Boomerang"],"picked":"Seeing Red","floor":6},{"not_picked":["Anger","Iron Wave"],"picked":"Clash","floor":8}],"player_experience":49692,"relics_obtained":[{"floor":6,"key":"Shuriken"},{"floor":8,"key":"Self Forming Clay"},{"floor":9,"key":"Bird Faced Urn"}],"event_choices":[{"damage_healed":0,"gold_gain":0,"player_choice":"Success","damage_taken":18,"relics_obtained":["FossilizedHelix"],"max_hp_gain":0,"max_hp_loss":0,"event_name":"Scrap Ooze","floor":2,"gold_loss":0},{"cards_removed":["Defend_R"],"damage_healed":0,"gold_gain":0,"player_choice":"Purged","damage_taken":0,"max_hp_gain":0,"max_hp_loss":0,"event_name":"Purifier","floor":3,"gold_loss":0},{"damage_healed":0,"gold_gain":75,"player_choice":"Gather Gold","damage_taken":11,"max_hp_gain":0,"max_hp_loss":0,"event_name":"World of Goop","floor":5,"gold_loss":0},{"damage_healed":0,"gold_gain":0,"player_choice":"Box","damage_taken":0,"relics_obtained":["Ancient Tea Set"],"max_hp_gain":0,"max_hp_loss":0,"event_name":"Big Fish","floor":7,"gold_loss":0,"cards_obtained":["Regret"]}],"is_beta":false,"boss_relics":[],"items_purged_floors":[],"is_endless":false,"potions_floor_spawned":[8],"killed_by":"3 Sentries","ascension_level":0}