{"gold_per_floor":[112,123,123,123,141,167,181,22,46,46,59,79,79,92,92,193,193,210,222,74,91,16,16,115,25,25,25,40,57,68,68,68,167,167,180,180,254,59,59,59,0,0,0,29,29,43,60,60,60,60],"floor_reached":50,"playtime":3774,"items_purged":["Strike_G"],"score":549,"play_id":"61022be5-1ed2-4346-8f20-e676edb4dfc6","local_time":"20190208010302","is_ascension_mode":false,"campfire_choices":[{"floor":10,"key":"REST"},{"floor":15,"key":"REST"},{"data":"Infinite Blades","floor":23,"key":"SMITH"},{"data":"Leg Sweep","floor":27,"key":"SMITH"},{"floor":32,"key":"REST"},{"data":"Accuracy","floor":40,"key":"SMITH"},{"floor":42,"key":"REST"},{"floor":49,"key":"REST"}],"neow_cost":"NONE","seed_source_timestamp":12771812173200,"circlet_count":0,"master_deck":["Defend_G","Defend_G+1","Defend_G","Defend_G","Defend_G","Strike_G","Strike_G","Survivor","Slice","Dagger Spray","Infinite Blades+1","Sucker Punch","Bouncing Flask","Accuracy+1","Cloak And Dagger","Corpse Explosion","Crippling Poison","Cloak And Dagger","Noxious Fumes","Backflip","Deflect","Tools of the Trade","Deflect","Leg Sweep+1","Poisoned Stab","Footwork","Noxious Fumes","Deadly Poison","Madness","Madness","Parasite"],"relics":["Ring of the Snake","NeowsBlessing","Prayer Wheel","Shuriken","Strawberry","Busted Crown","Singing Bowl","White Beast Statue","Gremlin Horn","TwistedFunnel","Red Mask","Question Card","Smiling Mask"],"potions_floor_usage":[11,19,21,29,29,30,44,44,47,48,50],"damage_taken":[{"damage":0,"enemies":"2 Louse","floor":1,"turns":1},{"damage":0,"enemies":"Jaw Worm","floor":2,"turns":1},{"damage":0,"enemies":"Cultist","floor":5,"turns":1},{"damage":53,"enemies":"Lagavulin","floor":6,"turns":12},{"damage":9,"enemies":"3 Louse","floor":7,"turns":4},{"damage":8,"enemies":"Lots of Slimes","floor":11,"turns":3},{"damage":9,"enemies":"Large Slime","floor":12,"turns":7},{"damage":7,"enemies":"3 Louse","floor":14,"turns":2},{"damage":5,"enemies":"Hexaghost","floor":16,"turns":9},{"damage":8,"enemies":"Shell Parasite","floor":18,"turns":6},{"damage":1,"enemies":"Chosen","floor":19,"turns":5},{"damage":17,"enemies":"Centurion and Healer","floor":21,"turns":5},{"damage":0,"enemies":"Snecko","floor":28,"turns":5},{"damage":13,"enemies":"Cultist and Chosen","floor":29,"turns":5},{"damage":9,"enemies":"Sentry and Sphere","floor":30,"turns":5},{"damage":44,"enemies":"Automaton","floor":33,"turns":9},{"damage":18,"enemies":"3 Darklings","floor":35,"turns":5},{"damage":25,"enemies":"Nemesis","floor":44,"turns":9},{"damage":23,"enemies":"Orb Walker","floor":46,"turns":4},{"damage":24,"enemies":"Sphere and 2 Shapes","floor":47,"turns":4},{"damage":27,"enemies":"Writhing Mass","floor":48,"turns":6},{"damage":39,"enemies":"Awakened One","floor":50,"turns":3}],"seed_played":"2320635657785500822","potions_obtained":[{"floor":7,"key":"LiquidBronze"},{"floor":12,"key":"SmokeBomb"},{"floor":14,"key":"GhostInAJar"},{"floor":16,"key":"Swift Potion"},{"floor":19,"key":"Explosive Potion"},{"floor":28,"key":"EssenceOfSteel"},{"floor":29,"key":"PowerPotion"},{"floor":30,"key":"FearPotion"},{"floor":35,"key":"SkillPotion"},{"floor":44,"key":"SteroidPotion"},{"floor":46,"key":"Fire Potion"},{"floor":47,"key":"Strength Potion"}],"is_trial":false,"path_per_floor":["M","M","?","T","M","E","M","$","T","R","M","M","?","M","R","B",null,"M","M","$","M","$","R","?","?","T","R","M","M","M","?","R","B",null,"M","?","T","$","?","R","?","R","T","E","?","M","M","M","R","B"],"character_chosen":"THE_SILENT","items_purchased":["Bouncing Flask","Accuracy","Cloak And Dagger","Footwork","Noxious Fumes","TwistedFunnel"],"campfire_rested":5,"item_purchase_floors":[8,8,8,20,22,38],"current_hp_per_floor":[70,70,70,70,70,17,8,8,15,38,30,21,21,14,37,32,77,69,68,68,51,51,51,51,51,51,51,53,44,39,31,57,15,89,75,75,75,75,63,63,63,90,90,67,69,50,30,3,34,0],"gold":60,"neow_bonus":"THREE_ENEMY_KILL","is_prod":false,"is_daily":false,"chose_seed":false,"campfire_upgraded":3,"win_rate":0.0,"timestamp":1549616582,"path_taken":["M","M","?","?","M","E","M","$","T","R","M","?","?","M","R","BOSS","M","M","$","M","?","R","?","?","T","R","M","?","M","?","R","BOSS","M","?","?","$","?","R","?","R","T","E","?","?","M","M","R","BOSS"],"build_version":"2019-01-23","purchased_purges":1,"victory":false,"max_hp_per_floor":[70,70,70,70,70,70,70,70,77,77,77,77,77,77,77,77,77,77,77,77,77,77,77,77,77,77,77,79,83,87,87,87,89,89,93,93,93,93,93,93,93,93,93,95,97,101,105,105,105,105],"card_choices":[{"not_picked":["Bane","Dagger Spray"],"picked":"Slice","floor":1},{"not_picked":["Prepared","Riddle With Holes","Heel Hook"],"picked":"SKIP","floor":2},{"not_picked":["Eviscerate","Flying Knee"],"picked":"Dagger Spray","floor":5},{"not_picked":["Bane","Eviscerate","Reflex"],"picked":"SKIP","floor":5},{"not_picked":["Endless Agony","All Out Attack"],"picked":"Infinite Blades","floor":6},{"not_picked":["Quick Slash","Distraction"],"picked":"Sucker Punch","floor":7},{"not_picked":["Leg Sweep","Poisoned Stab","Slice"],"picked":"SKIP","floor":7},{"not_picked":["Deadly Poison","Quick Slash"],"picked":"Corpse Explosion","floor":11},{"not_picked":["Dagger Spray","Acrobatics"],"picked":"Crippling Poison","floor":11},{"not_picked":["Sucker Punch","Prepared"],"picked":"Cloak And Dagger","floor":12},{"not_picked":["Prepared","Dagger Throw"],"picked":"Noxious Fumes","floor":12},{"not_picked":["Acrobatics","Dodge and Roll"],"picked":"Backflip","floor":14},{"not_picked":["Slice","Blade Dance"],"picked":"Deflect","floor":14},{"not_picked":["Doppelganger","Adrenaline"],"picked":"Tools of the Trade","floor":16},{"not_picked":[],"picked":"Deflect","floor":18},{"not_picked":["Outmaneuver"],"picked":"SKIP","floor":18},{"not_picked":[],"picked":"Leg Sweep","floor":19},{"not_picked":[],"picked":"Poisoned Stab","floor":19},{"not_picked":["Skewer"],"picked":"SKIP","floor":21},{"not_picked":["Flying Knee"],"picked":"SKIP","floor":21},{"not_picked":[],"picked":"Deadly Poison","floor":28},{"not_picked":["Dagger Throw"],"picked":"Singing Bowl","floor":28},{"not_picked":["Sucker Punch"],"picked":"Singing Bowl","floor":29},{"not_picked":["Endless Agony+1"],"picked":"Singing Bowl","floor":29},{"not_picked":["Outmaneuver+1"],"picked":"Singing Bowl","floor":30},{"not_picked":["Acrobatics"],"picked":"Singing Bowl","floor":30},{"not_picked":["Venomology"],"picked":"Singing Bowl","floor":33},{"not_picked":["All Out Attack"],"picked":"Singing Bowl","floor":35},{"not_picked":["Slice"],"picked":"Singing Bowl","floor":35},{"not_picked":["Underhanded Strike","Choke+1"],"picked":"Singing Bowl","floor":44},{"not_picked":["Flash of Steel","Enlightenment"],"picked":"Singing Bowl","floor":45},{"not_picked":["Sucker Punch","Acrobatics+1"],"picked":"Singing Bowl","floor":46},{"not_picked":["Cloak And Dagger","Reflex+1"],"picked":"Singing Bowl","floor":46},{"not_picked":["Flying Knee+1","Deflect"],"picked":"Singing Bowl","floor":47},{"not_picked":["Dagger Spray+1","Riddle With Holes"],"picked":"Singing Bowl","floor":47}],"player_experience":85754,"relics_obtained":[{"floor":4,"key":"Prayer Wheel"},{"floor":6,"key":"Shuriken"},{"floor":9,"key":"Strawberry"},{"floor":26,"key":"Singing Bowl"},{"floor":37,"key":"Gremlin Horn"},{"floor":43,"key":"Question Card"},{"floor":44,"key":"Smiling Mask"}],"event_choices":[{"damage_healed":0,"gold_gain":0,"player_choice":"Ignored","damage_taken":0,"max_hp_gain":0,"max_hp_loss":0,"event_name":"Shining Light","floor":3,"gold_loss":0},{"cards_removed":["Strike_G"],"damage_healed":0,"gold_gain":0,"player_choice":"Offered Basic","damage_taken":0,"max_hp_gain":0,"max_hp_loss":0,"event_name":"Bonfire Elementals","floor":13,"gold_loss":0},{"damage_healed":0,"gold_gain":99,"player_choice":"Stole From Cult","damage_taken":0,"max_hp_gain":0,"max_hp_loss":0,"event_name":"Nest","floor":24,"gold_loss":0},{"cards_removed":["Strike_G"],"damage_healed":0,"gold_gain":0,"player_choice":"Upgrade and Remove","damage_taken":0,"max_hp_gain":0,"max_hp_loss":0,"event_name":"Designer","floor":25,"gold_loss":90,"cards_upgraded":["Defend_G"]},{"damage_healed":0,"gold_gain":0,"player_choice":"Damaged","damage_taken":8,"max_hp_gain":0,"max_hp_loss":0,"event_name":"Wheel of Change","floor":31,"gold_loss":0},{"cards_removed":["Neutralize"],"damage_healed":0,"gold_gain":0,"player_choice":"Removed Attack","damage_taken":0,"max_hp_gain":0,"max_hp_loss":0,"event_name":"Falling","floor":36,"gold_loss":0},{"damage_healed":0,"gold_gain":0,"player_choice":"Embrace Madness","damage_taken":12,"max_hp_gain":0,"max_hp_loss":0,"event_name":"Winding Halls","floor":39,"gold_loss":0,"cards_obtained":["Madness","Madness"]},{"damage_healed":0,"gold_gain":0,"player_choice":"Paid","damage_taken":0,"relics_obtained":["Red Mask"],"max_hp_gain":0,"max_hp_loss":0,"event_name":"Tomb of Lord Red Mask","floor":41,"gold_loss":59},{"damage_healed":0,"gold_gain":0,"player_choice":"Memory 1","damage_taken":0,"max_hp_gain":0,"max_hp_loss":0,"event_name":"SensoryStone","floor":45,"gold_loss":0}],"is_beta":false,"boss_relics":[{"not_picked":["Tiny House","Astrolabe"],"picked":"Busted Crown"},{"not_picked":["Fusion Hammer","Velvet Choker"],"picked":"White Beast Statue"}],"items_purged_floors":[20],"is_endless":false,"potions_floor_spawned":[7,12,14,16,18,19,28,29,30,35,44,46,47,48],"killed_by":"Awakened One","ascension_level":0}