{"gold_per_floor":[116,129,142,161,172,207,96,125,148,48,48,48,48,71,71,71],"floor_reached":16,"playtime":656,"items_purged":["Defend_B","Defend_B"],"score":123,"play_id":"f2c1be4f-cb82-4711-94dd-c8eb9f85492f","local_time":"20190124191006","is_ascension_mode":true,"campfire_choices":[{"data":"Hello World","floor":11,"key":"SMITH"},{"data":"Hello World","floor":15,"key":"SMITH"}],"neow_cost":"NONE","seed_source_timestamp":104286877763408,"circlet_count":0,"master_deck":["Strike_B","Strike_B","Strike_B","Strike_B","Defend_B","Defend_B","Zap","Dualcast","Reinforced Body","Ball Lightning","Ball Lightning","Skim","Leap","Redo","Hello World+1","Coolheaded","Hello World+1"],"relics":["Cracked Core","Dodecahedron","Bronze Scales","Dream Catcher","Golden Idol"],"potions_floor_usage":[8],"damage_taken":[{"damage":0,"enemies":"Jaw Worm","floor":1,"turns":4},{"damage":8,"enemies":"Small Slimes","floor":2,"turns":3},{"damage":0,"enemies":"Cultist","floor":3,"turns":2},{"damage":0,"enemies":"2 Fungi Beasts","floor":4,"turns":2},{"damage":3,"enemies":"Exordium Wildlife","floor":5,"turns":3},{"damage":26,"enemies":"3 Sentries","floor":6,"turns":6},{"damage":8,"enemies":"Gremlin Nob","floor":8,"turns":4},{"damage":3,"enemies":"Red Slaver","floor":14,"turns":4},{"damage":18,"enemies":"Slime Boss","floor":16,"turns":4}],"seed_played":"-1747374021823642630","potions_obtained":[{"floor":4,"key":"Energy Potion"},{"floor":5,"key":"Dexterity Potion"},{"floor":6,"key":"Weak Potion"},{"floor":13,"key":"Poison Potion"}],"is_trial":false,"path_per_floor":["M","M","M","M","M","E","$","E","T","$","R","?","?","M","R","B"],"character_chosen":"DEFECT","items_purchased":["Hello World"],"campfire_rested":0,"item_purchase_floors":[7],"current_hp_per_floor":[82,74,74,74,71,45,45,37,37,37,37,17,17,14,14,0],"gold":71,"neow_bonus":"TEN_PERCENT_HP_BONUS","is_prod":false,"is_daily":false,"chose_seed":false,"campfire_upgraded":2,"win_rate":0,"timestamp":1548353406,"path_taken":["M","M","M","M","M","E","$","E","T","$","R","?","?","M","R","BOSS"],"build_version":"2019-01-23","purchased_purges":2,"victory":false,"max_hp_per_floor":[82,82,82,82,82,82,82,82,82,82,82,82,82,82,82,82],"card_choices":[{"not_picked":["Ball Lightning","Rebound"],"picked":"Reinforced Body","floor":1},{"not_picked":["Tempest","Barrage"],"picked":"Ball Lightning","floor":2},{"not_picked":["Leap","Reinforced Body"],"picked":"Ball Lightning","floor":3},{"not_picked":["Streamline","Sweeping Beam"],"picked":"Skim","floor":4},{"not_picked":["Chaos","Gash"],"picked":"Leap","floor":5},{"not_picked":["Stack","Sweeping Beam"],"picked":"Redo","floor":6},{"not_picked":["FTL","Auto Shields"],"picked":"Coolheaded","floor":8},{"not_picked":["Self Repair","Conserve Battery"],"picked":"Hello World","floor":14}],"player_experience":43100,"relics_obtained":[{"floor":6,"key":"Dodecahedron"},{"floor":8,"key":"Bronze Scales"},{"floor":9,"key":"Dream Catcher"}],"event_choices":[{"damage_healed":0,"gold_gain":0,"player_choice":"Take Damage","damage_taken":20,"relics_obtained":["Golden Idol"],"max_hp_gain":0,"max_hp_loss":0,"event_name":"Golden Idol","floor":12,"gold_loss":0},{"damage_healed":0,"gold_gain":0,"player_choice":"Got Potions","damage_taken":0,"max_hp_gain":0,"max_hp_loss":0,"event_name":"Lab","floor":13,"gold_loss":0}],"is_beta":false,"boss_relics":[],"items_purged_floors":[7,10],"is_endless":false,"potions_floor_spawned":[4,5,6],"killed_by":"Slime Boss","ascension_level":2}