{"gold_per_floor":[117,131,131,145,145,145,158,158,184,209,169,189,224,239,239,239],"floor_reached":16,"playtime":873,"items_purged":[],"score":243,"play_id":"7b5b376c-68ed-4ebd-b6af-6fabb3bbef83","local_time":"20190120152237","is_ascension_mode":true,"campfire_choices":[{"data":"Neutralize","floor":6,"key":"SMITH"},{"data":"Dash","floor":8,"key":"SMITH"},{"data":"Noxious Fumes","floor":15,"key":"SMITH"}],"neow_cost":"PERCENT_DAMAGE","seed_source_timestamp":941175052750640,"circlet_count":0,"master_deck":["AscendersBane","Defend_G","Defend_G","Defend_G","Defend_G","Defend_G","Strike_G","Strike_G","Strike_G","Strike_G","Strike_G","Survivor","Neutralize+1","Dash+1","Escape Plan","Decay","PiercingWail","Noxious Fumes+1","Glass Knife","Burst"],"relics":["Ring of the Snake","Lantern","PreservedInsect","Strawberry"],"potions_floor_usage":[7,10,13,14,16],"damage_taken":[{"damage":12,"enemies":"Cultist","floor":1,"turns":5},{"damage":0,"enemies":"2 Louse","floor":2,"turns":3},{"damage":0,"enemies":"Small Slimes","floor":4,"turns":3},{"damage":0,"enemies":"Exordium Wildlife","floor":7,"turns":4},{"damage":36,"enemies":"Gremlin Nob","floor":10,"turns":5},{"damage":1,"enemies":"Looter","floor":11,"turns":4},{"damage":0,"enemies":"2 Fungi Beasts","floor":12,"turns":4},{"damage":6,"enemies":"3 Sentries","floor":13,"turns":6},{"damage":1,"enemies":"Gremlin Gang","floor":14,"turns":5},{"damage":34,"enemies":"Hexaghost","floor":16,"turns":10}],"seed_played":"-5477034325885434005","potions_obtained":[{"floor":1,"key":"Weak Potion"},{"floor":2,"key":"SkillPotion"},{"floor":10,"key":"GamblersBrew"},{"floor":12,"key":"AttackPotion"},{"floor":13,"key":"Block Potion"}],"is_trial":false,"path_per_floor":["M","M","?","M","?","R","M","R","T","E","M","M","E","M","R","B"],"character_chosen":"THE_SILENT","items_purchased":[],"campfire_rested":0,"item_purchase_floors":[],"current_hp_per_floor":[44,44,70,70,70,70,70,70,70,34,33,33,34,33,33,0],"gold":239,"neow_bonus":"TWENTY_PERCENT_HP_BONUS","is_prod":false,"is_daily":false,"chose_seed":false,"campfire_upgraded":3,"win_rate":0,"timestamp":1548022957,"path_taken":["M","?","?","M","?","R","M","R","T","E","?","M","E","M","R","BOSS"],"build_version":"2019-01-19","purchased_purges":0,"victory":false,"max_hp_per_floor":[78,78,78,78,78,78,78,78,78,78,78,78,85,85,85,85],"card_choices":[{"not_picked":["Expertise","PiercingWail"],"picked":"Dash","floor":1},{"not_picked":["Terror","Flying Knee"],"picked":"Escape Plan","floor":2},{"not_picked":["Underhanded Strike","Backflip","Outmaneuver"],"picked":"SKIP","floor":4},{"not_picked":["Flying Knee","Prepared"],"picked":"PiercingWail","floor":7},{"not_picked":["Blade Dance","Reflex","Choke"],"picked":"SKIP","floor":10},{"not_picked":["Prepared","Backstab"],"picked":"Noxious Fumes","floor":11},{"not_picked":["Endless Agony","Distraction","Prepared"],"picked":"SKIP","floor":12},{"not_picked":["Dash","Outmaneuver"],"picked":"Glass Knife","floor":13},{"not_picked":["Dagger Spray","Deflect"],"picked":"Burst","floor":14}],"player_experience":1236175,"relics_obtained":[{"floor":9,"key":"Lantern"},{"floor":10,"key":"PreservedInsect"},{"floor":13,"key":"Strawberry"}],"event_choices":[{"damage_healed":26,"gold_gain":0,"player_choice":"Banana","damage_taken":0,"max_hp_gain":0,"max_hp_loss":0,"event_name":"Big Fish","floor":3,"gold_loss":0},{"damage_healed":0,"gold_gain":0,"player_choice":"Cursed","damage_taken":0,"max_hp_gain":0,"max_hp_loss":0,"event_name":"Wheel of Change","floor":5,"gold_loss":0,"cards_obtained":["Decay"]}],"is_beta":true,"boss_relics":[],"items_purged_floors":[],"is_endless":false,"potions_floor_spawned":[1,2,10,12,13],"killed_by":"Hexaghost","ascension_level":19}