{"gold_per_floor":[113,113,113,130,130,130,58,58,82,97,22,56,83,112,112,191,191,207,28,47,57,68,68,99,99,123,157,157,174,174],"floor_reached":30,"playtime":1400,"items_purged":["Strike_B","Strike_B"],"score":483,"play_id":"e0cb0f64-e61b-4f15-98d9-63c5abd53577","local_time":"20180801160630","is_ascension_mode":true,"campfire_choices":[{"data":"Zap","floor":6,"key":"SMITH"},{"data":"FTL","floor":8,"key":"SMITH"},{"data":"Strike_B","floor":15,"key":"PURGE"},{"data":"Streamline","floor":23,"key":"SMITH"},{"floor":25,"key":"REST"}],"neow_cost":"NONE","seed_source_timestamp":626908315720209,"circlet_count":0,"master_deck":["Defend_B","Defend_B","Defend_B+1","Defend_B","Zap+1","Dualcast+1","AscendersBane","All For One+1","Steam","Gash+1","FTL+1","Reinforced Body","Gash","Conserve Battery","Steam","Echo Form","Glacier","Scrape","Ball Lightning","Conserve Battery","Streamline+1","Beam Cell+1","Glacier","Hologram"],"relics":["FrozenCore","Strawberry","Peace Pipe","Odd Mushroom","Nunchaku","Gremlin Horn","Whetstone","Emotion Chip"],"potions_floor_usage":[12,13,24,24,27],"damage_taken":[{"damage":2,"enemies":"Jaw Worm","floor":1,"turns":3},{"damage":0,"enemies":"2 Louse","floor":4,"turns":2},{"damage":0,"enemies":"Small Slimes","floor":10,"turns":3},{"damage":9,"enemies":"Lagavulin","floor":12,"turns":7},{"damage":0,"floor":13,"turns":3},{"damage":2,"enemies":"3 Sentries","floor":14,"turns":4},{"damage":3,"enemies":"Slime Boss","floor":16,"turns":8},{"damage":4,"enemies":"Shell Parasite","floor":18,"turns":5},{"damage":5,"enemies":"Spheric Guardian","floor":20,"turns":6},{"damage":0,"enemies":"Cultist and Chosen","floor":21,"turns":6},{"damage":2,"enemies":"Sentry and Sphere","floor":22,"turns":5},{"damage":35,"enemies":"Gremlin Leader","floor":24,"turns":8},{"damage":25,"enemies":"Slavers","floor":27,"turns":5},{"damage":9,"enemies":"Centurion and Healer","floor":29,"turns":6},{"damage":0,"enemies":"Snake Plant","floor":30,"turns":1}],"seed_played":"4555907904707592175","potions_obtained":[{"floor":1,"key":"Fire Potion"},{"floor":4,"key":"PowerPotion"},{"floor":14,"key":"Block Potion"},{"floor":16,"key":"LiquidBronze"},{"floor":24,"key":"Swift Potion"},{"floor":27,"key":"Poison Potion"}],"is_trial":false,"path_per_floor":["M","?","?","M","?","R","$","R","T","M","$","E","?","E","R","B",null,"M","$","M","M","M","R","E","R","T","E","?","M"],"character_chosen":"DEFECT","items_purchased":["FTL","Scrape"],"campfire_rested":1,"item_purchase_floors":[7,19],"current_hp_per_floor":[62,41,34,34,34,34,34,34,41,41,41,32,32,30,30,27,65,61,61,56,56,54,54,19,42,42,17,17,8,8],"gold":174,"neow_bonus":"ONE_RANDOM_RARE_CARD","is_prod":false,"is_daily":false,"chose_seed":false,"campfire_upgraded":3,"win_rate":0,"timestamp":1533161190,"path_taken":["M","?","?","M","?","R","?","R","T","?","$","E","?","E","R","BOSS","M","$","M","M","M","R","E","R","T","E","?","M","M"],"build_version":"2018-07-31","purchased_purges":2,"victory":false,"max_hp_per_floor":[71,71,71,71,71,71,71,71,78,78,78,78,78,78,78,78,78,78,78,78,78,78,78,78,78,78,78,78,78,78],"card_choices":[{"not_picked":["Genetic Algorithm","Reinforced Body"],"picked":"Steam","floor":1},{"not_picked":["Static Discharge","Auto Shields"],"picked":"Gash","floor":4},{"not_picked":["Undo","Consume"],"picked":"Reinforced Body","floor":10},{"not_picked":["Rip and Tear","Go for the Eyes"],"picked":"Gash","floor":12},{"not_picked":["Redo","Leap"],"picked":"Conserve Battery","floor":13},{"not_picked":["Barrage","Chill"],"picked":"Steam","floor":14},{"not_picked":["Fission","Core Surge"],"picked":"Echo Form","floor":16},{"not_picked":["Scrape","Chill+1"],"picked":"Glacier","floor":18},{"not_picked":["White Noise","Sweeping Beam"],"picked":"Ball Lightning","floor":20},{"not_picked":["Chaos","Loop"],"picked":"Conserve Battery","floor":21},{"not_picked":["Heatsinks","Leap"],"picked":"Streamline","floor":22},{"not_picked":["Auto Shields","Steam"],"picked":"Beam Cell+1","floor":24},{"not_picked":["Leap","Double Energy"],"picked":"Glacier","floor":27},{"not_picked":["Conserve Battery","Genetic Algorithm"],"picked":"Hologram","floor":29}],"player_experience":899244,"relics_obtained":[{"floor":9,"key":"Strawberry"},{"floor":12,"key":"Peace Pipe"},{"floor":13,"key":"Odd Mushroom"},{"floor":14,"key":"Nunchaku"},{"floor":24,"key":"Gremlin Horn"},{"floor":26,"key":"Whetstone"},{"floor":27,"key":"Emotion Chip"}],"event_choices":[{"event_name":"Shining Light","player_choice":"Entered Light","floor":2,"damage_taken":0},{"event_name":"Golden Wing","player_choice":"Card Removal","floor":3,"damage_taken":0},{"event_name":"Liars Game","player_choice":"disagreed","floor":5,"damage_taken":0},{"event_name":"Mushrooms","player_choice":"Fought Mushrooms","floor":13,"damage_taken":0},{"event_name":"The Mausoleum","player_choice":"No","floor":28,"damage_taken":0}],"is_beta":true,"boss_relics":[{"not_picked":["Lizard Tail","Philosopher\u0027s Stone"],"picked":"FrozenCore"}],"items_purged_floors":[11,19],"is_endless":false,"potions_floor_spawned":[1,4,14,16,18,21,24,27],"killed_by":"Snake Plant","ascension_level":15}