{"gold_per_floor":[110,126,51,51,69,69,138,138,138,163,198,198,239,50,50,146,146,167,190,214,241,266,266,92,92,92,42,42,83,0,19,19,19],"floor_reached":33,"playtime":1300,"items_purged":["Strike_G"],"score":597,"play_id":"fedabe25-54e8-46e3-968f-755139e5f96f","local_time":"20190120163657","is_ascension_mode":true,"campfire_choices":[{"data":"Neutralize","floor":6,"key":"SMITH"},{"data":"Dagger Throw","floor":8,"key":"SMITH"},{"data":"Survivor","floor":12,"key":"SMITH"},{"data":"A Thousand Cuts","floor":15,"key":"SMITH"},{"floor":23,"key":"REST"},{"data":"Envenom","floor":25,"key":"SMITH"},{"floor":28,"key":"REST"},{"data":"Catalyst","floor":32,"key":"SMITH"}],"neow_cost":"NONE","seed_source_timestamp":945208641232644,"circlet_count":0,"master_deck":["AscendersBane","Defend_G","Defend_G","Defend_G","Defend_G","Defend_G","Survivor+1","Neutralize+1","Flying Knee","Dagger Spray","Dagger Throw+1","Backstab","Skewer","Backstab","A Thousand Cuts+1","PiercingWail","Envenom+1","Endless Agony+1","Tactician+1","Finisher+1","Poisoned Stab+1","Backflip+1","Escape Plan","Noxious Fumes","Cloak And Dagger","Catalyst+1","Catalyst","Dodge and Roll+1"],"relics":["Ring of the Snake","Boot","Golden Idol","Tiny Chest","Singing Bowl","Odd Mushroom","Snake Skull","Vajra","Astrolabe","Orichalcum","The Specimen","Juzu Bracelet"],"potions_floor_usage":[7,11,13,16,29,29,33],"damage_taken":[{"damage":0,"enemies":"2 Louse","floor":1,"turns":2},{"damage":3,"enemies":"Small Slimes","floor":2,"turns":4},{"damage":0,"enemies":"Cultist","floor":5,"turns":3},{"damage":17,"enemies":"Lagavulin","floor":7,"turns":5},{"damage":2,"enemies":"The Mushroom Lair","floor":10,"turns":3},{"damage":0,"enemies":"Gremlin Nob","floor":11,"turns":2},{"damage":19,"enemies":"Lagavulin","floor":13,"turns":4},{"damage":17,"enemies":"The Guardian","floor":16,"turns":14},{"damage":0,"enemies":"3 Byrds","floor":18,"turns":4},{"damage":17,"enemies":"2 Thieves","floor":19,"turns":3},{"damage":10,"enemies":"Chosen and Byrds","floor":20,"turns":5},{"damage":17,"enemies":"Centurion and Healer","floor":22,"turns":2},{"damage":20,"enemies":"Book of Stabbing","floor":29,"turns":4},{"damage":5,"enemies":"3 Cultists","floor":31,"turns":3},{"damage":28,"enemies":"Collector","floor":33,"turns":2}],"seed_played":"-4759722019265705828","potions_obtained":[{"floor":2,"key":"SteroidPotion"},{"floor":7,"key":"FearPotion"},{"floor":11,"key":"Energy Potion"},{"floor":19,"key":"Explosive Potion"},{"floor":31,"key":"SteroidPotion"}],"is_trial":false,"path_per_floor":["M","M","?","?","M","R","E","R","T","?","E","R","E","$","R","B",null,"M","M","M","T","M","R","$","R","T","$","R","E","$","M","R","B"],"character_chosen":"THE_SILENT","items_purchased":["PowerPotion","PiercingWail","Escape Plan","Noxious Fumes","PowerPotion","Cloak And Dagger","Catalyst"],"campfire_rested":2,"item_purchase_floors":[14,14,24,24,24,27,30],"current_hp_per_floor":[59,56,56,56,56,56,39,39,39,37,37,37,18,18,18,1,45,45,30,20,20,5,24,24,24,24,24,43,23,23,18,18,0],"gold":19,"neow_bonus":"RANDOM_COMMON_RELIC","is_prod":false,"is_daily":false,"chose_seed":false,"campfire_upgraded":6,"win_rate":0,"timestamp":1548027417,"path_taken":["M","M","?","?","M","R","E","R","T","?","E","R","E","?","R","BOSS","M","M","M","?","M","R","?","R","T","$","R","E","?","M","R","BOSS"],"build_version":"2019-01-19","purchased_purges":1,"victory":false,"max_hp_per_floor":[66,66,66,60,60,60,60,60,60,60,60,60,60,60,60,60,60,60,62,62,62,64,64,64,64,64,64,64,64,64,64,64,64],"card_choices":[{"not_picked":["Underhanded Strike","Deflect"],"picked":"Flying Knee","floor":1},{"not_picked":["Blade Dance","Acrobatics"],"picked":"Dagger Spray","floor":2},{"not_picked":["Dodge and Roll","Deadly Poison"],"picked":"Dagger Throw","floor":5},{"not_picked":["Outmaneuver","Slice"],"picked":"Backstab","floor":7},{"not_picked":["Dagger Throw","Finisher"],"picked":"Skewer","floor":10},{"not_picked":["Sucker Punch","Deadly Poison"],"picked":"Backstab","floor":11},{"not_picked":["Reflex","All Out Attack"],"picked":"A Thousand Cuts","floor":13},{"not_picked":["Corpse Explosion","Wraith Form v2"],"picked":"Envenom","floor":16},{"not_picked":["Flying Knee","All Out Attack"],"picked":"Poisoned Stab+1","floor":18},{"not_picked":["Prepared","Slice","Blade Dance"],"picked":"Singing Bowl","floor":19},{"not_picked":["Bane","PiercingWail"],"picked":"Backflip+1","floor":20},{"not_picked":["Terror","Prepared","Accuracy"],"picked":"Singing Bowl","floor":22},{"not_picked":["Masterful Stab","Phantasmal Killer"],"picked":"Catalyst","floor":29},{"not_picked":["Backflip","Dagger Spray"],"picked":"Dodge and Roll+1","floor":31}],"player_experience":1240121,"relics_obtained":[{"floor":7,"key":"Tiny Chest"},{"floor":9,"key":"Singing Bowl"},{"floor":10,"key":"Odd Mushroom"},{"floor":11,"key":"Snake Skull"},{"floor":13,"key":"Vajra"},{"floor":21,"key":"Orichalcum"},{"floor":26,"key":"The Specimen"},{"floor":29,"key":"Juzu Bracelet"}],"event_choices":[{"cards_removed":["Strike_G"],"damage_healed":0,"gold_gain":0,"player_choice":"Card Removal","damage_taken":0,"max_hp_gain":0,"max_hp_loss":0,"event_name":"The Cleric","floor":3,"gold_loss":75},{"damage_healed":0,"gold_gain":0,"player_choice":"Lose Max HP","damage_taken":0,"relics_obtained":["Golden Idol"],"max_hp_gain":0,"max_hp_loss":6,"event_name":"Golden Idol","floor":4,"gold_loss":0},{"damage_healed":0,"gold_gain":0,"player_choice":"Fought Mushrooms","damage_taken":0,"max_hp_gain":0,"max_hp_loss":0,"event_name":"Mushrooms","floor":10,"gold_loss":0}],"is_beta":true,"boss_relics":[{"not_picked":["Orrery","Lizard Tail"],"picked":"Astrolabe"}],"items_purged_floors":[14],"is_endless":false,"potions_floor_spawned":[2,7,11,19,31],"killed_by":"Collector","ascension_level":19}