{"gold_per_floor":[210,53,65,365,380,407,407,407,407,7,17,35,35,64,64,162,162,173,73,93,103,103],"floor_reached":22,"playtime":1690,"items_purged":["Strike_B","Regret"],"score":196,"play_id":"eb44a29e-3edc-4987-83e1-416a292d5e52","local_time":"20190216222519","is_ascension_mode":false,"campfire_choices":[{"data":"Chill","floor":7,"key":"SMITH"},{"data":"Loop","floor":13,"key":"SMITH"},{"floor":15,"key":"REST"}],"neow_cost":"NONE","seed_source_timestamp":27987656795600,"circlet_count":0,"master_deck":["Strike_B","Strike_B","Strike_B","Defend_B","Defend_B","Defend_B","Defend_B","Zap","Dualcast","Cold Snap","Self Repair","Redo","Hologram","Chill+1","Leap","Loop+1","Creative AI","Electrodynamics","Regret","Injury","Leap+1","Capacitor","Consume"],"relics":["Cracked Core","Old Coin","Sundial","Pear","Ancient Tea Set","Pantograph","Calipers","Calling Bell","Oddly Smooth Stone","Cables","FossilizedHelix"],"potions_floor_usage":[6,12,18],"damage_taken":[{"damage":5,"enemies":"2 Louse","floor":1,"turns":2},{"damage":6,"enemies":"Small Slimes","floor":3,"turns":4},{"damage":4,"enemies":"Jaw Worm","floor":5,"turns":4},{"damage":29,"enemies":"Gremlin Nob","floor":6,"turns":5},{"damage":2,"enemies":"Lots of Slimes","floor":11,"turns":7},{"damage":4,"enemies":"Exordium Wildlife","floor":12,"turns":4},{"damage":28,"enemies":"Lagavulin","floor":14,"turns":8},{"damage":63,"enemies":"Hexaghost","floor":16,"turns":10},{"damage":1,"enemies":"3 Byrds","floor":18,"turns":4},{"damage":14,"enemies":"Chosen","floor":20,"turns":5},{"damage":26,"enemies":"Centurion and Healer","floor":21,"turns":9},{"damage":27,"enemies":"Colosseum Slavers","floor":22,"turns":4},{"damage":40,"enemies":"Colosseum Nobs","floor":22,"turns":5}],"seed_played":"-8916808005114307284","potions_obtained":[{"floor":5,"key":"Block Potion"},{"floor":11,"key":"SteroidPotion"},{"floor":16,"key":"Fire Potion"}],"is_trial":false,"path_per_floor":["M","$","M","?","M","E","R","?","T","$","M","M","R","E","R","B",null,"M","$","M","M","?"],"character_chosen":"DEFECT","items_purchased":["Self Repair","Redo","Ancient Tea Set","Pantograph"],"campfire_rested":1,"item_purchase_floors":[2,2,10,10],"current_hp_per_floor":[70,70,71,68,71,49,49,49,59,59,64,67,67,46,71,29,85,85,85,78,59,0],"gold":103,"neow_bonus":"HUNDRED_GOLD","is_prod":false,"is_daily":false,"chose_seed":false,"campfire_upgraded":2,"win_rate":0.0,"timestamp":1550384719,"path_taken":["M","$","M","?","M","E","R","?","T","?","?","M","R","E","R","BOSS","M","$","M","M","?"],"build_version":"2019-01-23","purchased_purges":2,"victory":false,"max_hp_per_floor":[75,75,75,75,75,75,75,75,85,85,85,85,85,85,85,85,85,85,85,85,85,85],"card_choices":[{"not_picked":["Turbo","Blizzard"],"picked":"Cold Snap","floor":1},{"not_picked":["Reinforced Body","Hello World"],"picked":"Hologram","floor":3},{"not_picked":["Steam","Reinforced Body","Barrage"],"picked":"SKIP","floor":5},{"not_picked":["Coolheaded","Go for the Eyes"],"picked":"Chill","floor":6},{"not_picked":["Double Energy","Lockon"],"picked":"Leap","floor":11},{"not_picked":["Ball Lightning","Stack"],"picked":"Loop","floor":12},{"not_picked":["Compile Driver","Beam Cell"],"picked":"Creative AI","floor":14},{"not_picked":["Fission","Seek"],"picked":"Electrodynamics","floor":16},{"not_picked":["Ball Lightning","BootSequence"],"picked":"Leap+1","floor":18},{"not_picked":["Compile Driver","Turbo"],"picked":"Capacitor","floor":20},{"not_picked":["Barrage","Ball Lightning"],"picked":"Consume","floor":21}],"player_experience":150367,"relics_obtained":[{"floor":6,"key":"Sundial"},{"floor":9,"key":"Pear"},{"floor":14,"key":"Calipers"},{"floor":17,"key":"Oddly Smooth Stone"},{"floor":17,"key":"Cables"},{"floor":17,"key":"FossilizedHelix"}],"event_choices":[{"damage_healed":0,"gold_gain":0,"player_choice":"Success","damage_taken":3,"relics_obtained":["Old Coin"],"max_hp_gain":0,"max_hp_loss":0,"event_name":"Scrap Ooze","floor":4,"gold_loss":0},{"damage_healed":0,"gold_gain":0,"player_choice":"Ignored","damage_taken":0,"max_hp_gain":0,"max_hp_loss":0,"event_name":"Liars Game","floor":8,"gold_loss":0},{"damage_healed":0,"gold_gain":0,"player_choice":"Fight","damage_taken":0,"max_hp_gain":0,"max_hp_loss":0,"event_name":"Colosseum","floor":22,"gold_loss":0},{"damage_healed":0,"gold_gain":0,"player_choice":"Fought Nobs","damage_taken":0,"max_hp_gain":0,"max_hp_loss":0,"event_name":"Colosseum","floor":22,"gold_loss":0}],"is_beta":false,"boss_relics":[{"not_picked":["Snecko Eye","Tiny House"],"picked":"Calling Bell"}],"items_purged_floors":[2,19],"is_endless":false,"potions_floor_spawned":[5,11,16,22],"killed_by":"Colosseum Nobs","ascension_level":0}