{"gold_per_floor":[115,115,65,140,116,116,131,156,456,488,499,499,41,54,54,150,150,164,179,179,194,123,123,137,137],"floor_reached":25,"playtime":1208,"items_purged":["Strike_B"],"score":285,"play_id":"2e30d1ed-1165-4108-bcd1-d52fb1edca75","local_time":"20190128103521","is_ascension_mode":true,"campfire_choices":[{"data":"Zap","floor":6,"key":"SMITH"},{"data":"Redo","floor":12,"key":"SMITH"},{"data":"Capacitor","floor":15,"key":"SMITH"},{"floor":23,"key":"REST"}],"neow_cost":"TEN_PERCENT_HP_LOSS","seed_source_timestamp":2490995245875354,"circlet_count":0,"master_deck":["Strike_B","Strike_B","Strike_B","Defend_B","Defend_B","Defend_B","Defend_B","Zap+1","Dualcast","Hyperbeam","Redo+1","Leap","Cold Snap","Compile Driver","Cold Snap","Loop","Capacitor+1","Leap","Ball Lightning","Biased Cognition","Go for the Eyes","Beam Cell+1","Capacitor","Compile Driver"],"special_seed":0,"relics":["Cracked Core","Thread and Needle","Omamori","Old Coin","Singing Bowl","Mummified Hand","Busted Crown"],"potions_floor_usage":[10,19,24,25],"damage_taken":[{"damage":0.0,"enemies":"Small Slimes","floor":1.0,"turns":1.0},{"damage":0,"enemies":"2 Louse","floor":7,"turns":1},{"damage":4,"enemies":"3 Sentries","floor":8,"turns":5},{"damage":2,"enemies":"Lagavulin","floor":10,"turns":7},{"damage":0,"enemies":"Jaw Worm","floor":11,"turns":2},{"damage":0,"enemies":"Blue Slaver","floor":14,"turns":3},{"damage":8,"enemies":"The Guardian","floor":16,"turns":11},{"damage":3,"enemies":"Shell Parasite","floor":18,"turns":6},{"damage":13,"enemies":"2 Thieves","floor":19,"turns":3},{"damage":13,"enemies":"Shelled Parasite and Fungi","floor":21,"turns":9},{"damage":24,"enemies":"Sentry and Sphere","floor":24,"turns":5},{"damage":38,"enemies":"Gremlin Leader","floor":25,"turns":7}],"seed_played":"-7908822706491428949","potions_obtained":[{"floor":1.0,"key":"Poison Potion"},{"floor":8,"key":"SkillPotion"},{"floor":11,"key":"SteroidPotion"},{"floor":14,"key":"Ancient Potion"},{"floor":19,"key":"AttackPotion"}],"is_trial":false,"path_per_floor":["M","?","?","?","$","R","M","E","T","E","M","R","$","M","R","B",null,"M","M","?","M","$","R","M","E"],"character_chosen":"DEFECT","items_purchased":["Leap","Mummified Hand","Capacitor","Leap","Ball Lightning","Capacitor"],"campfire_rested":1,"item_purchase_floors":[5,13,13,13,13,22],"current_hp_per_floor":[68,68,68,57,57,57,57,53,53,51,51,51,51,53,53,45,64,63,50,50,37,37,58,34,0],"gold":137,"neow_bonus":"THREE_RARE_CARDS","is_prod":false,"is_daily":false,"chose_seed":false,"campfire_upgraded":3,"win_rate":0,"timestamp":1548678921,"path_taken":["M","?","?","?","$","R","M","E","T","E","M","R","?","M","R","BOSS","M","M","?","M","$","R","M","E"],"build_version":"2019-01-23","purchased_purges":1,"victory":false,"max_hp_per_floor":[68,68,68,68,68,68,68,68,68,68,68,68,68,70,70,70,70,72,72,72,72,72,72,72,72],"card_choices":[{"not_picked":["Fission","Amplify"],"picked":"Hyperbeam","floor":0.0},{"not_picked":["Heatsinks","Streamline"],"picked":"Redo","floor":1.0},{"not_picked":["Tempest","Rebound"],"picked":"Cold Snap","floor":7},{"not_picked":["Beam Cell","Leap"],"picked":"Compile Driver","floor":8},{"not_picked":["Meteor Strike","Steam Power"],"picked":"Cold Snap","floor":10},{"not_picked":["Blizzard","Hologram"],"picked":"Loop","floor":11},{"not_picked":["Chill","Beam Cell","Reprogram"],"picked":"Singing Bowl","floor":14},{"not_picked":["Buffer","Thunder Strike"],"picked":"Biased Cognition","floor":16},{"not_picked":["Streamline"],"picked":"Singing Bowl","floor":18},{"not_picked":[],"picked":"Go for the Eyes","floor":19},{"not_picked":[],"picked":"Beam Cell+1","floor":21},{"not_picked":[],"picked":"Compile Driver","floor":24}],"player_experience":283532,"relics_obtained":[{"floor":8,"key":"Omamori"},{"floor":9,"key":"Old Coin"},{"floor":10,"key":"Singing Bowl"}],"event_choices":[{"damage_healed":0,"gold_gain":0,"player_choice":"Box","damage_taken":0,"relics_obtained":["Thread and Needle"],"max_hp_gain":0,"max_hp_loss":0,"event_name":"Big Fish","floor":2,"gold_loss":0,"cards_obtained":["Regret"]},{"cards_removed":["Regret"],"damage_healed":0,"gold_gain":0,"player_choice":"Card Removal","damage_taken":0,"max_hp_gain":0,"max_hp_loss":0,"event_name":"The Cleric","floor":3,"gold_loss":50},{"damage_healed":0,"gold_gain":75,"player_choice":"Gather Gold","damage_taken":11,"max_hp_gain":0,"max_hp_loss":0,"event_name":"World of Goop","floor":4,"gold_loss":0},{"damage_healed":0,"gold_gain":0,"player_choice":"Cursed","damage_taken":0,"max_hp_gain":0,"max_hp_loss":0,"event_name":"Wheel of Change","floor":20,"gold_loss":0,"cards_obtained":["Decay"]}],"is_beta":false,"boss_relics":[{"not_picked":["Ectoplasm","Black Star"],"picked":"Busted Crown"}],"items_purged_floors":[13],"is_endless":false,"potions_floor_spawned":[1,8,11,14,18,19],"killed_by":"Gremlin Leader","ascension_level":7}