{"gold_per_floor":[116,96,116,127,16,16,43,43,89,120,140,158,178,212,212,212],"floor_reached":16,"playtime":714,"items_purged":[],"score":244,"play_id":"6e51a0f5-ba9e-4b1b-99c4-f8c9b4729414","local_time":"20190217123836","is_ascension_mode":true,"campfire_choices":[{"data":"Zap","floor":6,"key":"SMITH"},{"data":"Conserve Battery","floor":8,"key":"SMITH"},{"data":"Capacitor","floor":15,"key":"SMITH"}],"neow_cost":"NONE","seed_source_timestamp":321463493814200,"circlet_count":0,"master_deck":["AscendersBane","Strike_B","Strike_B","Strike_B","Strike_B","Defend_B","Defend_B","Defend_B","Defend_B","Zap+1","Dualcast","Gash","Cold Snap","Conserve Battery+1","Glacier","Loop","Sweeping Beam","Capacitor+1"],"relics":["Cracked Core","Blood Vial","Pen Nib","Oddly Smooth Stone","Meat on the Bone","Lantern"],"potions_floor_usage":[7,7,14,14,16],"damage_taken":[{"damage":4,"enemies":"Small Slimes","floor":1,"turns":3},{"damage":1,"enemies":"Cultist","floor":3,"turns":4},{"damage":1,"enemies":"2 Louse","floor":4,"turns":4},{"damage":45,"enemies":"Gremlin Nob","floor":7,"turns":5},{"damage":16,"enemies":"3 Sentries","floor":10,"turns":12},{"damage":0,"enemies":"Blue Slaver","floor":11,"turns":4},{"damage":0,"enemies":"Large Slime","floor":12,"turns":6},{"damage":7,"enemies":"Red Slaver","floor":13,"turns":4},{"damage":30,"enemies":"Gremlin Nob","floor":14,"turns":4},{"damage":36,"enemies":"Hexaghost","floor":16,"turns":16}],"seed_played":"-3869718450785217747","potions_obtained":[{"floor":2,"key":"SkillPotion"},{"floor":4,"key":"Weak Potion"},{"floor":10,"key":"EssenceOfSteel"},{"floor":13,"key":"FearPotion"},{"floor":14,"key":"FearPotion"}],"is_trial":false,"path_per_floor":["M","?","M","M","$","R","E","R","T","E","M","M","M","E","R","B"],"character_chosen":"DEFECT","items_purchased":["Cold Snap","Conserve Battery"],"campfire_rested":0,"item_purchase_floors":[5,5],"current_hp_per_floor":[62,62,63,64,64,64,21,21,21,7,21,35,42,26,26,0],"gold":212,"neow_bonus":"RANDOM_COMMON_RELIC","is_prod":false,"is_daily":false,"chose_seed":false,"campfire_upgraded":3,"win_rate":0,"timestamp":1550432316,"path_taken":["M","?","M","M","$","R","E","R","T","E","M","M","M","E","R","BOSS"],"build_version":"2019-02-06","purchased_purges":0,"victory":false,"max_hp_per_floor":[71,71,71,71,71,71,71,71,71,71,71,71,71,71,71,71],"card_choices":[{"not_picked":["Rebound","Stack","Turbo"],"picked":"SKIP","floor":1},{"not_picked":["Scrape","Streamline"],"picked":"Gash","floor":3},{"not_picked":["Heatsinks","Barrage","Loop"],"picked":"SKIP","floor":4},{"not_picked":["Fission","Cold Snap"],"picked":"Glacier","floor":7},{"not_picked":["Sweeping Beam","Redo"],"picked":"Loop","floor":10},{"not_picked":["Barrage","Rip and Tear"],"picked":"Sweeping Beam","floor":11},{"not_picked":["Self Repair","Streamline","Redo"],"picked":"SKIP","floor":12},{"not_picked":["Redo","Turbo","Reprogram"],"picked":"SKIP","floor":13},{"not_picked":["Blizzard","Heatsinks"],"picked":"Capacitor","floor":14}],"player_experience":1326021,"relics_obtained":[{"floor":7,"key":"Pen Nib"},{"floor":9,"key":"Oddly Smooth Stone"},{"floor":10,"key":"Meat on the Bone"},{"floor":14,"key":"Lantern"}],"event_choices":[{"damage_healed":0,"gold_gain":0,"player_choice":"Bought 1 Potion","damage_taken":0,"max_hp_gain":0,"max_hp_loss":0,"event_name":"The Woman in Blue","floor":2,"gold_loss":0}],"is_beta":true,"boss_relics":[],"items_purged_floors":[],"is_endless":false,"potions_floor_spawned":[4,10,13,14],"killed_by":"Hexaghost","ascension_level":20}