{"gold_per_floor":[113,113,113,126,126,161,178,241,287,305,305,305,317,335,335,413,413,428,225,279,297,312,312,337,352,378,35,35,68,84,110,110,186,186,199,219,219,41,41,41],"floor_reached":40,"playtime":4979,"items_purged":["Flex"],"score":775,"play_id":"4e6971d8-aa9a-44f0-b3dd-5bfee45aac6c","local_time":"20190219161845","is_ascension_mode":true,"campfire_choices":[{"data":"True Grit","floor":12.0,"key":"SMITH"},{"data":"Spot Weakness","floor":15.0,"key":"SMITH"},{"floor":23.0,"key":"REST"},{"data":"Barricade","floor":32.0,"key":"SMITH"}],"neow_cost":"NONE","seed_source_timestamp":74688885016766,"circlet_count":0,"master_deck":["AscendersBane","Strike_R","Strike_R","Defend_R","Defend_R","Defend_R","Defend_R","Bash+1","Cleave","Shrug It Off","True Grit+1","Disarm","Spot Weakness+1","Pommel Strike","Barricade+1","Thunderclap","Shrug It Off","Carnage","Dropkick","Evolve","Spot Weakness+1","Burning Pact+1","Dark Embrace","Enlightenment","Corruption","Reaper"],"special_seed":0,"relics":["Burning Blood","Orichalcum","Paper Frog","Regal Pillow","Tiny Chest","Strawberry","Mark of Pain","Blood Vial","Pantograph","Vajra","PreservedInsect","Lee\u0027s Waffle","Centennial Puzzle","Bronze Scales","Busted Crown"],"potions_floor_usage":[40],"damage_taken":[{"damage":6.0,"enemies":"2 Louse","floor":1.0,"turns":3.0},{"damage":0.0,"enemies":"Cultist","floor":4.0,"turns":3.0},{"damage":29.0,"enemies":"Lagavulin","floor":6.0,"turns":7.0},{"damage":5.0,"enemies":"Small Slimes","floor":7.0,"turns":3.0},{"damage":15.0,"enemies":"Gremlin Nob","floor":8.0,"turns":4.0},{"damage":7.0,"enemies":"Blue Slaver","floor":10.0,"turns":4.0},{"damage":3.0,"enemies":"3 Louse","floor":13.0,"turns":4.0},{"damage":9.0,"enemies":"Lots of Slimes","floor":14.0,"turns":4.0},{"damage":21.0,"enemies":"The Guardian","floor":16.0,"turns":13.0},{"damage":5.0,"enemies":"Shell Parasite","floor":18.0,"turns":5.0},{"damage":26.0,"enemies":"Spheric Guardian","floor":21.0,"turns":5.0},{"damage":25.0,"enemies":"Shelled Parasite and Fungi","floor":22.0,"turns":8.0},{"damage":42.0,"enemies":"Book of Stabbing","floor":24.0,"turns":6.0},{"damage":30.0,"enemies":"Snake Plant","floor":25.0,"turns":4.0},{"damage":20.0,"enemies":"Slavers","floor":29.0,"turns":5.0},{"damage":12.0,"enemies":"Chosen and Byrds","floor":30.0,"turns":5.0},{"damage":18.0,"enemies":"Gremlin Leader","floor":31.0,"turns":4.0},{"damage":74.0,"enemies":"Champ","floor":33.0,"turns":11.0},{"damage":30.0,"enemies":"3 Darklings","floor":35.0,"turns":6.0},{"damage":4.0,"enemies":"3 Shapes","floor":36.0,"turns":3.0},{"damage":60,"enemies":"Reptomancer","floor":40,"turns":3}],"seed_played":"1535382035849905283","potions_obtained":[{"floor":4.0,"key":"SkillPotion"},{"floor":6.0,"key":"Dexterity Potion"},{"floor":7.0,"key":"FearPotion"},{"floor":10.0,"key":"Regen Potion"},{"floor":16.0,"key":"Swift Potion"},{"floor":18.0,"key":"GamblersBrew"},{"floor":25.0,"key":"SkillPotion"},{"floor":28.0,"key":"Swift Potion"},{"floor":29.0,"key":"SteroidPotion"}],"is_trial":false,"path_per_floor":["M","?","?","M","?","E","M","E","T","M","?","R","M","M","R","B",null,"M","$","T","M","M","R","E","M","T","$","?","E","M","E","R","B",null,"M","M","?","$","?","E"],"character_chosen":"IRONCLAD","items_purchased":["Shrug It Off","Carnage","PreservedInsect","Lee\u0027s Waffle","Corruption","Reaper"],"campfire_rested":1,"item_purchase_floors":[19,19,27,27,38,38],"current_hp_per_floor":[68,61,61,67,67,44,45,36,43,42,42,42,45,42,42,42,72,73,73,73,55,38,77,43,21,21,89,89,75,71,61,61,20,72,50,54,54,54,54,0],"gold":41,"neow_bonus":"RANDOM_COMMON_RELIC","is_prod":false,"is_daily":false,"chose_seed":false,"campfire_upgraded":3,"win_rate":0,"timestamp":1550614725,"path_taken":["M","?","?","?","?","E","M","E","T","?","?","R","?","M","R","BOSS","M","$","?","M","?","R","E","M","T","$","?","E","?","E","R","BOSS","M","M","?","$","?","E"],"build_version":"2019-01-23","purchased_purges":1,"victory":false,"max_hp_per_floor":[75,75,75,75,75,75,75,75,82,82,82,82,82,82,82,82,82,82,82,82,82,82,82,82,82,82,89,89,89,89,89,89,89,89,89,89,89,89,89,89],"card_choices":[{"not_picked":["Flex","Armaments"],"picked":"Cleave","floor":1.0},{"not_picked":["Warcry","Cleave"],"picked":"Shrug It Off","floor":4.0},{"not_picked":["Blood for Blood","Dark Embrace"],"picked":"True Grit","floor":6.0},{"not_picked":["Headbutt","Flex"],"picked":"Disarm","floor":7.0},{"not_picked":["Armaments","Perfected Strike"],"picked":"Spot Weakness","floor":8.0},{"not_picked":["Sever Soul","Armaments","Wild Strike"],"picked":"SKIP","floor":10.0},{"not_picked":["Body Slam","Infernal Blade","Armaments"],"picked":"SKIP","floor":13.0},{"not_picked":["Iron Wave","Dropkick"],"picked":"Pommel Strike","floor":14.0},{"not_picked":["Dark Embrace","Double Tap"],"picked":"Barricade","floor":16.0},{"not_picked":["Combust","Cleave"],"picked":"Thunderclap","floor":18.0},{"not_picked":["Infernal Blade","Sever Soul","Havoc"],"picked":"SKIP","floor":21.0},{"not_picked":["Headbutt","Iron Wave","Clash"],"picked":"SKIP","floor":22.0},{"not_picked":["Flex","Sever Soul","Power Through"],"picked":"SKIP","floor":24.0},{"not_picked":["Thunderclap","Carnage"],"picked":"Dropkick","floor":25.0},{"not_picked":["Shrug It Off+1","Bloodletting"],"picked":"Evolve","floor":29.0},{"not_picked":["Iron Wave","Berserk"],"picked":"Spot Weakness+1","floor":30.0},{"not_picked":["Armaments","Anger"],"picked":"Burning Pact+1","floor":31.0},{"not_picked":["Immolate","Impervious"],"picked":"Dark Embrace","floor":33.0},{"not_picked":["Cleave"],"picked":"SKIP","floor":35.0},{"not_picked":["Iron Wave"],"picked":"SKIP","floor":36.0},{"not_picked":[],"picked":"Enlightenment","floor":37.0}],"player_experience":441406,"relics_obtained":[{"floor":3.0,"key":"Paper Frog"},{"floor":6.0,"key":"Regal Pillow"},{"floor":8.0,"key":"Tiny Chest"},{"floor":9.0,"key":"Strawberry"},{"floor":20.0,"key":"Blood Vial"},{"floor":24.0,"key":"Pantograph"},{"floor":26.0,"key":"Vajra"},{"floor":29.0,"key":"Centennial Puzzle"},{"floor":31.0,"key":"Bronze Scales"}],"event_choices":[{"cards_removed":["Strike_R"],"damage_healed":0.0,"max_hp_gain":0.0,"max_hp_loss":0.0,"gold_gain":0.0,"event_name":"Golden Wing","player_choice":"Card Removal","floor":2.0,"gold_loss":0.0,"damage_taken":7.0},{"damage_healed":0.0,"max_hp_gain":0.0,"max_hp_loss":0.0,"gold_gain":0.0,"event_name":"Wheel of Change","player_choice":"Relic","floor":3.0,"gold_loss":0.0,"damage_taken":0.0},{"damage_healed":0.0,"max_hp_gain":0.0,"max_hp_loss":0.0,"gold_gain":0.0,"event_name":"Accursed Blacksmith","player_choice":"Forge","floor":5.0,"gold_loss":0.0,"damage_taken":0.0,"cards_upgraded":["Bash"]},{"damage_healed":0.0,"max_hp_gain":0.0,"max_hp_loss":0.0,"gold_gain":0.0,"cards_transformed":["Strike_R"],"event_name":"Transmorgrifier","player_choice":"Transformed","floor":11.0,"gold_loss":0.0,"damage_taken":0.0,"cards_obtained":["Flex"]},{"damage_healed":0.0,"max_hp_gain":0.0,"max_hp_loss":0.0,"gold_gain":0.0,"event_name":"Lab","player_choice":"Got Potions","floor":28.0,"gold_loss":0.0,"damage_taken":0.0},{"damage_healed":0.0,"max_hp_gain":0.0,"max_hp_loss":0.0,"gold_gain":0.0,"event_name":"SensoryStone","player_choice":"Memory 1","floor":37.0,"gold_loss":0.0,"damage_taken":0.0},{"cards_removed":["Strike_R"],"damage_healed":0.0,"max_hp_gain":0.0,"max_hp_loss":0.0,"gold_gain":0.0,"event_name":"Purifier","player_choice":"Purged","floor":39.0,"gold_loss":0.0,"damage_taken":0.0}],"is_beta":false,"boss_relics":[{"not_picked":["Calling Bell","White Beast Statue"],"picked":"Mark of Pain"},{"not_picked":["Tiny House","Eternal Feather"],"picked":"Busted Crown"}],"items_purged_floors":[19],"is_endless":false,"potions_floor_spawned":[4,6,7,10,16,18,25,29,30],"killed_by":"Reptomancer","ascension_level":14}