{"gold_per_floor":[119,134,151,22,38,70,82,82,82,82,96,125,144,144,144,243,243,256,268,286,12,28,28,45,45,45,45,76,76,76,95,95,95],"floor_reached":33,"playtime":3057,"items_purged":["Strike_B"],"score":306,"play_id":"69da4196-609d-4d1e-b3f1-a0779023894c","local_time":"20190218043810","is_ascension_mode":false,"campfire_choices":[{"data":"Strike_B","floor":8,"key":"PURGE"},{"floor":15,"key":"REST"},{"data":"Chill","floor":23,"key":"SMITH"},{"data":"Darkness","floor":25,"key":"SMITH"},{"data":"Writhe","floor":32,"key":"PURGE"}],"neow_cost":"NONE","seed_source_timestamp":24586089028200,"circlet_count":0,"master_deck":["Strike_B","Defend_B","Defend_B","Defend_B","Defend_B","Zap","Dualcast","Conserve Battery","Go for the Eyes","Coolheaded","Go for the Eyes","Darkness+1","Amplify","Cold Snap","Sunder","Chill+1","Seek","Blizzard","Glacier","Blizzard+1","Hologram+1","Chill","Hologram+1"],"relics":["Cracked Core","Peace Pipe","Mango","Unceasing Top","Eternal Feather","Membership Card","Anchor","Darkstone Periapt","MutagenicStrength","Prayer Wheel","Happy Flower"],"potions_floor_usage":[6,12,16,16,18],"damage_taken":[{"damage":0,"enemies":"2 Louse","floor":1,"turns":3},{"damage":0,"enemies":"Small Slimes","floor":2,"turns":3},{"damage":8,"enemies":"Jaw Worm","floor":3,"turns":4},{"damage":1,"enemies":"Large Slime","floor":5,"turns":8},{"damage":24,"enemies":"Gremlin Nob","floor":6,"turns":5},{"damage":3,"enemies":"2 Fungi Beasts","floor":7,"turns":4},{"damage":0,"enemies":"Looter","floor":11,"turns":4},{"damage":22,"enemies":"3 Sentries","floor":12,"turns":12},{"damage":10,"enemies":"Exordium Thugs","floor":13,"turns":3},{"damage":39,"enemies":"Hexaghost","floor":16,"turns":14},{"damage":19,"enemies":"Chosen","floor":18,"turns":9},{"damage":6,"enemies":"3 Byrds","floor":19,"turns":5},{"damage":19,"enemies":"Centurion and Healer","floor":20,"turns":12},{"damage":2,"enemies":"Snake Plant","floor":22,"turns":6},{"damage":12,"enemies":"Sentry and Sphere","floor":24,"turns":8},{"damage":11,"enemies":"Book of Stabbing","floor":28,"turns":7},{"damage":11,"enemies":"Snecko","floor":31,"turns":6},{"damage":58,"enemies":"Automaton","floor":33,"turns":8}],"seed_played":"264624520162091513","potions_obtained":[{"floor":3,"key":"Fire Potion"},{"floor":6,"key":"SpeedPotion"},{"floor":11,"key":"GamblersBrew"},{"floor":12,"key":"Dexterity Potion"},{"floor":13,"key":"Fire Potion"},{"floor":18,"key":"SteroidPotion"},{"floor":22,"key":"Strength Potion"},{"floor":28,"key":"Strength Potion"}],"is_trial":false,"path_per_floor":["M","M","M","$","M","E","M","R","T","?","M","E","M","?","R","B",null,"M","M","M","$","M","R","M","R","T","?","E","?","?","M","R","B"],"character_chosen":"DEFECT","items_purchased":["Coolheaded","Membership Card","Anchor"],"campfire_rested":1,"item_purchase_floors":[4,21,21],"current_hp_per_floor":[82,82,74,74,73,49,46,46,60,60,60,38,28,28,56,17,96,77,71,52,52,50,62,50,62,62,62,51,51,57,46,58,0],"gold":95,"neow_bonus":"TEN_PERCENT_HP_BONUS","is_prod":false,"is_daily":false,"chose_seed":false,"campfire_upgraded":2,"win_rate":0.0,"timestamp":1550493490,"path_taken":["M","M","M","$","M","E","M","R","T","?","M","E","M","?","R","BOSS","M","M","M","$","M","R","M","R","T","?","E","?","?","M","R","BOSS"],"build_version":"2019-01-23","purchased_purges":1,"victory":false,"max_hp_per_floor":[82,82,82,82,82,82,82,82,96,96,96,96,96,96,96,96,96,96,96,96,96,96,96,96,96,96,96,96,96,102,102,102,102],"card_choices":[{"not_picked":["Redo","Lockon"],"picked":"Conserve Battery","floor":1},{"not_picked":["Stack","Sweeping Beam"],"picked":"Go for the Eyes","floor":2},{"not_picked":["Sweeping Beam","Rebound","Gash"],"picked":"SKIP","floor":3},{"not_picked":["Redo","Gash"],"picked":"Go for the Eyes","floor":5},{"not_picked":["Melter","Hello World"],"picked":"Darkness","floor":6},{"not_picked":["Stack","Streamline"],"picked":"Amplify","floor":7},{"not_picked":["Conserve Battery","Barrage"],"picked":"Cold Snap","floor":11},{"not_picked":["Gash","Static Discharge"],"picked":"Sunder","floor":12},{"not_picked":["Stack","Rebound"],"picked":"Chill","floor":13},{"not_picked":["Thunder Strike","Amplify"],"picked":"Seek","floor":16},{"not_picked":["Scrape","Redo","Steam"],"picked":"SKIP","floor":18},{"not_picked":["Cold Snap","Beam Cell+1"],"picked":"Blizzard","floor":19},{"not_picked":["Loop","Chaos"],"picked":"Glacier","floor":20},{"not_picked":["Gash","Stack"],"picked":"Blizzard+1","floor":22},{"not_picked":["Turbo+1","Steam"],"picked":"Hologram+1","floor":24},{"not_picked":["White Noise","Streamline"],"picked":"Chill","floor":28},{"not_picked":["Ball Lightning","Beam Cell"],"picked":"Hologram+1","floor":31},{"not_picked":["Coolheaded+1","Redo+1","Reinforced Body+1"],"picked":"SKIP","floor":31}],"player_experience":168719,"relics_obtained":[{"floor":6,"key":"Peace Pipe"},{"floor":9,"key":"Mango"},{"floor":12,"key":"Unceasing Top"},{"floor":26,"key":"Darkstone Periapt"},{"floor":28,"key":"Prayer Wheel"}],"event_choices":[{"cards_removed":["Strike_B"],"damage_healed":0,"gold_gain":0,"player_choice":"Forget","damage_taken":0,"max_hp_gain":0,"max_hp_loss":0,"event_name":"Living Wall","floor":10,"gold_loss":0},{"damage_healed":0,"gold_gain":0,"player_choice":"Ignored","damage_taken":0,"max_hp_gain":0,"max_hp_loss":0,"event_name":"Liars Game","floor":14,"gold_loss":0},{"damage_healed":0,"gold_gain":0,"player_choice":"Inject Mutagens","damage_taken":0,"relics_obtained":["MutagenicStrength"],"max_hp_gain":0,"max_hp_loss":0,"event_name":"Drug Dealer","floor":27,"gold_loss":0},{"damage_healed":0,"gold_gain":0,"player_choice":"Ignored","damage_taken":0,"max_hp_gain":0,"max_hp_loss":0,"event_name":"Ghosts","floor":29,"gold_loss":0},{"damage_healed":0,"gold_gain":0,"player_choice":"Opened","damage_taken":0,"relics_obtained":["Happy Flower"],"max_hp_gain":0,"max_hp_loss":0,"event_name":"The Mausoleum","floor":30,"gold_loss":0,"cards_obtained":["Writhe"]}],"is_beta":false,"boss_relics":[{"not_picked":["Philosopher\u0027s Stone","Cursed Key"],"picked":"Eternal Feather"}],"items_purged_floors":[4],"is_endless":false,"potions_floor_spawned":[3,6,11,12,13,18,22,28],"killed_by":"Automaton","ascension_level":0}