{"gold_per_floor":[115,115,130,142,157,157,187,187,187,187,200,126,183,194,194,289,289,300,316,48,48,65,97,97,115,115,115,47,64,82,101,101,204,204,221,221,221,271,29,29,49,75,124,159,214,240,240,240,240,240,240,240,71,103,103],"floor_reached":55,"playtime":2328,"items_purged":["Anger"],"score":848,"play_id":"0f0cde12-9c43-4e67-beec-f661d03020f2","local_time":"20181105210257","is_ascension_mode":true,"campfire_choices":[{"data":"Perfected Strike","floor":6,"key":"SMITH"},{"data":"Perfected Strike","floor":15,"key":"SMITH"},{"data":"Uppercut","floor":24,"key":"SMITH"},{"floor":27,"key":"RECALL"},{"data":"Metallicize","floor":32,"key":"SMITH"},{"data":"Inflame","floor":40,"key":"SMITH"},{"data":"Bludgeon","floor":47,"key":"SMITH"},{"data":"Pommel Strike","floor":49,"key":"SMITH"},{"data":"Metallicize","floor":52,"key":"SMITH"}],"neow_cost":"NONE","seed_source_timestamp":812580876985938,"circlet_count":0,"master_deck":["Strike_R","Strike_R","Strike_R","Strike_R","Strike_R","Defend_R+1","Defend_R","Defend_R","Defend_R+1","Bash","Reaper","Shrug It Off","Shockwave","Perfected Strike+1","Uppercut+1","Perfected Strike+1","Metallicize+1","Pommel Strike+1","Clothesline+1","Corruption","Decay","Wild Strike","True Grit+1","Metallicize+1","Twin Strike","Feed","Sentinel","Twin Strike","Inflame+1","Twin Strike+1","Bludgeon+1","Twin Strike+1","Magnetism","Magnetism","Metallicize+1"],"relics":["Burning Blood","Centennial Puzzle","Matryoshka","Ice Cream","Tiny Chest","Snecko Eye","Strange Spoon","Boot","War Paint","Coffee Dripper","Potion Belt","Blood Vial","Pen Nib","Letter Opener","Lantern","Juzu Bracelet","Ginger","Orichalcum","Omamori"],"potions_floor_usage":[5,31,33,35,50,50],"damage_taken":[{"damage":3,"enemies":"Small Slimes","floor":1,"turns":5},{"damage":4,"enemies":"Cultist","floor":3,"turns":5},{"damage":3,"enemies":"Jaw Worm","floor":4,"turns":5},{"damage":1,"enemies":"2 Fungi Beasts","floor":5,"turns":4},{"damage":22,"enemies":"Lagavulin","floor":7,"turns":8},{"damage":9,"enemies":"Red Slaver","floor":11,"turns":5},{"damage":24,"enemies":"Gremlin Nob","floor":13,"turns":4},{"damage":6,"enemies":"3 Louse","floor":14,"turns":3},{"damage":23,"enemies":"The Guardian","floor":16,"turns":12},{"damage":6,"enemies":"3 Byrds","floor":18,"turns":5},{"damage":3,"enemies":"Chosen","floor":19,"turns":2},{"damage":0,"enemies":"Snake Plant","floor":22,"turns":2},{"damage":4,"enemies":"Slavers","floor":23,"turns":3},{"damage":4,"enemies":"Sentry and Sphere","floor":25,"turns":3},{"damage":3,"enemies":"3 Cultists","floor":29,"turns":3},{"damage":2,"enemies":"Snecko","floor":30,"turns":3},{"damage":14,"enemies":"Centurion and Healer","floor":31,"turns":4},{"damage":47,"enemies":"Automaton","floor":33,"turns":9},{"damage":17,"enemies":"3 Darklings","floor":35,"turns":5},{"damage":9,"enemies":"Orb Walker","floor":41,"turns":2},{"damage":19,"enemies":"Reptomancer","floor":42,"turns":4},{"damage":2,"enemies":"Giant Head","floor":44,"turns":5},{"damage":6,"enemies":"2 Orb Walkers","floor":45,"turns":4},{"damage":64,"enemies":"Awakened One","floor":50,"turns":9},{"damage":29,"enemies":"Shield and Spear","floor":54,"turns":5},{"damage":59,"enemies":"The Heart","floor":55,"turns":4}],"seed_played":"-4765548671542243067","potions_obtained":[{"floor":1,"key":"SkillPotion"},{"floor":5,"key":"Ancient Potion"},{"floor":16,"key":"SkillPotion"},{"floor":18,"key":"BloodPotion"},{"floor":22,"key":"SneckoOil"},{"floor":33,"key":"Fruit Juice"},{"floor":44,"key":"PowerPotion"},{"floor":45,"key":"BloodPotion"}],"is_trial":false,"path_per_floor":["M","?","M","M","M","R","E","$","T","?","M","$","E","M","R","B",null,"M","M","$","?","M","E","R","M","T","R","$","M","M","M","R","B",null,"M","$","?","T","$","R","M","E","T","E","?","T","R","?","R","B",null,"R","$","E","B"],"character_chosen":"IRONCLAD","items_purchased":["Metallicize","Strange Spoon","Metallicize","Twin Strike","Pen Nib","Inflame","Magnetism"],"campfire_rested":0,"item_purchase_floors":[12,20,28,39,39,39,53],"current_hp_per_floor":[80,80,80,80,80,80,64,64,64,61,58,58,44,44,44,27,80,80,80,80,80,80,80,80,80,80,80,80,80,80,78,78,37,80,87,87,87,87,87,87,85,80,80,86,88,88,88,78,78,34,91,91,91,68,15],"gold":103,"neow_bonus":"ONE_RANDOM_RARE_CARD","is_prod":false,"is_daily":false,"chose_seed":false,"campfire_upgraded":8,"win_rate":0,"timestamp":1541476977,"path_taken":["M","?","?","M","M","R","E","?","T","?","M","$","E","M","R","BOSS","M","M","$","?","M","E","R","M","T","R","$","M","?","M","R","BOSS","M","$","?","?","$","R","M","E","T","E","?","?","R","?","R","BOSS","R","$","E","BOSS"],"build_version":"2018-11-02","purchased_purges":1,"victory":false,"max_hp_per_floor":[80,80,80,80,80,80,80,80,80,80,80,80,80,80,80,80,80,80,80,80,80,80,80,80,80,80,80,80,80,80,80,80,80,80,88,88,88,88,88,88,88,88,88,88,88,88,88,88,88,91,91,91,91,91,91],"card_choices":[{"not_picked":["Combust","Iron Wave"],"picked":"Shrug It Off","floor":1},{"not_picked":["Thunderclap","Dropkick"],"picked":"Shockwave","floor":3},{"not_picked":["Blood for Blood","Sentinel"],"picked":"Perfected Strike","floor":4},{"not_picked":["Disarm","Headbutt"],"picked":"Uppercut","floor":5},{"not_picked":["Iron Wave","Headbutt"],"picked":"Anger","floor":7},{"not_picked":["Flame Barrier","Pummel"],"picked":"Perfected Strike","floor":11},{"not_picked":["Exhume","Rampage","Pummel"],"picked":"SKIP","floor":13},{"not_picked":["Twin Strike","Evolve"],"picked":"Pommel Strike","floor":14},{"not_picked":["Anger","Heavy Blade"],"picked":"Clothesline+1","floor":18},{"not_picked":["True Grit","Headbutt+1"],"picked":"Corruption","floor":19},{"not_picked":["Havoc","Dual Wield","Iron Wave"],"picked":"SKIP","floor":22},{"not_picked":["Disarm","True Grit"],"picked":"Wild Strike","floor":23},{"not_picked":["Power Through+1","Dual Wield+1"],"picked":"True Grit+1","floor":25},{"not_picked":["Feel No Pain+1","Rupture"],"picked":"Twin Strike","floor":29},{"not_picked":["Cleave","Thunderclap","Anger"],"picked":"SKIP","floor":30},{"not_picked":["Headbutt","Thunderclap"],"picked":"Twin Strike","floor":31},{"not_picked":["Reaper","Juggernaut"],"picked":"Feed","floor":33},{"not_picked":["Evolve","Clothesline+1"],"picked":"Sentinel","floor":35},{"not_picked":["Shrug It Off+1","Havoc+1"],"picked":"Twin Strike+1","floor":41},{"not_picked":["Reaper","Intimidate+1","Heavy Blade+1"],"picked":"SKIP","floor":42},{"not_picked":["Thunderclap+1","Headbutt+1"],"picked":"Bludgeon","floor":44},{"not_picked":["Cleave+1","Anger"],"picked":"Twin Strike+1","floor":45},{"not_picked":["Blind","Bandage Up"],"picked":"Magnetism","floor":48},{"not_picked":["Second Wind","Seeing Red"],"picked":"Metallicize+1","floor":54}],"player_experience":1115564,"relics_obtained":[{"floor":7,"key":"Centennial Puzzle"},{"floor":9,"key":"Matryoshka"},{"floor":13,"key":"Tiny Chest"},{"floor":23,"key":"Boot"},{"floor":26,"key":"War Paint"},{"floor":38,"key":"Potion Belt"},{"floor":38,"key":"Blood Vial"},{"floor":42,"key":"Letter Opener"},{"floor":43,"key":"Lantern"},{"floor":44,"key":"Juzu Bracelet"},{"floor":45,"key":"Ginger"},{"floor":46,"key":"Orichalcum"},{"floor":54,"key":"Omamori"}],"event_choices":[{"damage_healed":0,"gold_gain":0,"player_choice":"Bought 0 Potions","damage_taken":0,"max_hp_gain":0,"max_hp_loss":0,"event_name":"The Woman in Blue","floor":2,"gold_loss":0},{"damage_healed":0,"gold_gain":0,"player_choice":"Success","damage_taken":3,"relics_obtained":["Ice Cream"],"max_hp_gain":0,"max_hp_loss":0,"event_name":"Scrap Ooze","floor":10,"gold_loss":0},{"damage_healed":0,"gold_gain":0,"player_choice":"Cursed","damage_taken":0,"max_hp_gain":0,"max_hp_loss":0,"event_name":"Wheel of Change","floor":21,"gold_loss":0,"cards_obtained":["Decay"]},{"cards_removed":["Twin Strike"],"damage_healed":0,"gold_gain":0,"player_choice":"Removed Attack","damage_taken":0,"max_hp_gain":0,"max_hp_loss":0,"event_name":"Falling","floor":37,"gold_loss":0},{"damage_healed":0,"gold_gain":0,"player_choice":"Fight","damage_taken":0,"max_hp_gain":0,"max_hp_loss":0,"event_name":"Mysterious Sphere","floor":45,"gold_loss":0},{"damage_healed":0,"gold_gain":0,"player_choice":"Memory 3","damage_taken":10,"max_hp_gain":0,"max_hp_loss":0,"event_name":"SensoryStone","floor":48,"gold_loss":0}],"is_beta":true,"boss_relics":[{"not_picked":["Astrolabe","Velvet Choker"],"picked":"Snecko Eye"},{"not_picked":["Orrery","Lizard Tail"],"picked":"Coffee Dripper"}],"items_purged_floors":[20],"is_endless":false,"potions_floor_spawned":[1,5,16,18,22,30,33,44,45],"killed_by":"The Heart","ascension_level":1}