{"path_per_floor":["M","M","?","?","M","R","M","?","T","M","R","?","M","?","R","B",null,"M","$","M","?","M","R","M","M","T","R","?","M","R","?","R","B",null,"M","M","M","?","M","R","M","E","T","$","?","R","M","M","R","B"],"character_chosen":"DEFECT","items_purchased":["Defragment","Glacier","Hologram","Melter"],"gold_per_floor":[117,128,178,103,120,120,132,192,215,235,235,235,246,246,246,320,320,320,71,71,71,71,71,71,71,71,71,71,71,71,71,71,71,71,71,71,71,71,71,71,71,71,71,1,0,0,0,0,0,0],"floor_reached":51,"campfire_rested":2,"playtime":2719,"item_purchase_floors":[19,19,19,44],"current_hp_per_floor":[62,61,61,61,59,59,45,45,45,49,49,49,49,49,49,32,64,64,64,62,62,62,62,59,52,52,52,52,60,60,39,63,65,76,78,65,67,48,50,50,42,40,40,40,40,40,42,42,66,25],"items_purged":["Strike_B"],"gold":0,"score":1203,"play_id":"96460267-48e2-4e57-80ed-da7294675887","local_time":"20180529034953","is_prod":false,"is_daily":false,"chose_seed":false,"is_ascension_mode":true,"campfire_upgraded":8,"win_rate":0,"timestamp":1527587393,"campfire_choices":[{"data":"Zap","floor":6,"key":"SMITH"},{"data":"Consume","floor":11,"key":"SMITH"},{"data":"Dualcast","floor":15,"key":"SMITH"},{"data":"Electrodynamics","floor":23,"key":"SMITH"},{"data":"Defragment","floor":27,"key":"SMITH"},{"data":"Seek","floor":30,"key":"SMITH"},{"floor":32,"key":"REST"},{"data":"Storm","floor":40,"key":"SMITH"},{"data":"Biased Cognition","floor":46,"key":"SMITH"},{"floor":49,"key":"REST"}],"path_taken":["M","M","?","?","?","R","M","?","T","M","R","?","M","?","R","BOSS","M","$","M","?","M","R","M","M","T","R","?","M","R","?","R","BOSS","M","M","M","?","M","R","M","E","T","$","?","R","M","M","R","BOSS"],"build_version":"2018-05-27","seed_source_timestamp":389955298381575,"purchased_purges":1,"victory":true,"master_deck":["Zap+1","Dualcast+1","AscendersBane","Core Surge","Leap","Skim","Ball Lightning+1","Chill","Consume+1","Compile Driver","Coolheaded","Seek+1","Redo+1","Defragment+1","Glacier","Hologram","Electrodynamics+1","Coolheaded","Hologram","Chill","Go for the Eyes+1","Biased Cognition+1","Sunder","Turbo","Compile Driver","FTL","Leap","Storm+1","Ball Lightning","Amplify","Melter","Coolheaded+1","Static Discharge"],"max_hp_per_floor":[71,71,71,71,71,71,71,71,71,75,75,75,75,75,75,75,75,75,75,75,75,75,75,75,75,75,75,75,75,75,80,80,80,80,80,80,80,80,80,80,80,80,80,80,80,80,80,80,80,80],"relics":["Cracked Core","Whetstone","Anchor","Ectoplasm","Blood Vial","Pandora\u0027s Box","Turnip","Lantern","Juzu Bracelet","Red Mask"],"card_choices":[{"not_picked":["Rebound","Redo"],"picked":"Leap","floor":1},{"not_picked":["Recycle","Beam Cell"],"picked":"Skim","floor":2},{"not_picked":["Doom and Gloom","Turbo"],"picked":"Ball Lightning","floor":5},{"not_picked":["Cold Snap","Skim"],"picked":"Chill","floor":7},{"not_picked":["Beam Cell","BootSequence"],"picked":"Consume","floor":8},{"not_picked":["Doom and Gloom","Genetic Algorithm"],"picked":"Compile Driver","floor":10},{"not_picked":["Streamline","Steam"],"picked":"Coolheaded","floor":13},{"not_picked":["Hyperbeam","Multi-Cast"],"picked":"Seek","floor":16},{"not_picked":["Ball Lightning","Barrage+1"],"picked":"Redo+1","floor":18},{"not_picked":["Streamline","Turbo","Static Discharge"],"picked":"SKIP","floor":20},{"not_picked":["Barrage","Static Discharge"],"picked":"Coolheaded","floor":22},{"not_picked":["Streamline","Beam Cell"],"picked":"Hologram","floor":24},{"not_picked":["Auto Shields","Coolheaded"],"picked":"Chill","floor":25},{"not_picked":["Steam","Beam Cell"],"picked":"Go for the Eyes+1","floor":29},{"not_picked":["Electrodynamics","Hyperbeam"],"picked":"Biased Cognition","floor":33},{"not_picked":["Leap+1","Cold Snap"],"picked":"Storm","floor":35},{"not_picked":["Go for the Eyes","Stack+1"],"picked":"Ball Lightning","floor":36},{"not_picked":["Rip and Tear","Barrage","Sweeping Beam"],"picked":"SKIP","floor":37},{"not_picked":["Barrage","Turbo+1"],"picked":"Amplify","floor":38},{"not_picked":["Beam Cell","Compile Driver","Stack"],"picked":"SKIP","floor":39},{"not_picked":["Leap","Rebound","Streamline"],"picked":"SKIP","floor":41},{"not_picked":["Steam Power+1","Amplify","Blizzard"],"picked":"SKIP","floor":42},{"not_picked":["Barrage","Conserve Battery+1"],"picked":"Coolheaded+1","floor":47},{"not_picked":["Coolheaded","Turbo"],"picked":"Static Discharge","floor":48}],"player_experience":633997,"potions_floor_usage":[7,8,10,16,16,24,29,38,41,41,48],"damage_taken":[{"damage":2,"enemies":"Jaw Worm","floor":1,"turns":3},{"damage":1,"enemies":"Cultist","floor":2,"turns":3},{"damage":2,"enemies":"2 Louse","floor":5,"turns":2},{"damage":14,"enemies":"Exordium Wildlife","floor":7,"turns":3},{"damage":0,"enemies":"3 Sentries","floor":8,"turns":7},{"damage":0,"enemies":"Red Slaver","floor":10,"turns":3},{"damage":0,"enemies":"Looter","floor":13,"turns":3},{"damage":17,"enemies":"Slime Boss","floor":16,"turns":9},{"damage":0,"enemies":"Chosen","floor":18,"turns":4},{"damage":2,"enemies":"Shell Parasite","floor":20,"turns":5},{"damage":0,"enemies":"Snecko","floor":22,"turns":5},{"damage":3,"enemies":"Chosen and Byrds","floor":24,"turns":5},{"damage":7,"enemies":"3 Cultists","floor":25,"turns":6},{"damage":1,"enemies":"Snake Plant","floor":29,"turns":3},{"damage":0,"enemies":"Champ","floor":33,"turns":12},{"damage":0,"enemies":"3 Shapes","floor":35,"turns":3},{"damage":15,"enemies":"3 Darklings","floor":36,"turns":4},{"damage":0,"enemies":"Maw","floor":37,"turns":5},{"damage":21,"enemies":"Mysterious Sphere","floor":38,"turns":3},{"damage":0,"enemies":"Spire Growth","floor":39,"turns":3},{"damage":10,"enemies":"3 Darklings","floor":41,"turns":2},{"damage":4,"enemies":"Giant Head","floor":42,"turns":5},{"damage":0,"enemies":"Transient","floor":47,"turns":5},{"damage":2,"enemies":"Spire Growth","floor":48,"turns":4},{"damage":43,"enemies":"Donu and Deca","floor":50,"turns":9}],"relics_obtained":[{"floor":8,"key":"Whetstone"},{"floor":9,"key":"Anchor"},{"floor":26,"key":"Blood Vial"},{"floor":38,"key":"Turnip"},{"floor":42,"key":"Lantern"},{"floor":43,"key":"Juzu Bracelet"}],"event_choices":[{"event_name":"Golden Shrine","player_choice":"Pray","floor":3,"damage_taken":0},{"event_name":"The Cleric","player_choice":"Card Removal","floor":4,"damage_taken":0},{"event_name":"Dead Adventurer","player_choice":"Searched \u00271\u0027 times","floor":8,"damage_taken":0},{"event_name":"Liars Game","player_choice":"disagreed","floor":12,"damage_taken":0},{"event_name":"Purifier","player_choice":"One Purge","floor":14,"damage_taken":0},{"event_name":"The Library","player_choice":"Read","floor":21,"damage_taken":0},{"event_name":"Golden Shrine","player_choice":"Pray","floor":28,"damage_taken":0},{"event_name":"Forgotten Altar","player_choice":"Shed Blood","floor":31,"damage_taken":0},{"event_name":"Mysterious Sphere","player_choice":"Fight","floor":38,"damage_taken":0},{"event_name":"Tomb of Lord Red Mask","player_choice":"Paid","floor":45,"damage_taken":0}],"boss_relics":[{"not_picked":["White Beast Statue","Runic Pyramid"],"picked":"Ectoplasm"},{"not_picked":["Eternal Feather","Orrery"],"picked":"Pandora\u0027s Box"}],"items_purged_floors":[19],"potions_floor_spawned":[2,5,7,8,10,13,18,20,37,38,39,41,47],"seed_played":"-8013434810681208182","ascension_level":15,"potions_obtained":[{"floor":2,"key":"FocusPotion"},{"floor":5,"key":"SteroidPotion"},{"floor":7,"key":"SteroidPotion"},{"floor":8,"key":"Fruit Juice"},{"floor":10,"key":"GamblersBrew"},{"floor":13,"key":"FocusPotion"},{"floor":18,"key":"Regen Potion"},{"floor":20,"key":"Weak Potion"},{"floor":37,"key":"PowerPotion"},{"floor":38,"key":"PowerPotion"},{"floor":39,"key":"Block Potion"},{"floor":41,"key":"GamblersBrew"},{"floor":47,"key":"Explosive Potion"}],"is_trial":false}