{"gold_per_floor":[210,230,19,37,50,50,85,65,116,116,145,165,165,178,178,279,279,269,289,289],"floor_reached":20,"playtime":1358,"items_purged":["Strike_B"],"score":205,"play_id":"bd67ca2b-23f4-417a-910d-71a5c9ed93b4","local_time":"20181025192755","is_ascension_mode":true,"campfire_choices":[{"floor":6,"key":"REST"},{"data":"Zap","floor":10,"key":"SMITH"},{"data":"Hologram","floor":13,"key":"SMITH"},{"data":"Coolheaded","floor":15,"key":"SMITH"}],"neow_cost":"NONE","seed_source_timestamp":7377158445960,"circlet_count":0,"master_deck":["Strike_B","Strike_B","Strike_B","Defend_B","Defend_B","Defend_B","Defend_B","Zap+1","Dualcast","Hologram+1","Turbo","Capacitor","Glacier","Leap","Coolheaded+1","Loop","Genetic Algorithm","Amplify","Capacitor","Chill+1"],"relics":["Cracked Core","Meat on the Bone","Bag of Marbles","Happy Flower","Sozu"],"potions_floor_usage":[11,18],"damage_taken":[{"damage":1,"enemies":"2 Louse","floor":1,"turns":3},{"damage":1,"enemies":"Cultist","floor":2,"turns":3},{"damage":14,"enemies":"Small Slimes","floor":4,"turns":5},{"damage":51,"enemies":"Gremlin Gang","floor":5,"turns":7},{"damage":10,"enemies":"3 Sentries","floor":7,"turns":16},{"damage":4,"enemies":"Lagavulin","floor":11,"turns":11},{"damage":11,"enemies":"Lots of Slimes","floor":12,"turns":4},{"damage":0,"enemies":"3 Louse","floor":14,"turns":4},{"damage":23,"enemies":"The Guardian","floor":16,"turns":17},{"damage":16,"enemies":"2 Thieves","floor":18,"turns":5},{"damage":50,"enemies":"3 Byrds","floor":19,"turns":10},{"damage":21,"enemies":"Centurion and Healer","floor":20,"turns":12}],"seed_played":"-4258121137425535216","potions_obtained":[{"floor":1,"key":"Regen Potion"},{"floor":7,"key":"Ancient Potion"},{"floor":8,"key":"SmokeBomb"},{"floor":12,"key":"Explosive Potion"}],"is_trial":false,"path_per_floor":["M","M","$","M","M","R","E","?","T","R","E","M","R","M","R","B",null,"M","M"],"character_chosen":"DEFECT","items_purchased":["Capacitor","Glacier"],"campfire_rested":1,"item_purchase_floors":[3,3],"current_hp_per_floor":[74,73,73,59,8,30,20,20,20,20,43,44,44,44,44,33,75,59,21,0],"gold":289,"neow_bonus":"HUNDRED_GOLD","is_prod":false,"is_daily":false,"chose_seed":false,"campfire_upgraded":3,"win_rate":0,"timestamp":1540502875,"path_taken":["M","M","$","M","M","R","E","?","T","R","E","?","R","M","R","BOSS","M","?","M"],"build_version":"2018-10-18","purchased_purges":1,"victory":false,"max_hp_per_floor":[75,75,75,75,75,75,75,75,75,75,75,75,75,75,75,75,75,75,75,75],"card_choices":[{"not_picked":["Aggregate","Streamline"],"picked":"Hologram","floor":1},{"not_picked":["Stack","Streamline"],"picked":"Turbo","floor":2},{"not_picked":["Compile Driver","Heatsinks"],"picked":"Leap","floor":4},{"not_picked":["Blizzard","Ball Lightning","Rebound"],"picked":"SKIP","floor":5},{"not_picked":["Compile Driver","Melter"],"picked":"Coolheaded","floor":7},{"not_picked":["Blizzard","Tempest","Rebound"],"picked":"SKIP","floor":11},{"not_picked":["Doom and Gloom","Storm"],"picked":"Loop","floor":12},{"not_picked":["White Noise","Turbo"],"picked":"Genetic Algorithm","floor":14},{"not_picked":["Biased Cognition","Thunder Strike"],"picked":"Amplify","floor":16},{"not_picked":["Lockon","Leap"],"picked":"Capacitor","floor":18},{"not_picked":["Steam Power","Recycle"],"picked":"Chill+1","floor":19}],"player_experience":112163,"relics_obtained":[{"floor":7,"key":"Meat on the Bone"},{"floor":9,"key":"Bag of Marbles"},{"floor":11,"key":"Happy Flower"}],"event_choices":[{"damage_healed":0,"gold_gain":0,"player_choice":"Bought 1 Potion","damage_taken":0,"max_hp_gain":0,"max_hp_loss":0,"event_name":"The Woman in Blue","floor":8,"gold_loss":0}],"is_beta":false,"boss_relics":[{"not_picked":["Eternal Feather","Ectoplasm"],"picked":"Sozu"}],"items_purged_floors":[3],"is_endless":false,"potions_floor_spawned":[1,7,12,18,19],"killed_by":"Centurion and Healer","ascension_level":2}