{"gold_per_floor":[118,133,133,18,30,30,57,57,57,72,107,119,145,15,15,91,91,106,119,119,129,139,170,170,12,38,38,67,82,102,118,118,118],"floor_reached":33,"playtime":1515,"items_purged":[],"score":566,"play_id":"c4638517-5de1-4e3d-8153-682b5497615b","local_time":"20180712220806","is_ascension_mode":true,"campfire_choices":[{"data":"Zap","floor":6,"key":"SMITH"},{"data":"Ball Lightning","floor":8,"key":"SMITH"},{"data":"Go for the Eyes","floor":15,"key":"SMITH"},{"floor":24,"key":"REST"},{"data":"Dualcast","floor":27,"key":"SMITH"},{"data":"Hologram","floor":32,"key":"SMITH"}],"neow_cost":"TEN_PERCENT_HP_LOSS","seed_source_timestamp":167242678026429,"circlet_count":0,"master_deck":["Strike_B","Strike_B","Strike_B","Strike_B+1","Defend_B","Defend_B","Defend_B","Defend_B","Zap+1","Dualcast+1","AscendersBane","Ball Lightning+1","BootSequence","Self Repair","Leap","FTL+1","Conserve Battery","Chill","Compile Driver","FTL","Go for the Eyes+1","Scrape","Ball Lightning","Thunder Strike","Steam","Compile Driver","Gash","Beam Cell","Leap","Gash","Scrape","Steam","Ball Lightning+1","Go for the Eyes+1","Hologram+1","Stack"],"relics":["Cracked Core","Shovel","Shuriken","Symbiotic Virus","Whetstone","Regal Pillow","Runic Dome","Art of War","Orichalcum","Molten Egg 2"],"potions_floor_usage":[11,13,16,16,22,23],"damage_taken":[{"damage":8,"enemies":"2 Louse","floor":1,"turns":3},{"damage":10,"enemies":"Small Slimes","floor":2,"turns":3},{"damage":5,"enemies":"Cultist","floor":5,"turns":4},{"damage":30,"enemies":"3 Sentries","floor":7,"turns":8},{"damage":0,"enemies":"Red Slaver","floor":10,"turns":4},{"damage":18,"enemies":"Gremlin Nob","floor":11,"turns":4},{"damage":0,"enemies":"2 Fungi Beasts","floor":12,"turns":3},{"damage":11,"enemies":"Lagavulin","floor":13,"turns":6},{"damage":11,"enemies":"Slime Boss","floor":16,"turns":7},{"damage":0,"enemies":"Chosen","floor":18,"turns":3},{"damage":11,"enemies":"3 Byrds","floor":19,"turns":4},{"damage":7,"enemies":"3 Cultists","floor":21,"turns":4},{"damage":31,"enemies":"Slaver and Parasite","floor":22,"turns":6},{"damage":18,"enemies":"Gremlin Leader","floor":23,"turns":5},{"damage":8,"enemies":"Book of Stabbing","floor":28,"turns":4},{"damage":6,"enemies":"Centurion and Healer","floor":29,"turns":5},{"damage":17,"enemies":"Snecko","floor":30,"turns":5},{"damage":0,"enemies":"Chosen and Byrds","floor":31,"turns":3},{"damage":85,"enemies":"Automaton","floor":33,"turns":8}],"seed_played":"-3559426782273677579","potions_obtained":[{"floor":7,"key":"Weak Potion"},{"floor":10,"key":"Swift Potion"},{"floor":11,"key":"Explosive Potion"},{"floor":13,"key":"FearPotion"},{"floor":16,"key":"FairyPotion"},{"floor":19,"key":"EssenceOfSteel"},{"floor":22,"key":"Strength Potion"},{"floor":28,"key":"SpeedPotion"},{"floor":31,"key":"FearPotion"}],"is_trial":false,"path_per_floor":["M","M","?","$","M","R","E","R","T","M","E","M","E","$","R","B",null,"M","M","?","M","M","E","R","$","T","R","E","M","M","M","R"],"character_chosen":"DEFECT","items_purchased":["Self Repair","Leap","Scrape","Ball Lightning","Gash","Scrape","Steam"],"campfire_rested":1,"item_purchase_floors":[4,4,14,14,25,25,25],"current_hp_per_floor":[56,46,46,46,48,48,25,25,25,32,21,28,24,24,24,20,53,60,56,56,56,32,14,48,48,48,48,40,41,31,31,31,0],"gold":118,"neow_bonus":"ONE_RARE_RELIC","is_prod":false,"is_daily":false,"chose_seed":false,"campfire_upgraded":5,"win_rate":0,"timestamp":1531454886,"path_taken":["M","M","?","$","?","R","E","R","T","M","E","M","E","?","R","BOSS","M","M","?","M","M","E","R","$","T","R","E","M","M","M","R","BOSS"],"build_version":"2018-07-12","purchased_purges":0,"victory":false,"max_hp_per_floor":[64,64,64,64,64,64,64,64,64,64,64,64,64,64,64,64,64,64,64,64,64,64,64,64,64,64,64,64,64,64,64,64,64],"card_choices":[{"not_picked":["Steam","Streamline"],"picked":"Ball Lightning","floor":1},{"not_picked":["Compile Driver","Leap"],"picked":"BootSequence","floor":2},{"not_picked":["Loop","Compile Driver"],"picked":"FTL","floor":5},{"not_picked":["Compile Driver","Aggregate"],"picked":"Conserve Battery","floor":7},{"not_picked":["Stack","Steam"],"picked":"Chill","floor":10},{"not_picked":["Multi-Cast","Sweeping Beam"],"picked":"Compile Driver","floor":11},{"not_picked":["Capacitor","Barrage"],"picked":"FTL","floor":12},{"not_picked":["Cold Snap","Redo"],"picked":"Go for the Eyes","floor":13},{"not_picked":["Fission","Multi-Cast"],"picked":"Thunder Strike","floor":16},{"not_picked":["Barrage","Go for the Eyes"],"picked":"Steam","floor":18},{"not_picked":["Stack","Double Energy"],"picked":"Compile Driver","floor":19},{"not_picked":["Recycle","Heatsinks"],"picked":"Gash","floor":21},{"not_picked":["Hyperbeam","Coolheaded"],"picked":"Beam Cell","floor":22},{"not_picked":["Meteor Strike","Sweeping Beam+1"],"picked":"Leap","floor":23},{"not_picked":["Loop+1","Heatsinks+1"],"picked":"Ball Lightning","floor":28},{"not_picked":["Cold Snap+1","Self Repair+1"],"picked":"Go for the Eyes+1","floor":29},{"not_picked":["Defragment","Leap+1"],"picked":"Hologram","floor":30},{"not_picked":["Coolheaded","Heatsinks"],"picked":"Stack","floor":31}],"player_experience":768154,"relics_obtained":[{"floor":7,"key":"Shuriken"},{"floor":9,"key":"Symbiotic Virus"},{"floor":11,"key":"Whetstone"},{"floor":13,"key":"Regal Pillow"},{"floor":23,"key":"Art of War"},{"floor":26,"key":"Orichalcum"},{"floor":28,"key":"Molten Egg 2"}],"event_choices":[{"event_name":"Golden Idol","player_choice":"Ignored","floor":3,"damage_taken":0},{"event_name":"The Mausoleum","player_choice":"No","floor":20,"damage_taken":0}],"boss_relics":[{"not_picked":["Busted Crown","FrozenCore"],"picked":"Runic Dome"}],"items_purged_floors":[],"is_endless":false,"potions_floor_spawned":[7,10,11,13,16,19,22,28,30,31],"killed_by":"Automaton","ascension_level":15}