{"gold_per_floor":[215,226,236,236,23,23,50,50,74,74,86,121,0,0,0,0],"floor_reached":16,"playtime":703,"items_purged":["Strike_G"],"score":189,"play_id":"22749af0-b619-4e47-9e14-e81497e28d6d","local_time":"20180720144338","is_ascension_mode":true,"campfire_choices":[{"data":"After Image","floor":6,"key":"SMITH"},{"data":"Neutralize","floor":8,"key":"SMITH"},{"data":"Sucker Punch","floor":10,"key":"SMITH"},{"data":"Footwork","floor":15,"key":"SMITH"}],"neow_cost":"NONE","seed_source_timestamp":832587271795658,"circlet_count":0,"master_deck":["Defend_G","Defend_G","Defend_G","Defend_G","Defend_G","Strike_G","Strike_G","Strike_G","Survivor","Neutralize+1","AscendersBane","Sucker Punch+1","Sucker Punch","Outmaneuver","After Image+1","Heel Hook","Dagger Spray","Dagger Throw","Footwork+1","Blur"],"relics":["Ring of the Snake","Sundial","Matryoshka","Bag of Marbles","Bottled Flame","Regal Pillow"],"potions_floor_usage":[16],"damage_taken":[{"damage":2,"enemies":"Cultist","floor":1,"turns":5},{"damage":1,"enemies":"2 Louse","floor":2,"turns":5},{"damage":1,"enemies":"Jaw Worm","floor":3,"turns":5},{"damage":25,"enemies":"3 Sentries","floor":7,"turns":15},{"damage":0,"enemies":"2 Fungi Beasts","floor":11,"turns":3},{"damage":15,"enemies":"Lagavulin","floor":12,"turns":7},{"damage":20,"enemies":"Hexaghost","floor":16,"turns":14}],"seed_played":"2188527240366469020","potions_obtained":[{"floor":7,"key":"Explosive Potion"}],"is_trial":false,"path_per_floor":["M","M","M","T","$","R","E","R","T","R","M","E","$","?","R"],"character_chosen":"THE_SILENT","items_purchased":["After Image","Heel Hook","Blur","AttackPotion"],"campfire_rested":0,"item_purchase_floors":[5,5,13,13],"current_hp_per_floor":[57,56,55,55,55,55,30,30,30,30,30,15,15,15,15,0],"gold":0,"neow_bonus":"HUNDRED_GOLD","is_prod":false,"is_daily":false,"chose_seed":false,"campfire_upgraded":4,"win_rate":0,"timestamp":1532119418,"path_taken":["M","M","M","?","?","R","E","R","T","R","?","E","$","?","R","BOSS"],"build_version":"2018-07-19","purchased_purges":1,"victory":false,"max_hp_per_floor":[66,66,66,66,66,66,66,66,66,66,66,66,66,66,66,66],"card_choices":[{"not_picked":["Underhanded Strike","Acrobatics"],"picked":"Sucker Punch","floor":1},{"not_picked":["Deadly Poison","Distraction"],"picked":"Sucker Punch","floor":2},{"not_picked":["Dodge and Roll","Deadly Poison"],"picked":"Outmaneuver","floor":3},{"not_picked":["Underhanded Strike","Outmaneuver"],"picked":"Dagger Spray","floor":7},{"not_picked":["Accuracy","Bane"],"picked":"Dagger Throw","floor":11},{"not_picked":["Bane","Catalyst"],"picked":"Footwork","floor":12}],"player_experience":809948,"relics_obtained":[{"floor":4,"key":"Sundial"},{"floor":7,"key":"Matryoshka"},{"floor":9,"key":"Bag of Marbles"},{"floor":9,"key":"Bottled Flame"},{"floor":12,"key":"Regal Pillow"}],"event_choices":[{"event_name":"Bonfire Elementals","player_choice":"BASIC","floor":14,"damage_taken":0}],"is_beta":true,"boss_relics":[],"items_purged_floors":[5],"is_endless":false,"potions_floor_spawned":[7],"killed_by":"Hexaghost","ascension_level":15}