{"gold_per_floor":[117,117,67,242,253,253,253,268,268,37,37,55,65,65,65,136,136,154,168,6,106,119,147,162,194,220,240,240,274,231,293,305,393,405,431,126,126,142,142,142,70,70,70,96,116,128,27,27,27,27],"floor_reached":51,"playtime":7517,"items_purged":["Doubt","Strike_R","Strike_R","Decay"],"score":1177,"play_id":"43c45c1b-b422-48c8-b40b-8d88d6ca5edc","local_time":"20190219102243","is_ascension_mode":true,"campfire_choices":[{"data":"Spot Weakness","floor":6.0,"key":"SMITH"},{"data":"Bash","floor":11.0,"key":"SMITH"},{"data":"Shockwave","floor":15.0,"key":"SMITH"},{"data":"Whirlwind","floor":32,"key":"SMITH"},{"data":"Heavy Blade","floor":40,"key":"SMITH"},{"data":"1","floor":49,"key":"LIFT"}],"neow_cost":"NONE","seed_source_timestamp":51426173519501,"circlet_count":0,"master_deck":["AscendersBane","Strike_R","Defend_R+1","Defend_R+1","Defend_R","Defend_R+1","Bash+1","Impervious","Spot Weakness+1","Shockwave+1","Reaper","Shrug It Off","Heavy Blade+1","Dropkick","Spot Weakness+1","Anger","Flame Barrier+1","Whirlwind+1","Shrug It Off","Barricade","Corruption","Secret Technique","Uppercut","Flame Barrier+1","Entrench","Shrug It Off"],"special_seed":0,"relics":["Burning Blood","Bronze Scales","Membership Card","Philosopher\u0027s Stone","War Paint","Strawberry","Juzu Bracelet","Blood Vial","MawBank","Tiny Chest","Cursed Key","Anchor","Bag of Preparation","Question Card","Omamori","WarpedTongs","Girya","Pen Nib"],"potions_floor_usage":[33,38,44,50,50],"damage_taken":[{"damage":2.0,"enemies":"Jaw Worm","floor":1.0,"turns":5.0},{"damage":1.0,"enemies":"2 Louse","floor":5.0,"turns":4.0},{"damage":8.0,"enemies":"Cultist","floor":8.0,"turns":4.0},{"damage":19.0,"enemies":"Lots of Slimes","floor":12.0,"turns":4.0},{"damage":0.0,"enemies":"Blue Slaver","floor":13.0,"turns":4.0},{"damage":36.0,"enemies":"Hexaghost","floor":16.0,"turns":9.0},{"damage":16.0,"enemies":"Spheric Guardian","floor":18.0,"turns":5.0},{"damage":2.0,"enemies":"Chosen","floor":19.0,"turns":6.0},{"damage":23.0,"enemies":"Shelled Parasite and Fungi","floor":22.0,"turns":6.0},{"damage":24.0,"enemies":"Slavers","floor":23.0,"turns":4.0},{"damage":9.0,"enemies":"Snake Plant","floor":24.0,"turns":5.0},{"damage":38,"enemies":"Gremlin Leader","floor":25,"turns":7},{"damage":1,"enemies":"Centurion and Healer","floor":27,"turns":5},{"damage":21,"enemies":"Slavers","floor":29,"turns":3},{"damage":38,"enemies":"Champ","floor":33,"turns":10},{"damage":11,"enemies":"3 Shapes","floor":35,"turns":5},{"damage":0,"enemies":"3 Darklings","floor":38,"turns":3},{"damage":49,"enemies":"Giant Head","floor":44,"turns":11},{"damage":11,"enemies":"Spire Growth","floor":45,"turns":4},{"damage":5,"enemies":"Writhing Mass","floor":46,"turns":3},{"damage":10,"enemies":"Time Eater","floor":50,"turns":10}],"seed_played":"-1483402967162164511","potions_obtained":[{"floor":5.0,"key":"Energy Potion"},{"floor":12.0,"key":"SkillPotion"},{"floor":16.0,"key":"Explosive Potion"},{"floor":24.0,"key":"Strength Potion"},{"floor":29,"key":"Poison Potion"},{"floor":35,"key":"AttackPotion"},{"floor":45,"key":"Ancient Potion"}],"is_trial":false,"path_per_floor":["M","?","?","?","M","R","?","M","T","$","R","M","M","?","R","B",null,"M","M","$","?","M","E","M","E","T","M","?","E","?","?","R","B",null,"M","$","T","M","?","R","$","?","T","E","M","M","$","?","R","B",null],"character_chosen":"IRONCLAD","items_purchased":["Membership Card","War Paint","Dropkick","Corruption","Anchor","Bag of Preparation","Secret Technique","Omamori","Dexterity Potion"],"campfire_rested":0,"item_purchase_floors":[10,20,20,36,36,36,36,41,47],"current_hp_per_floor":[76,60,60,60,65,65,70,68,68,68,68,55,61,61,61,31,72,63,79,79,79,85,89,92,60,60,85,85,72,72,72,72,66,86,92,92,92,92,92,92,92,92,92,49,58,61,61,61,61,59],"gold":27,"neow_bonus":"ONE_RANDOM_RARE_CARD","is_prod":false,"is_daily":false,"chose_seed":false,"campfire_upgraded":5,"win_rate":0,"timestamp":1550593363,"path_taken":["M","?","?","?","?","R","?","M","T","$","R","M","M","?","R","BOSS","M","M","$","?","M","E","M","E","T","M","?","E","?","?","R","BOSS","M","$","?","M","?","R","$","?","T","E","M","M","?","?","R","BOSS"],"build_version":"2019-01-23","purchased_purges":4,"victory":true,"max_hp_per_floor":[80,80,80,80,80,80,85,85,85,85,85,85,85,85,85,85,85,85,85,85,85,85,92,92,92,92,92,92,92,92,92,92,92,92,92,92,92,92,92,92,92,92,92,92,92,92,92,92,92,92],"card_choices":[{"not_picked":["Anger","Armaments","Warcry"],"picked":"SKIP","floor":1.0},{"not_picked":["Metallicize","Sever Soul"],"picked":"Spot Weakness","floor":5.0},{"not_picked":["Clothesline","Flex","Clash"],"picked":"SKIP","floor":8.0},{"not_picked":["Rupture","Headbutt","Warcry"],"picked":"SKIP","floor":12.0},{"not_picked":["Perfected Strike","Pommel Strike"],"picked":"Shockwave","floor":13.0},{"not_picked":["Limit Break","Immolate"],"picked":"Reaper","floor":16.0},{"not_picked":["Burning Pact","Body Slam"],"picked":"Shrug It Off","floor":18.0},{"not_picked":["Shrug It Off","Rage"],"picked":"Heavy Blade","floor":19.0},{"not_picked":["True Grit","Thunderclap"],"picked":"Spot Weakness+1","floor":22.0},{"not_picked":["Combust","Inflame"],"picked":"Anger","floor":23.0},{"not_picked":["Fire Breathing","Shockwave","Body Slam"],"picked":"SKIP","floor":24.0},{"not_picked":["Body Slam","Clash","Pommel Strike"],"picked":"SKIP","floor":25},{"not_picked":["Heavy Blade","Sentinel"],"picked":"Flame Barrier+1","floor":27},{"not_picked":["Carnage","Demon Form"],"picked":"Shrug It Off","floor":29},{"not_picked":["Impervious","Fiend Fire"],"picked":"Barricade","floor":33},{"not_picked":["Iron Wave","Headbutt","Clothesline"],"picked":"SKIP","floor":35},{"not_picked":["Seeing Red+1","Clash","Thunderclap"],"picked":"Uppercut","floor":38},{"not_picked":["Clash+1","Feed","Wild Strike"],"picked":"Entrench","floor":44},{"not_picked":["Carnage+1","Shrug It Off","Havoc+1","Clothesline"],"picked":"SKIP","floor":45},{"not_picked":["Carnage+1","Havoc+1","Clothesline"],"picked":"Shrug It Off","floor":45},{"not_picked":["Clothesline+1","Cleave","Combust","Sword Boomerang"],"picked":"SKIP","floor":46}],"player_experience":419790,"relics_obtained":[{"floor":9.0,"key":"Bronze Scales"},{"floor":23.0,"key":"Strawberry"},{"floor":25,"key":"Juzu Bracelet"},{"floor":26,"key":"Blood Vial"},{"floor":29,"key":"MawBank"},{"floor":37,"key":"Question Card"},{"floor":43,"key":"Girya"},{"floor":44,"key":"Pen Nib"}],"event_choices":[{"damage_healed":0.0,"max_hp_gain":0.0,"max_hp_loss":0.0,"gold_gain":0.0,"event_name":"Shining Light","player_choice":"Entered Light","floor":2.0,"gold_loss":0.0,"damage_taken":16.0,"cards_upgraded":["Defend_R","Strike_R"]},{"cards_removed":["Strike_R"],"damage_healed":0.0,"max_hp_gain":0.0,"max_hp_loss":0.0,"gold_gain":0.0,"event_name":"The Cleric","player_choice":"Card Removal","floor":3.0,"gold_loss":50.0,"damage_taken":0.0},{"damage_healed":0.0,"max_hp_gain":0.0,"max_hp_loss":0.0,"gold_gain":175.0,"event_name":"Liars Game","player_choice":"AGREE","floor":4.0,"gold_loss":0.0,"damage_taken":0.0,"cards_obtained":["Doubt"]},{"damage_healed":0.0,"max_hp_gain":5.0,"max_hp_loss":0.0,"gold_gain":0.0,"event_name":"Big Fish","player_choice":"Donut","floor":7.0,"gold_loss":0.0,"damage_taken":0.0},{"damage_healed":0.0,"max_hp_gain":0.0,"max_hp_loss":0.0,"gold_gain":0.0,"event_name":"Match and Keep!","player_choice":"0 cards matched","floor":14.0,"gold_loss":0.0,"damage_taken":0.0,"cards_obtained":[]},{"damage_healed":0.0,"max_hp_gain":0.0,"max_hp_loss":0.0,"gold_gain":100.0,"event_name":"Golden Shrine","player_choice":"Pray","floor":21.0,"gold_loss":0.0,"damage_taken":0.0},{"damage_healed":0,"gold_gain":0,"player_choice":"Read","damage_taken":0,"max_hp_gain":0,"max_hp_loss":0,"event_name":"The Library","floor":28,"gold_loss":0,"cards_obtained":["Whirlwind"]},{"damage_healed":0,"gold_gain":0,"player_choice":"Obtained Relic","damage_taken":0,"relics_obtained":["Tiny Chest"],"max_hp_gain":0,"max_hp_loss":0,"event_name":"Addict","floor":30,"gold_loss":85},{"damage_healed":0,"gold_gain":100,"player_choice":"Bet on Murderer","damage_taken":0,"max_hp_gain":0,"max_hp_loss":0,"event_name":"The Joust","floor":31,"gold_loss":50},{"damage_healed":0,"gold_gain":0,"player_choice":"Copied","damage_taken":0,"max_hp_gain":0,"max_hp_loss":0,"event_name":"Duplicator","floor":39,"gold_loss":0,"cards_obtained":["Flame Barrier"]},{"damage_healed":0,"gold_gain":0,"player_choice":"Rummage","damage_taken":0,"relics_obtained":["WarpedTongs"],"max_hp_gain":0,"max_hp_loss":0,"event_name":"Accursed Blacksmith","floor":42,"gold_loss":0,"cards_obtained":["Pain"]},{"cards_removed":["Strike_R"],"damage_healed":0,"gold_gain":0,"player_choice":"Removed Attack","damage_taken":0,"max_hp_gain":0,"max_hp_loss":0,"event_name":"Falling","floor":48,"gold_loss":0}],"is_beta":false,"boss_relics":[{"not_picked":["Runic Cube","Black Star"],"picked":"Philosopher\u0027s Stone"},{"not_picked":["Pandora\u0027s Box","Runic Dome"],"picked":"Cursed Key"}],"items_purged_floors":[10,20,36,47],"is_endless":false,"potions_floor_spawned":[5,12,16,19,24,29,35,45],"ascension_level":13}