{"gold_per_floor":[110,123,123,133,152,185,185,199,222,222,222,241,130,130,130,234,234,250,150,161,161,172,172,187,187,269,282,282,299,318,417,417,513,513,533,533,558,205,205,205,217,217,217,234,234,250,260,3,3,3],"floor_reached":50,"playtime":2332,"items_purged":["Strike_R","Strike_R","Strike_R"],"score":520,"play_id":"b503dcac-eddd-43ae-915c-882776e6e982","local_time":"20181019200100","is_ascension_mode":true,"campfire_choices":[{"data":"Bash","floor":7,"key":"SMITH"},{"data":"Body Slam","floor":10,"key":"SMITH"},{"floor":15,"key":"REST"},{"data":"Armaments","floor":23,"key":"SMITH"},{"data":"True Grit","floor":25,"key":"SMITH"},{"floor":32,"key":"REST"},{"data":"Demon Form","floor":40,"key":"SMITH"},{"data":"Warcry","floor":42,"key":"SMITH"},{"data":"Cleave","floor":45,"key":"SMITH"},{"data":"Pommel Strike","floor":49,"key":"SMITH"}],"neow_cost":"NONE","seed_source_timestamp":13431416358004,"circlet_count":0,"master_deck":["Defend_R","Defend_R","Bash+1","Warcry+1","Shrug It Off","Body Slam+1","Armaments+1","Battle Trance","Cleave+1","Offering","Juggernaut+1","Cleave+1","Dual Wield+1","Shrug It Off","True Grit+1","Rage","Demon Form+1","Headbutt+1","Shrug It Off","Fiend Fire","Inflame","Iron Wave+1","Shrug It Off+1","Pommel Strike+1","Heavy Blade+1"],"relics":["Burning Blood","NeowsBlessing","Art of War","Dream Catcher","Astrolabe","Mummified Hand","Velvet Choker","Juzu Bracelet","Omamori","Darkstone Periapt","Pantograph"],"potions_floor_usage":[6,16,16,16,33,33,33,50,50],"damage_taken":[{"damage":0,"enemies":"Small Slimes","floor":1,"turns":1},{"damage":0,"enemies":"Jaw Worm","floor":2,"turns":1},{"damage":0,"enemies":"Cultist","floor":4,"turns":1},{"damage":11,"enemies":"Exordium Wildlife","floor":5,"turns":8},{"damage":52,"enemies":"Lagavulin","floor":6,"turns":10},{"damage":2,"enemies":"2 Fungi Beasts","floor":8,"turns":5},{"damage":16,"enemies":"Lots of Slimes","floor":12,"turns":7},{"damage":40,"enemies":"Slime Boss","floor":16,"turns":16},{"damage":11,"enemies":"Chosen","floor":18,"turns":3},{"damage":13,"enemies":"2 Thieves","floor":20,"turns":3},{"damage":17,"enemies":"Snake Plant","floor":22,"turns":3},{"damage":21,"enemies":"Centurion and Healer","floor":24,"turns":4},{"damage":39,"enemies":"Shelled Parasite and Fungi","floor":27,"turns":8},{"damage":6,"enemies":"Snake Plant","floor":29,"turns":2},{"damage":0,"enemies":"3 Cultists","floor":30,"turns":4},{"damage":28,"enemies":"Champ","floor":33,"turns":7},{"damage":26,"enemies":"3 Darklings","floor":35,"turns":5},{"damage":8,"enemies":"Orb Walker","floor":41,"turns":4},{"damage":11,"enemies":"Writhing Mass","floor":44,"turns":5},{"damage":6,"enemies":"Transient","floor":46,"turns":5},{"damage":12,"enemies":"4 Shapes","floor":47,"turns":5},{"damage":81,"enemies":"Donu and Deca","floor":50,"turns":6}],"seed_played":"-2871623242166762624","potions_obtained":[{"floor":1,"key":"Explosive Potion"},{"floor":2,"key":"Fire Potion"},{"floor":4,"key":"EssenceOfSteel"},{"floor":6,"key":"EssenceOfSteel"},{"floor":16,"key":"PowerPotion"},{"floor":18,"key":"Explosive Potion"},{"floor":27,"key":"Block Potion"},{"floor":30,"key":"SkillPotion"},{"floor":33,"key":"Ancient Potion"},{"floor":44,"key":"LiquidBronze"},{"floor":46,"key":"Explosive Potion"}],"is_trial":false,"path_per_floor":["M","M","?","M","M","E","R","M","T","R","?","M","$","?","R","B",null,"M","$","M","?","M","R","M","R","T","M","?","M","M","?","R","B",null,"M","?","T","$","?","R","M","R","T","M","R","M","M","$","R"],"character_chosen":"IRONCLAD","items_purchased":["Battle Trance","Inflame","Omamori","Pantograph"],"campfire_rested":2,"item_purchase_floors":[13,38,38,48],"current_hp_per_floor":[80,80,85,85,80,34,34,38,38,38,38,28,28,28,53,19,85,80,80,73,73,62,62,47,47,47,14,14,14,20,20,45,23,85,65,65,65,65,65,65,63,63,63,58,58,58,52,52,52,0],"gold":3,"neow_bonus":"THREE_ENEMY_KILL","is_prod":false,"is_daily":false,"chose_seed":false,"campfire_upgraded":8,"win_rate":0,"timestamp":1539990060,"path_taken":["M","M","?","M","M","E","R","M","T","R","?","M","$","?","R","BOSS","M","$","M","?","M","R","?","R","T","M","?","M","M","?","R","BOSS","M","?","?","$","?","R","M","R","T","M","R","M","M","$","R","BOSS"],"build_version":"2018-10-18","purchased_purges":3,"victory":false,"max_hp_per_floor":[80,80,85,85,85,85,85,85,85,85,85,85,85,85,85,85,85,85,85,85,85,85,85,85,85,85,85,85,85,85,85,85,85,85,85,85,85,85,85,85,85,85,85,85,85,85,85,85,85,85],"card_choices":[{"not_picked":["Perfected Strike","Heavy Blade","Sword Boomerang"],"picked":"SKIP","floor":1},{"not_picked":["Anger","Clothesline","Infernal Blade"],"picked":"SKIP","floor":2},{"not_picked":["Wild Strike","Thunderclap"],"picked":"Warcry","floor":4},{"not_picked":["Rupture","Thunderclap"],"picked":"Shrug It Off","floor":5},{"not_picked":["Perfected Strike","Anger","Power Through"],"picked":"SKIP","floor":6},{"not_picked":["Rampage","Searing Blow"],"picked":"Body Slam","floor":8},{"not_picked":["Rupture","Perfected Strike"],"picked":"Armaments","floor":12},{"not_picked":["Berserk","Armaments"],"picked":"Cleave","floor":15},{"not_picked":["Dark Embrace","Double Tap"],"picked":"Offering","floor":16},{"not_picked":["Clothesline","Havoc"],"picked":"Shrug It Off","floor":18},{"not_picked":["Reckless Charge","Shockwave","Intimidate"],"picked":"SKIP","floor":20},{"not_picked":["Warcry","Thunderclap"],"picked":"True Grit","floor":22},{"not_picked":["Feel No Pain","True Grit"],"picked":"Heavy Blade+1","floor":24},{"not_picked":["Pummel","Sword Boomerang+1"],"picked":"Rage","floor":27},{"not_picked":["Pommel Strike","Sword Boomerang"],"picked":"Demon Form","floor":29},{"not_picked":["Spot Weakness","Feel No Pain+1"],"picked":"Headbutt+1","floor":30},{"not_picked":["Body Slam","Armaments"],"picked":"Shrug It Off","floor":32},{"not_picked":["Exhume","Offering"],"picked":"Fiend Fire","floor":33},{"not_picked":["Uppercut","Heavy Blade+1","Intimidate+1"],"picked":"SKIP","floor":35},{"not_picked":["Body Slam+1","Thunderclap"],"picked":"Iron Wave+1","floor":41},{"not_picked":["Havoc","Clothesline+1"],"picked":"Shrug It Off+1","floor":44},{"not_picked":["Wild Strike","Bludgeon"],"picked":"Pommel Strike","floor":46},{"not_picked":["Blood for Blood+1","Clothesline+1"],"picked":"Heavy Blade+1","floor":47}],"player_experience":91930,"relics_obtained":[{"floor":6,"key":"Art of War"},{"floor":9,"key":"Dream Catcher"},{"floor":26,"key":"Mummified Hand"},{"floor":37,"key":"Juzu Bracelet"},{"floor":43,"key":"Darkstone Periapt"}],"event_choices":[{"damage_healed":0,"gold_gain":0,"player_choice":"Donut","damage_taken":0,"max_hp_gain":5,"max_hp_loss":0,"event_name":"Big Fish","floor":3,"gold_loss":0},{"damage_healed":0,"gold_gain":0,"player_choice":"Bought 0 Potions","damage_taken":0,"max_hp_gain":0,"max_hp_loss":0,"event_name":"The Woman in Blue","floor":11,"gold_loss":0},{"damage_healed":0,"gold_gain":0,"cards_transformed":["Strike_R"],"player_choice":"Transformed","damage_taken":0,"max_hp_gain":0,"max_hp_loss":0,"event_name":"Transmorgrifier","floor":14,"gold_loss":0,"cards_obtained":["Battle Trance"]},{"damage_healed":0,"gold_gain":0,"player_choice":"Ignored","damage_taken":0,"max_hp_gain":0,"max_hp_loss":0,"event_name":"Ghosts","floor":21,"gold_loss":0},{"cards_removed":["Heavy Blade"],"damage_healed":0,"gold_gain":0,"player_choice":"Elegance","damage_taken":0,"max_hp_gain":0,"max_hp_loss":0,"event_name":"Back to Basics","floor":28,"gold_loss":0},{"damage_healed":0,"gold_gain":99,"player_choice":"Stole From Cult","damage_taken":0,"max_hp_gain":0,"max_hp_loss":0,"event_name":"Nest","floor":31,"gold_loss":0},{"cards_removed":["Defend_R"],"damage_healed":0,"gold_gain":0,"player_choice":"Removed Skill","damage_taken":0,"max_hp_gain":0,"max_hp_loss":0,"event_name":"Falling","floor":36,"gold_loss":0},{"damage_healed":0,"gold_gain":0,"player_choice":"Cursed","damage_taken":0,"max_hp_gain":0,"max_hp_loss":0,"event_name":"Wheel of Change","floor":39,"gold_loss":0,"cards_obtained":["Decay"]}],"is_beta":false,"boss_relics":[{"not_picked":["White Beast Statue","Fusion Hammer"],"picked":"Astrolabe"},{"not_picked":["Pandora\u0027s Box","Black Blood"],"picked":"Velvet Choker"}],"items_purged_floors":[13,19,38],"is_endless":false,"potions_floor_spawned":[1,2,4,6,12,16,18,27,30,33,44,46],"killed_by":"Donu and Deca","ascension_level":1}