{"gold_per_floor":[110,35,35,35,51,51,81,91,91,105,105,125,151,151,151,151],"floor_reached":16,"playtime":374,"items_purged":["Defend_R"],"score":116,"play_id":"6f48e435-d58b-4c56-9cca-68404566fa55","local_time":"20190201165734","is_ascension_mode":true,"campfire_choices":[{"data":"Bash","floor":6,"key":"SMITH"},{"data":"Shrug It Off","floor":11,"key":"SMITH"},{"data":"Decay","floor":15,"key":"PURGE"}],"neow_cost":"NONE","seed_source_timestamp":33229858981521,"circlet_count":0,"master_deck":["Strike_R","Strike_R","Strike_R","Defend_R","Defend_R","Defend_R","Bash+1","Shrug It Off+1","Thunderclap"],"relics":["Burning Blood","Meat on the Bone","PreservedInsect","Peace Pipe"],"potions_floor_usage":[7,16,16],"damage_taken":[{"damage":2,"enemies":"2 Louse","floor":1,"turns":4},{"damage":5,"enemies":"Small Slimes","floor":5,"turns":3},{"damage":28,"enemies":"Gremlin Nob","floor":7,"turns":4},{"damage":0,"enemies":"Cultist","floor":8,"turns":3},{"damage":0,"enemies":"2 Fungi Beasts","floor":10,"turns":5},{"damage":2,"enemies":"Red Slaver","floor":12,"turns":3},{"damage":31,"enemies":"Lagavulin","floor":13,"turns":5},{"damage":59,"enemies":"Slime Boss","floor":16,"turns":8}],"seed_played":"-3842846332265025399","potions_obtained":[{"floor":5,"key":"Poison Potion"},{"floor":10,"key":"Explosive Potion"},{"floor":12,"key":"Explosive Potion"}],"is_trial":false,"path_per_floor":["M","$","?","?","M","R","E","M","T","M","R","M","E","?","R","B"],"character_chosen":"IRONCLAD","items_purchased":[],"campfire_rested":0,"item_purchase_floors":[],"current_hp_per_floor":[80,80,85,85,85,85,63,69,69,75,75,79,54,54,54,0],"gold":151,"neow_bonus":"REMOVE_CARD","is_prod":false,"is_daily":false,"chose_seed":false,"campfire_upgraded":2,"win_rate":0,"timestamp":1549047454,"path_taken":["M","$","?","?","?","R","E","M","T","M","R","M","E","?","R","BOSS"],"build_version":"2019-01-23","purchased_purges":1,"victory":false,"max_hp_per_floor":[80,80,85,85,85,85,85,85,85,85,85,85,85,85,85,85],"card_choices":[{"not_picked":["Wild Strike","Headbutt","Heavy Blade"],"picked":"SKIP","floor":1},{"not_picked":["Anger","Clothesline","Sword Boomerang"],"picked":"SKIP","floor":5},{"not_picked":["Flex","Barricade"],"picked":"Shrug It Off","floor":7},{"not_picked":["Perfected Strike","Blood for Blood","Shrug It Off"],"picked":"SKIP","floor":8},{"not_picked":["Carnage","Heavy Blade","Iron Wave"],"picked":"SKIP","floor":10},{"not_picked":["Perfected Strike","Havoc"],"picked":"Thunderclap","floor":12},{"not_picked":["Heavy Blade","Feel No Pain","Sentinel"],"picked":"SKIP","floor":13}],"player_experience":296106,"relics_obtained":[{"floor":7,"key":"Meat on the Bone"},{"floor":9,"key":"PreservedInsect"},{"floor":13,"key":"Peace Pipe"}],"event_choices":[{"damage_healed":0,"gold_gain":0,"player_choice":"Donut","damage_taken":0,"max_hp_gain":5,"max_hp_loss":0,"event_name":"Big Fish","floor":3,"gold_loss":0},{"cards_removed":["Strike_R"],"damage_healed":0,"gold_gain":0,"player_choice":"Offered Basic","damage_taken":0,"max_hp_gain":0,"max_hp_loss":0,"event_name":"Bonfire Elementals","floor":4,"gold_loss":0},{"damage_healed":0,"gold_gain":0,"player_choice":"Cursed","damage_taken":0,"max_hp_gain":0,"max_hp_loss":0,"event_name":"Wheel of Change","floor":14,"gold_loss":0,"cards_obtained":["Decay"]}],"is_beta":false,"boss_relics":[],"items_purged_floors":[2],"is_endless":false,"potions_floor_spawned":[5,10,12],"killed_by":"Slime Boss","ascension_level":1}