{"gold_per_floor":[115,35,35,35,53,53,79,79,79,40,57,86,86,151,151,251,251,262,362,372,56,71,71,71,89,89,12,12,37,37,48,48,148,148,166,184,109,129,229,229,243,243,243,243,273,290,23,40,40,40],"floor_reached":51,"playtime":9455,"items_purged":["Fusion"],"score":1036,"play_id":"c0d1da4c-4677-4dd3-bf24-0ca42f24857b","local_time":"20190212230505","is_ascension_mode":true,"campfire_choices":[{"data":"Storm","floor":6,"key":"SMITH"},{"data":"Hello World","floor":8,"key":"SMITH"},{"data":"White Noise","floor":15,"key":"SMITH"},{"data":"Echo Form","floor":23,"key":"SMITH"},{"data":"Heatsinks","floor":30,"key":"SMITH"},{"data":"Machine Learning","floor":32,"key":"SMITH"},{"data":"Double Energy","floor":40,"key":"SMITH"},{"data":"Defragment","floor":42,"key":"SMITH"},{"data":"Echo Form","floor":44,"key":"SMITH"},{"data":"Panache","floor":49,"key":"SMITH"}],"neow_cost":"NONE","seed_source_timestamp":114206899268953,"circlet_count":0,"master_deck":["Zap","Dualcast+1","Storm+1","Hello World+1","Reprogram","Thunder Strike","Defragment+1","Hologram","Force Field","White Noise+1","Echo Form+1","Streamline","Double Energy+1","Machine Learning+1","Coolheaded","Thunder Strike","Static Discharge","Rip and Tear","Self Repair","Defragment+1","Force Field","Steam","Loop","Heatsinks+1","Capacitor","Leap+1","Echo Form+1","White Noise+1","Chill","Leap","Defragment+1","Force Field+1","Panache+1","Defragment"],"relics":["Cracked Core","NeowsBlessing","Art of War","Pear","Question Card","Centennial Puzzle","Regal Pillow","Pandora\u0027s Box","Matryoshka","Kunai","Anchor","Cables","Prayer Wheel","Shuriken","Busted Crown","StoneCalendar","Pen Nib","Happy Flower","Letter Opener"],"potions_floor_usage":[16,16,16,29,29,38,38,45,50],"damage_taken":[{"damage":0,"enemies":"Jaw Worm","floor":1,"turns":1},{"damage":0,"enemies":"Small Slimes","floor":5,"turns":1},{"damage":0,"enemies":"3 Sentries","floor":7,"turns":1},{"damage":0,"enemies":"Cultist","floor":11,"turns":2},{"damage":32,"enemies":"Gremlin Nob","floor":12,"turns":4},{"damage":14,"enemies":"Gremlin Nob","floor":14,"turns":4},{"damage":0,"enemies":"Slime Boss","floor":16,"turns":5},{"damage":43,"enemies":"2 Thieves","floor":18,"turns":4},{"damage":9,"enemies":"Spheric Guardian","floor":20,"turns":3},{"damage":0,"enemies":"Snake Plant","floor":22,"turns":2},{"damage":6,"enemies":"3 Cultists","floor":25,"turns":4},{"damage":5,"enemies":"Slavers","floor":29,"turns":3},{"damage":8,"enemies":"Shelled Parasite and Fungi","floor":31,"turns":3},{"damage":0,"enemies":"Automaton","floor":33,"turns":5},{"damage":0,"enemies":"3 Darklings","floor":35,"turns":3},{"damage":1,"enemies":"Orb Walker","floor":36,"turns":2},{"damage":3,"enemies":"3 Darklings","floor":38,"turns":3},{"damage":0,"enemies":"Mind Bloom Boss Battle","floor":39,"turns":3},{"damage":0,"enemies":"Maw","floor":41,"turns":5},{"damage":5,"enemies":"Reptomancer","floor":45,"turns":3},{"damage":28,"enemies":"Writhing Mass","floor":46,"turns":3},{"damage":21,"enemies":"4 Shapes","floor":48,"turns":2},{"damage":20,"enemies":"Donu and Deca","floor":50,"turns":4}],"seed_played":"6430658403360741297","potions_obtained":[{"floor":1,"key":"Fire Potion"},{"floor":12,"key":"Explosive Potion"},{"floor":14,"key":"Explosive Potion"},{"floor":16,"key":"Dexterity Potion"},{"floor":18,"key":"SpeedPotion"},{"floor":25,"key":"Strength Potion"},{"floor":31,"key":"AttackPotion"},{"floor":35,"key":"EssenceOfSteel"},{"floor":36,"key":"LiquidBronze"},{"floor":45,"key":"Explosive Potion"}],"is_trial":false,"path_per_floor":["M","$","?","?","M","R","E","R","T","$","M","E","?","?","R","B",null,"M","?","M","$","M","R","?","M","T","$","?","E","R","M","R","B",null,"M","M","$","M","?","R","M","R","T","R","E","M","$","M","R","B",null],"character_chosen":"DEFECT","items_purchased":["Hello World","Defragment","Matryoshka","Force Field","Loop","Panache","Defragment","Weak Potion"],"campfire_rested":0,"item_purchase_floors":[2,10,21,21,27,47,47,47],"current_hp_per_floor":[68,68,61,46,46,46,56,56,56,56,56,24,52,38,38,38,73,30,30,28,28,28,28,28,29,29,29,29,31,31,30,30,37,73,73,79,79,83,85,85,85,85,85,85,85,64,64,43,43,30],"gold":40,"neow_bonus":"THREE_ENEMY_KILL","is_prod":false,"is_daily":false,"chose_seed":false,"campfire_upgraded":10,"win_rate":0,"timestamp":1550009105,"path_taken":["M","$","?","?","?","R","E","R","T","$","M","E","?","?","R","BOSS","M","?","M","$","?","R","?","?","T","$","?","E","R","M","R","BOSS","M","?","$","M","?","R","M","R","T","R","E","M","$","M","R","BOSS"],"build_version":"2019-01-23","purchased_purges":1,"victory":true,"max_hp_per_floor":[75,75,75,75,75,75,85,85,85,85,85,85,85,85,85,85,85,85,85,85,85,85,85,85,85,85,85,85,85,85,85,85,85,85,85,85,85,85,85,85,85,85,85,85,85,85,85,85,85,85],"card_choices":[{"not_picked":["Barrage","Coolheaded"],"picked":"Storm","floor":1},{"not_picked":["Skim","Stack"],"picked":"Reprogram","floor":5},{"not_picked":["Rebound","Reinforced Body"],"picked":"Thunder Strike","floor":7},{"not_picked":["Double Energy","Steam Power","Streamline"],"picked":"Hologram","floor":11},{"not_picked":["Scrape","Barrage","Steam"],"picked":"Force Field","floor":12},{"not_picked":["Compile Driver","Steam","Static Discharge"],"picked":"White Noise","floor":14},{"not_picked":["Amplify","Buffer","Multi-Cast"],"picked":"Echo Form","floor":16},{"not_picked":["Ball Lightning","Scrape+1","Barrage"],"picked":"Self Repair","floor":18},{"not_picked":["Rebound","Loop","Skim"],"picked":"Defragment+1","floor":20},{"not_picked":["Cold Snap","Coolheaded","Gash","Melter+1"],"picked":"SKIP","floor":22},{"not_picked":["Coolheaded","Gash","Core Surge"],"picked":"Steam","floor":25},{"not_picked":["Cold Snap","Turbo+1","Redo"],"picked":"Heatsinks","floor":29},{"not_picked":["BootSequence+1","Chill","Undo"],"picked":"Capacitor","floor":31},{"not_picked":["Cold Snap","Meteor Strike","Rebound"],"picked":"Leap+1","floor":31},{"not_picked":["Meteor Strike","Seek","All For One"],"picked":"Echo Form","floor":33},{"not_picked":["Cold Snap+1","Stack"],"picked":"SKIP","floor":35},{"not_picked":["Cold Snap+1","Tempest"],"picked":"SKIP","floor":35},{"not_picked":["Defragment+1"],"picked":"White Noise+1","floor":36},{"not_picked":["Sweeping Beam+1","BootSequence+1"],"picked":"SKIP","floor":36},{"not_picked":["Barrage+1"],"picked":"Chill","floor":38},{"not_picked":["Sunder+1"],"picked":"Leap","floor":38},{"not_picked":["Go for the Eyes+1"],"picked":"Defragment+1","floor":41},{"not_picked":["Aggregate+1"],"picked":"Force Field+1","floor":41},{"not_picked":["Beam Cell+1","Gash"],"picked":"SKIP","floor":45},{"not_picked":["Cold Snap","Barrage+1"],"picked":"SKIP","floor":46},{"not_picked":["Rip and Tear+1","Lockon+1"],"picked":"SKIP","floor":46},{"not_picked":["Consume","Conserve Battery+1"],"picked":"SKIP","floor":48},{"not_picked":["Amplify","Chaos"],"picked":"SKIP","floor":48}],"player_experience":148264,"relics_obtained":[{"floor":7,"key":"Pear"},{"floor":9,"key":"Question Card"},{"floor":12,"key":"Centennial Puzzle"},{"floor":24,"key":"Kunai"},{"floor":26,"key":"Anchor"},{"floor":26,"key":"Cables"},{"floor":29,"key":"Shuriken"},{"floor":39,"key":"StoneCalendar"},{"floor":43,"key":"Pen Nib"},{"floor":43,"key":"Happy Flower"},{"floor":45,"key":"Letter Opener"}],"event_choices":[{"damage_healed":0,"gold_gain":0,"player_choice":"Success","damage_taken":7,"relics_obtained":["Art of War"],"max_hp_gain":0,"max_hp_loss":0,"event_name":"Scrap Ooze","floor":3,"gold_loss":0},{"damage_healed":0,"gold_gain":0,"player_choice":"Entered Light","damage_taken":15,"max_hp_gain":0,"max_hp_loss":0,"event_name":"Shining Light","floor":4,"gold_loss":0,"cards_upgraded":["Defend_B","Dualcast"]},{"damage_healed":28,"gold_gain":0,"player_choice":"Banana","damage_taken":0,"max_hp_gain":0,"max_hp_loss":0,"event_name":"Big Fish","floor":13,"gold_loss":0},{"damage_healed":0,"gold_gain":0,"player_choice":"Searched \u00273\u0027 times","damage_taken":0,"relics_obtained":["Regal Pillow"],"max_hp_gain":0,"max_hp_loss":0,"event_name":"Dead Adventurer","floor":14,"gold_loss":0},{"damage_healed":0,"gold_gain":100,"player_choice":"Pray","damage_taken":0,"max_hp_gain":0,"max_hp_loss":0,"event_name":"Golden Shrine","floor":19,"gold_loss":0},{"damage_healed":0,"gold_gain":0,"player_choice":"Relic","damage_taken":0,"max_hp_gain":0,"max_hp_loss":0,"event_name":"Wheel of Change","floor":24,"gold_loss":0},{"damage_healed":0,"gold_gain":0,"player_choice":"Gave Potion","damage_taken":0,"relics_obtained":["Prayer Wheel"],"max_hp_gain":0,"max_hp_loss":0,"event_name":"WeMeetAgain","floor":28,"gold_loss":0},{"damage_healed":0,"gold_gain":0,"player_choice":"Fight","damage_taken":0,"max_hp_gain":0,"max_hp_loss":0,"event_name":"MindBloom","floor":39,"gold_loss":0}],"is_beta":false,"boss_relics":[{"not_picked":["Runic Pyramid","Sozu"],"picked":"Pandora\u0027s Box"},{"not_picked":["Velvet Choker","Orrery"],"picked":"Busted Crown"}],"items_purged_floors":[37],"is_endless":false,"potions_floor_spawned":[1,12,14,16,18,25,31,35,36,45],"ascension_level":6}