{"gold_per_floor":[115,290,290,162,175,175,175,209,209,220,233,233,246,256,256,359,659,676,676,90,110,25,25,60,60,60,93,93,93,93,14,14,110,110,123,170,190,204,204,204,231,256,256,285,285,285,305,67,67,67],"floor_reached":51,"playtime":1883,"items_purged":["Normality"],"score":1236,"play_id":"f30a1eec-7388-4412-96b4-272f316cd4e0","local_time":"20181210214204","daily_mods":["SealedDeck","Cursed Run"],"is_ascension_mode":true,"campfire_choices":[{"data":"Footwork","floor":6,"key":"SMITH"},{"data":"Cloak And Dagger","floor":12,"key":"SMITH"},{"data":"Footwork","floor":15,"key":"SMITH"},{"data":"Adrenaline","floor":23,"key":"SMITH"},{"data":"Backflip","floor":25,"key":"SMITH"},{"floor":28,"key":"REST"},{"data":"Leg Sweep","floor":32,"key":"SMITH"},{"data":"Limit Break","floor":40,"key":"SMITH"},{"floor":46,"key":"REST"},{"floor":49,"key":"REST"}],"neow_cost":"","seed_source_timestamp":0,"circlet_count":0,"master_deck":["Flechettes","Deflect","Deflect","Leg Sweep+1","Backstab","Sucker Punch","Dagger Throw","Backflip+1","Footwork+1","Footwork+1","Quick Slash","Doubt","Dagger Spray","Caltrops","Backstab","Writhe","Cloak And Dagger+1","Doubt","Backflip","Cloak And Dagger","Predator+1","Deflect","Injury","Adrenaline+1","Regret","Decay","PiercingWail","Dagger Throw+1","Rebound+1","Inflame+1","Well Laid Plans","Doubt","Limit Break+1","Infinite Blades+1","Seeing Red","Outmaneuver+1","Doubt","Clumsy","Blade Dance+1","Writhe","Deflect+1","Dagger Spray+1","Decay"],"relics":["Cursed Key","Darkstone Periapt","Du-Vu Doll","Pear","Bottled Lightning","Letter Opener","Molten Egg 2","Calling Bell","Omamori","Paper Crane","Old Coin","MutagenicStrength","PrismaticShard","Bronze Scales","Happy Flower","Question Card","Singing Bowl","Sundial","Strawberry","Enchiridion","Blue Candle","HoveringKite","Tough Bandages","Mummified Hand","Oddly Smooth Stone","Toxic Egg 2","Pantograph","Bag of Marbles"],"potions_floor_usage":[41,41,41,44],"damage_taken":[{"damage":0,"enemies":"2 Louse","floor":1,"turns":2},{"damage":0,"enemies":"Jaw Worm","floor":5,"turns":2},{"damage":4,"enemies":"3 Sentries","floor":8,"turns":5},{"damage":0,"enemies":"Cultist","floor":10,"turns":2},{"damage":0,"enemies":"3 Louse","floor":11,"turns":2},{"damage":0,"enemies":"Large Slime","floor":13,"turns":4},{"damage":0,"enemies":"2 Fungi Beasts","floor":14,"turns":2},{"damage":23,"enemies":"Hexaghost","floor":16,"turns":8},{"damage":6,"enemies":"Shell Parasite","floor":18,"turns":3},{"damage":5,"enemies":"3 Byrds","floor":21,"turns":1},{"damage":15,"enemies":"Slavers","floor":24,"turns":4},{"damage":28,"enemies":"Gremlin Leader","floor":27,"turns":5},{"damage":36,"enemies":"Collector","floor":33,"turns":7},{"damage":6,"enemies":"3 Shapes","floor":35,"turns":3},{"damage":3,"enemies":"2 Orb Walkers","floor":36,"turns":2},{"damage":16,"enemies":"3 Darklings","floor":37,"turns":4},{"damage":23,"enemies":"Maw","floor":38,"turns":6},{"damage":34,"enemies":"Reptomancer","floor":41,"turns":5},{"damage":25,"enemies":"Giant Head","floor":44,"turns":6},{"damage":1,"enemies":"Writhing Mass","floor":47,"turns":3},{"damage":14,"enemies":"Donu and Deca","floor":50,"turns":5}],"seed_played":"-8474098362741907084","potions_obtained":[{"floor":1,"key":"Dexterity Potion"},{"floor":5,"key":"Poison Potion"},{"floor":11,"key":"SpeedPotion"},{"floor":13,"key":"AttackPotion"},{"floor":18,"key":"Block Potion"},{"floor":41,"key":"SkillPotion"},{"floor":44,"key":"PowerPotion"},{"floor":47,"key":"FearPotion"}],"is_trial":true,"path_per_floor":["M","?","?","$","M","R","T","E","T","M","M","R","M","M","R","B",null,"M","?","$","M","?","R","E","R","T","E","R","?","?","$","R","B",null,"M","?","M","M","?","R","E","T","T","E","?","R","M","$","R","B",null],"character_chosen":"THE_SILENT","items_purchased":["Dagger Spray","Caltrops","PrismaticShard","Bronze Scales","Happy Flower","Well Laid Plans","Deflect+1","Bag of Marbles","Dagger Spray+1"],"campfire_rested":3,"item_purchase_floors":[4,4,20,20,20,31,48,48,48],"current_hp_per_floor":[70,76,74,74,74,74,80,76,82,82,82,82,82,82,82,65,112,106,106,106,101,101,101,86,86,86,65,103,87,87,87,87,57,116,110,109,95,72,72,72,38,44,50,25,69,116,117,117,159,151],"gold":67,"neow_bonus":"","is_prod":false,"is_daily":false,"chose_seed":false,"campfire_upgraded":7,"win_rate":0,"timestamp":1544485324,"path_taken":["M","?","?","$","M","R","?","E","T","?","M","R","M","M","R","BOSS","M","?","$","M","?","R","E","R","T","E","R","?","?","?","R","BOSS","M","?","M","M","?","R","E","?","T","E","?","R","?","?","R","BOSS"],"build_version":"2018-12-06","purchased_purges":1,"victory":true,"max_hp_per_floor":[70,76,86,86,86,86,92,92,98,98,98,98,98,98,98,104,122,122,122,122,122,122,122,122,122,122,129,129,129,129,129,129,135,135,135,137,139,139,139,139,139,145,151,151,157,157,159,159,159,165],"card_choices":[{"not_picked":["Acrobatics","Bouncing Flask"],"picked":"Quick Slash","floor":1},{"not_picked":["Quick Slash","Underhanded Strike"],"picked":"Backstab","floor":5},{"not_picked":["Riddle With Holes","Infinite Blades"],"picked":"Cloak And Dagger","floor":8},{"not_picked":["Dodge and Roll","Crippling Poison"],"picked":"Backflip","floor":10},{"not_picked":["Flying Knee+1","Wraith Form v2"],"picked":"Cloak And Dagger","floor":11},{"not_picked":["Dagger Spray+1","Prepared"],"picked":"Predator+1","floor":13},{"not_picked":["Acrobatics","Underhanded Strike+1"],"picked":"Deflect","floor":14},{"not_picked":["Tools of the Trade","Doppelganger"],"picked":"Adrenaline","floor":16},{"not_picked":["Flying Knee+1","Underhanded Strike+1"],"picked":"PiercingWail","floor":18},{"not_picked":["Corruption+1","Compile Driver+1"],"picked":"Dagger Throw+1","floor":21},{"not_picked":["Concentrate+1","Static Discharge","Storm"],"picked":"Rebound+1","floor":24},{"not_picked":["Thunderclap+1","The Bomb","Bane+1"],"picked":"Inflame+1","floor":27},{"not_picked":["Doppelganger","Buffer","Violence"],"picked":"Limit Break","floor":33},{"not_picked":["Bouncing Flask+1","Dual Wield","Iron Wave+1"],"picked":"Infinite Blades+1","floor":35},{"not_picked":["Self Repair","Jack Of All Trades+1","Rampage+1","Intimidate"],"picked":"Singing Bowl","floor":36},{"not_picked":["Barrage+1","Burning Pact+1","Dagger Spray+1","Dagger Throw+1"],"picked":"Singing Bowl","floor":37},{"not_picked":["Anger+1","Intimidate+1","Infernal Blade+1"],"picked":"Seeing Red","floor":38},{"not_picked":["Flex+1","Sword Boomerang+1","Transmutation"],"picked":"Outmaneuver+1","floor":41},{"not_picked":["Ball Lightning+1","Swift Strike+1","Rip and Tear+1"],"picked":"Blade Dance+1","floor":44},{"not_picked":["Body Slam+1","Flex+1","Pummel+1","Clash+1"],"picked":"Singing Bowl","floor":47}],"player_experience":227026,"relics_obtained":[{"floor":7,"key":"Bottled Lightning"},{"floor":8,"key":"Letter Opener"},{"floor":9,"key":"Molten Egg 2"},{"floor":17,"key":"Omamori"},{"floor":17,"key":"Paper Crane"},{"floor":17,"key":"Old Coin"},{"floor":24,"key":"Singing Bowl"},{"floor":26,"key":"Sundial"},{"floor":27,"key":"Strawberry"},{"floor":29,"key":"Enchiridion"},{"floor":36,"key":"Tough Bandages"},{"floor":41,"key":"Mummified Hand"},{"floor":42,"key":"Oddly Smooth Stone"},{"floor":43,"key":"Toxic Egg 2"},{"floor":44,"key":"Pantograph"}],"event_choices":[{"damage_healed":0,"gold_gain":175,"player_choice":"AGREE","damage_taken":0,"max_hp_gain":0,"max_hp_loss":0,"event_name":"Liars Game","floor":2,"gold_loss":0,"cards_obtained":["Doubt"]},{"damage_healed":0,"gold_gain":0,"player_choice":"Success","damage_taken":12,"relics_obtained":["Pear"],"max_hp_gain":0,"max_hp_loss":0,"event_name":"Scrap Ooze","floor":3,"gold_loss":0},{"damage_healed":0,"gold_gain":0,"player_choice":"Inject Mutagens","damage_taken":0,"relics_obtained":["MutagenicStrength"],"max_hp_gain":0,"max_hp_loss":0,"event_name":"Drug Dealer","floor":19,"gold_loss":0},{"damage_healed":0,"gold_gain":0,"player_choice":"Obtained Relic","damage_taken":0,"relics_obtained":["Question Card"],"max_hp_gain":0,"max_hp_loss":0,"event_name":"Addict","floor":22,"gold_loss":85},{"damage_healed":0,"gold_gain":0,"player_choice":"Obtained Book","damage_taken":16,"max_hp_gain":0,"max_hp_loss":0,"event_name":"Cursed Tome","floor":29,"gold_loss":0},{"damage_healed":0,"gold_gain":0,"player_choice":"Opened","damage_taken":0,"relics_obtained":["Blue Candle"],"max_hp_gain":0,"max_hp_loss":0,"event_name":"The Mausoleum","floor":30,"gold_loss":0,"cards_obtained":["Writhe"]},{"damage_healed":0,"gold_gain":0,"player_choice":"Fight","damage_taken":0,"max_hp_gain":0,"max_hp_loss":0,"event_name":"Mysterious Sphere","floor":36,"gold_loss":0},{"damage_healed":0,"gold_gain":0,"player_choice":"Ignored","damage_taken":0,"max_hp_gain":0,"max_hp_loss":0,"event_name":"Tomb of Lord Red Mask","floor":39,"gold_loss":0},{"damage_healed":38,"gold_gain":0,"player_choice":"Writhe","damage_taken":0,"max_hp_gain":0,"max_hp_loss":0,"event_name":"Winding Halls","floor":45,"gold_loss":0,"cards_obtained":["Writhe"]}],"is_beta":false,"boss_relics":[{"not_picked":["Busted Crown","Velvet Choker"],"picked":"Calling Bell"},{"not_picked":["Eternal Feather","WristBlade"],"picked":"HoveringKite"}],"items_purged_floors":[20],"is_endless":false,"potions_floor_spawned":[1,5,11,13,18,24,27,35,41,44,47],"ascension_level":5}