{"gold_per_floor":[114,38,38,58,58,58,83,83,83,83,97,114,20,35,35,114,114,128,48],"floor_reached":19,"playtime":867,"items_purged":[],"score":317,"play_id":"d956ef92-0793-4177-8784-72c99efdd222","local_time":"20190101220547","is_ascension_mode":true,"campfire_choices":[{"data":"Footwork","floor":6,"key":"SMITH"},{"floor":8,"key":"REST"},{"data":"Dagger Spray","floor":10,"key":"SMITH"},{"data":"Predator","floor":15,"key":"SMITH"}],"neow_cost":"NONE","seed_source_timestamp":785557510759477,"circlet_count":0,"master_deck":["AscendersBane","Defend_G","Defend_G","Defend_G","Defend_G","Defend_G","Strike_G","Strike_G","Strike_G","Strike_G","Survivor","Neutralize+1","Choke","Footwork+1","Dagger Spray+1","Predator+1","Infinite Blades","Deflect","Envenom","Riddle With Holes+1"],"relics":["Ring of the Snake","Darkstone Periapt","Gremlin Horn","Velvet Choker"],"potions_floor_usage":[7,16,16,18],"damage_taken":[{"damage":0,"enemies":"2 Louse","floor":1,"turns":4},{"damage":5,"enemies":"Jaw Worm","floor":4,"turns":7},{"damage":40,"enemies":"Lagavulin","floor":7,"turns":10},{"damage":0,"enemies":"Cultist","floor":11,"turns":3},{"damage":0,"enemies":"3 Louse","floor":12,"turns":2},{"damage":0,"enemies":"Lots of Slimes","floor":14,"turns":1},{"damage":9,"enemies":"Hexaghost","floor":16,"turns":10},{"damage":23,"enemies":"Shell Parasite","floor":18,"turns":4},{"damage":15,"enemies":"2 Thieves","floor":19,"turns":3}],"seed_played":"-8685179664884892746","potions_obtained":[{"floor":4,"key":"Poison Potion"},{"floor":11,"key":"Strength Potion"},{"floor":16,"key":"Energy Potion"}],"is_trial":false,"path_per_floor":["M","$","?","M","?","R","E","R","T","R","M","M","$","M","R","B",null,"M","M"],"character_chosen":"THE_SILENT","items_purchased":["Footwork","Infinite Blades","SpeedPotion"],"campfire_rested":1,"item_purchase_floors":[2,13,13],"current_hp_per_floor":[59,59,59,54,54,54,14,33,33,33,33,33,33,33,33,24,56,33,18],"gold":48,"neow_bonus":"UPGRADE_CARD","is_prod":false,"is_daily":false,"chose_seed":false,"campfire_upgraded":3,"win_rate":0,"timestamp":1546405547,"path_taken":["M","$","?","M","?","R","E","R","T","R","M","?","$","M","R","BOSS","M","M"],"build_version":"2019-01-01","purchased_purges":0,"victory":false,"max_hp_per_floor":[66,66,66,66,66,66,66,66,66,66,66,66,66,66,66,66,66,66,66],"card_choices":[{"not_picked":["Outmaneuver","Expertise"],"picked":"Choke","floor":1},{"not_picked":["Backflip","Catalyst","Finisher"],"picked":"SKIP","floor":4},{"not_picked":["Grand Finale","Skewer"],"picked":"Dagger Spray","floor":7},{"not_picked":["Flying Knee","Blade Dance","Terror"],"picked":"SKIP","floor":11},{"not_picked":["Flying Knee","Blade Dance","Terror"],"picked":"SKIP","floor":11},{"not_picked":["Backflip","Eviscerate"],"picked":"Predator","floor":12},{"not_picked":["Prepared","Sucker Punch"],"picked":"Deflect","floor":14},{"not_picked":["Tools of the Trade","Wraith Form v2"],"picked":"Envenom","floor":16},{"not_picked":["Dagger Throw","Deflect"],"picked":"Riddle With Holes+1","floor":18}],"player_experience":1184954,"relics_obtained":[{"floor":7,"key":"Darkstone Periapt"},{"floor":9,"key":"Gremlin Horn"}],"event_choices":[{"damage_healed":0,"gold_gain":0,"player_choice":"Ignored","damage_taken":0,"max_hp_gain":0,"max_hp_loss":0,"event_name":"Liars Game","floor":3,"gold_loss":0},{"cards_removed":["Strike_G"],"damage_healed":0,"gold_gain":0,"player_choice":"Card Removal","damage_taken":0,"max_hp_gain":0,"max_hp_loss":0,"event_name":"Wheel of Change","floor":5,"gold_loss":0}],"is_beta":true,"boss_relics":[{"not_picked":["Tiny House","Ring of the Serpent"],"picked":"Velvet Choker"}],"items_purged_floors":[],"is_endless":false,"potions_floor_spawned":[4,11,16],"killed_by":"2 Thieves","ascension_level":18}