{"gold_per_floor":[212,224,84,94,107,107,107,137,164,224,251,25,52,65,65,160,160,178,193,211,211,34,59,59,89,89,89,109,125,157,157,157,254,254,267,287,301,43,43,70,70,97,124,124,139,174,188,222,222,222,222,222,16,42,42],"floor_reached":56,"playtime":3008,"items_purged":["Strike_G","Strike_G","Strike_G"],"score":1561,"play_id":"fe66c105-e78c-44f6-842a-7ec6562852d2","local_time":"20181104140758","is_ascension_mode":true,"campfire_choices":[{"data":"Bouncing Flask","floor":6,"key":"SMITH"},{"data":"Catalyst","floor":15,"key":"SMITH"},{"floor":24,"key":"RECALL"},{"data":"Cloak And Dagger","floor":27,"key":"SMITH"},{"data":"Bouncing Flask","floor":32,"key":"SMITH"},{"data":"After Image","floor":44,"key":"SMITH"},{"data":"Neutralize","floor":49,"key":"SMITH"},{"data":"Well Laid Plans","floor":52,"key":"SMITH"}],"neow_cost":"NONE","seed_source_timestamp":699256727768456,"circlet_count":0,"master_deck":["Defend_G","Defend_G","Defend_G","Defend_G","Defend_G","Strike_G+1","Survivor+1","Neutralize+1","Infinite Blades","Slice","After Image+1","Bouncing Flask+1","Cloak And Dagger+1","Bane+1","Leg Sweep+1","Bouncing Flask+1","Catalyst+1","Poisoned Stab","Cloak And Dagger+1","Corpse Explosion","PiercingWail+1","Well Laid Plans+1","Footwork","Dodge and Roll","Adrenaline","Cloak And Dagger+1","Deflect+1","Flash of Steel"],"relics":["Ring of the Snake","PreservedInsect","Snake Skull","Oddly Smooth Stone","The Specimen","Mercury Hourglass","Busted Crown","Kunai","Centennial Puzzle","War Paint","Black Star","ClockworkSouvenir","Anchor","Lantern","Shuriken","Meat on the Bone","Ancient Tea Set","Blood Vial","Whetstone","Ninja Scroll","Gremlin Horn","Toxic Egg 2","Blue Candle"],"potions_floor_usage":[8,10,13,19,33,37,55],"damage_taken":[{"damage":0,"enemies":"2 Louse","floor":1,"turns":4},{"damage":1,"enemies":"Jaw Worm","floor":2,"turns":6},{"damage":1,"enemies":"Small Slimes","floor":4,"turns":5},{"damage":1,"enemies":"Exordium Thugs","floor":5,"turns":6},{"damage":10,"enemies":"3 Sentries","floor":8,"turns":8},{"damage":11,"enemies":"3 Sentries","floor":10,"turns":7},{"damage":3,"enemies":"Lagavulin","floor":11,"turns":4},{"damage":0,"enemies":"3 Sentries","floor":13,"turns":5},{"damage":0,"enemies":"2 Fungi Beasts","floor":14,"turns":3},{"damage":11,"enemies":"Hexaghost","floor":16,"turns":6},{"damage":1,"enemies":"Shell Parasite","floor":18,"turns":3},{"damage":0,"enemies":"2 Thieves","floor":19,"turns":2},{"damage":0,"enemies":"Centurion and Healer","floor":20,"turns":3},{"damage":2,"enemies":"Book of Stabbing","floor":23,"turns":4},{"damage":16,"enemies":"Gremlin Leader","floor":25,"turns":6},{"damage":5,"enemies":"Snake Plant","floor":28,"turns":4},{"damage":0,"enemies":"Snecko","floor":29,"turns":3},{"damage":3,"enemies":"Book of Stabbing","floor":30,"turns":4},{"damage":0,"enemies":"Automaton","floor":33,"turns":8},{"damage":0,"enemies":"Orb Walker","floor":35,"turns":4},{"damage":1,"enemies":"3 Shapes","floor":36,"turns":2},{"damage":0,"enemies":"Writhing Mass","floor":37,"turns":3},{"damage":0,"enemies":"Giant Head","floor":40,"turns":8},{"damage":0,"enemies":"Reptomancer","floor":42,"turns":5},{"damage":0,"enemies":"Jaw Worm Horde","floor":45,"turns":3},{"damage":17,"enemies":"Giant Head","floor":46,"turns":6},{"damage":0,"enemies":"4 Shapes","floor":47,"turns":3},{"damage":0,"enemies":"Reptomancer","floor":48,"turns":5},{"damage":2,"enemies":"Time Eater","floor":50,"turns":14},{"damage":26,"enemies":"Shield and Spear","floor":54,"turns":4},{"damage":12,"enemies":"The Heart","floor":55,"turns":9}],"seed_played":"27116682938523762","potions_obtained":[{"floor":1,"key":"PowerPotion"},{"floor":5,"key":"EssenceOfSteel"},{"floor":10,"key":"AttackPotion"},{"floor":16,"key":"EssenceOfSteel"},{"floor":20,"key":"SpeedPotion"},{"floor":28,"key":"Weak Potion"},{"floor":29,"key":"Explosive Potion"},{"floor":37,"key":"Swift Potion"},{"floor":47,"key":"Fire Potion"},{"floor":54,"key":"Regen Potion"}],"is_trial":false,"path_per_floor":["M","M","$","M","M","R","?","E","T","?","E","$","E","M","R","B",null,"M","M","M","?","$","E","R","E","T","R","M","M","E","?","R","B",null,"M","M","M","$","?","E","?","E","T","R","M","E","M","E","R","B",null,"R","$","E","B",null],"character_chosen":"THE_SILENT","items_purchased":["After Image","Bouncing Flask","Catalyst","Footwork","ClockworkSouvenir","Swift Potion","Flash of Steel"],"campfire_rested":0,"item_purchase_floors":[3,12,12,22,38,38,53],"current_hp_per_floor":[70,69,69,68,67,67,72,62,62,51,48,48,48,48,48,37,75,74,74,74,74,74,72,72,56,56,56,51,51,48,48,48,48,75,75,74,74,74,74,74,74,74,74,74,74,57,59,61,61,61,75,75,75,49,54],"gold":42,"neow_bonus":"HUNDRED_GOLD","is_prod":false,"is_daily":false,"chose_seed":true,"campfire_upgraded":7,"win_rate":0,"timestamp":1541365678,"path_taken":["M","M","$","M","M","R","?","E","T","?","E","$","E","M","R","BOSS","M","M","M","?","$","E","R","E","T","R","M","M","E","?","R","BOSS","M","M","M","$","?","E","?","E","T","R","?","E","M","E","R","BOSS","R","$","E","BOSS"],"build_version":"2018-11-02","purchased_purges":3,"victory":true,"max_hp_per_floor":[70,70,70,70,70,70,75,75,75,75,75,75,75,75,75,75,75,75,75,75,75,75,75,75,75,75,75,75,75,75,75,75,75,75,75,75,75,75,75,75,75,75,75,75,75,75,75,75,75,75,75,75,75,75,75],"card_choices":[{"not_picked":["Escape Plan","Finisher"],"picked":"Infinite Blades","floor":1},{"not_picked":["Prepared","Masterful Stab"],"picked":"Slice","floor":2},{"not_picked":["Expertise","Backstab"],"picked":"Bouncing Flask","floor":4},{"not_picked":["Quick Slash","Caltrops"],"picked":"Cloak And Dagger","floor":5},{"not_picked":["Skewer","Flying Knee"],"picked":"Bane","floor":8},{"not_picked":["Slice","Blade Dance"],"picked":"Leg Sweep","floor":10},{"not_picked":["Blade Dance","Skewer","Venomology"],"picked":"SKIP","floor":11},{"not_picked":["Blade Dance","Skewer","Venomology"],"picked":"SKIP","floor":11},{"not_picked":["Choke","Flying Knee"],"picked":"Poisoned Stab","floor":13},{"not_picked":["Deadly Poison","PiercingWail"],"picked":"Cloak And Dagger","floor":14},{"not_picked":["Unload","Malaise"],"picked":"Corpse Explosion","floor":16},{"not_picked":[],"picked":"PiercingWail+1","floor":18},{"not_picked":["Quick Slash"],"picked":"SKIP","floor":19},{"not_picked":["Tactician"],"picked":"SKIP","floor":20},{"not_picked":["Dagger Throw"],"picked":"SKIP","floor":23},{"not_picked":["Quick Slash"],"picked":"SKIP","floor":25},{"not_picked":[],"picked":"Dodge and Roll","floor":28},{"not_picked":["Slice"],"picked":"SKIP","floor":29},{"not_picked":["Poisoned Stab"],"picked":"SKIP","floor":30},{"not_picked":[],"picked":"Adrenaline","floor":33},{"not_picked":["Prepared"],"picked":"SKIP","floor":35},{"not_picked":[],"picked":"Cloak And Dagger+1","floor":36},{"not_picked":[],"picked":"Deflect+1","floor":37},{"not_picked":["Masterful Stab+1"],"picked":"SKIP","floor":40},{"not_picked":["Outmaneuver+1"],"picked":"SKIP","floor":42},{"not_picked":["Outmaneuver"],"picked":"SKIP","floor":45},{"not_picked":["Dagger Spray"],"picked":"SKIP","floor":46},{"not_picked":["Dagger Spray"],"picked":"SKIP","floor":46},{"not_picked":["Well Laid Plans+1"],"picked":"SKIP","floor":47},{"not_picked":["Quick Slash+1"],"picked":"SKIP","floor":48},{"not_picked":["Well Laid Plans+1"],"picked":"SKIP","floor":54}],"player_experience":1098063,"relics_obtained":[{"floor":8,"key":"PreservedInsect"},{"floor":9,"key":"Snake Skull"},{"floor":10,"key":"Oddly Smooth Stone"},{"floor":11,"key":"The Specimen"},{"floor":13,"key":"Mercury Hourglass"},{"floor":23,"key":"Kunai"},{"floor":25,"key":"Centennial Puzzle"},{"floor":30,"key":"War Paint"},{"floor":40,"key":"Anchor"},{"floor":40,"key":"Lantern"},{"floor":42,"key":"Shuriken"},{"floor":42,"key":"Meat on the Bone"},{"floor":43,"key":"Ancient Tea Set"},{"floor":46,"key":"Blood Vial"},{"floor":46,"key":"Whetstone"},{"floor":48,"key":"Ninja Scroll"},{"floor":48,"key":"Gremlin Horn"},{"floor":54,"key":"Toxic Egg 2"},{"floor":54,"key":"Blue Candle"}],"event_choices":[{"damage_healed":0,"gold_gain":0,"player_choice":"Donut","damage_taken":0,"max_hp_gain":5,"max_hp_loss":0,"event_name":"Big Fish","floor":7,"gold_loss":0},{"damage_healed":0,"gold_gain":0,"player_choice":"Searched \u00271\u0027 times","damage_taken":0,"max_hp_gain":0,"max_hp_loss":0,"event_name":"Dead Adventurer","floor":10,"gold_loss":0},{"damage_healed":0,"gold_gain":0,"player_choice":"Read","damage_taken":0,"max_hp_gain":0,"max_hp_loss":0,"event_name":"The Library","floor":21,"gold_loss":0,"cards_obtained":["Well Laid Plans"]},{"damage_healed":0,"gold_gain":0,"player_choice":"Forge","damage_taken":0,"max_hp_gain":0,"max_hp_loss":0,"event_name":"Accursed Blacksmith","floor":31,"gold_loss":0,"cards_upgraded":["Cloak And Dagger"]},{"damage_healed":0,"gold_gain":0,"player_choice":"Memory 1","damage_taken":0,"max_hp_gain":0,"max_hp_loss":0,"event_name":"SensoryStone","floor":39,"gold_loss":0},{"cards_removed":["Strike_G"],"damage_healed":0,"gold_gain":0,"player_choice":"Purged","damage_taken":0,"max_hp_gain":0,"max_hp_loss":0,"event_name":"Purifier","floor":41,"gold_loss":0}],"is_beta":true,"boss_relics":[{"not_picked":["Runic Pyramid","Calling Bell"],"picked":"Busted Crown"},{"not_picked":["Philosopher\u0027s Stone","Fusion Hammer"],"picked":"Black Star"}],"items_purged_floors":[12,22,53],"is_endless":false,"potions_floor_spawned":[1,5,10,16,20,28,29,30,37,40,47,54],"ascension_level":1}