{"path_per_floor":["M","M","?","M","M","R","E","R","T","T","?","M","M","?","R","B",null,"M","?","?","$","M","R","M","M","T","M","$","M","R","E","R","B",null,"M","M","?","$","?","R","M","M","T","M","M","R","?","?","R","B"],"character_chosen":"IRONCLAD","items_purchased":["War Paint","Anchor","Shrug It Off","Dexterity Potion","Dexterity Potion","Feel No Pain","Block Potion"],"gold_per_floor":[19,29,29,41,58,58,87,87,87,387,387,405,421,421,421,495,495,508,508,558,334,351,351,364,384,384,397,0,16,16,48,48,125,125,137,147,147,28,83,83,95,111,111,130,149,149,149,149,149,149],"floor_reached":51,"campfire_rested":4,"playtime":2158,"current_hp_per_floor":[70,68,68,67,49,49,26,48,48,48,41,42,45,22,44,34,65,70,70,70,70,58,58,58,48,48,37,37,13,35,24,46,47,68,62,63,63,63,75,75,69,60,60,52,39,39,25,61,61,48],"items_purged":["Writhe","Strike_R"],"gold":149,"score":1181,"play_id":"6144f2cd-0f2f-4176-af7f-7c2f02da9b4e","local_time":"20180421114512","is_prod":false,"is_daily":false,"chose_seed":false,"is_ascension_mode":true,"campfire_upgraded":5,"timestamp":1524332712,"path_taken":["M","M","?","M","M","R","E","R","T","?","?","M","?","?","R","BOSS","M","?","?","$","M","R","M","M","T","M","$","M","R","E","R","BOSS","M","M","?","$","?","R","M","M","T","M","M","R","?","?","R","BOSS"],"build_version":"2018-04-19","seed_source_timestamp":664890396952988,"purchased_purges":2,"victory":true,"master_deck":["Strike_R","Strike_R","Strike_R","Defend_R+1","Defend_R","Defend_R","Defend_R+1","AscendersBane","Reaper","Shrug It Off+1","Cleave","Pummel","Whirlwind+1","Offering","Shrug It Off+1","Inflame","Demon Form+1","Intimidate+1","Anger+1","Twin Strike+1","Inflame","Pummel","Shrug It Off","Seeing Red+1","Heavy Blade+1","Impervious","Intimidate+1","Feel No Pain+1","Battle Trance","Feel No Pain+1","Madness+1","Madness"],"max_hp_per_floor":[75,75,75,75,75,75,75,75,75,75,75,75,75,75,75,75,75,75,75,75,75,75,75,75,75,75,75,75,75,75,75,75,75,75,75,75,75,75,75,75,75,75,75,75,75,75,75,61,61,61],"relics":["Burning Blood","Bronze Scales","Kunai","Old Coin","Philosopher\u0027s Stone","Sundial","War Paint","Bottled Tornado","Anchor","Blue Candle","Velvet Choker","Calipers","Juzu Bracelet"],"card_choices":[{"not_picked":["Impervious","Dark Embrace"],"picked":"Reaper","floor":0},{"not_picked":["Warcry","Burning Pact"],"picked":"Shrug It Off","floor":1},{"not_picked":["Power Through","Havoc"],"picked":"Cleave","floor":2},{"not_picked":["Second Wind","Sever Soul"],"picked":"Pummel","floor":4},{"not_picked":["Uppercut","Wild Strike"],"picked":"Whirlwind","floor":5},{"not_picked":["Twin Strike","Intimidate"],"picked":"Offering","floor":7},{"not_picked":["Clothesline","Clash"],"picked":"Shrug It Off","floor":12},{"not_picked":["Rage","Dropkick"],"picked":"Inflame","floor":13},{"not_picked":["Reaper","Limit Break"],"picked":"Demon Form","floor":16},{"not_picked":["Wild Strike","Pommel Strike"],"picked":"Intimidate","floor":18},{"not_picked":["Clash","Twin Strike"],"picked":"Anger","floor":22},{"not_picked":["Body Slam","Thunderclap"],"picked":"Twin Strike","floor":24},{"not_picked":["Havoc","Headbutt"],"picked":"Inflame","floor":25},{"not_picked":["Body Slam","Havoc"],"picked":"Pummel","floor":27},{"not_picked":["Limit Break","Sever Soul"],"picked":"Seeing Red","floor":29},{"not_picked":["Evolve","Fire Breathing"],"picked":"Heavy Blade","floor":31},{"not_picked":["Bludgeon","Limit Break"],"picked":"Impervious","floor":33},{"not_picked":["Havoc","Sword Boomerang"],"picked":"Intimidate","floor":36},{"not_picked":["Combust","Wild Strike"],"picked":"Battle Trance","floor":41},{"not_picked":["Wild Strike","Havoc"],"picked":"Feel No Pain","floor":44}],"player_experience":383531,"potions_floor_usage":[5,7,18,27,33,33,33,39,39,39,41,44,50],"damage_taken":[{"damage":4,"enemies":"Jaw Worm","floor":1,"turns":5},{"damage":16,"enemies":"2 Louse","floor":2,"turns":3},{"damage":11,"enemies":"Cultist","floor":4,"turns":5},{"damage":24,"enemies":"Exordium Wildlife","floor":5,"turns":8},{"damage":35,"enemies":"Gremlin Nob","floor":7,"turns":5},{"damage":11,"enemies":"Blue Slaver","floor":12,"turns":3},{"damage":6,"enemies":"2 Fungi Beasts","floor":13,"turns":2},{"damage":32,"enemies":"Slime Boss","floor":16,"turns":10},{"damage":7,"enemies":"3 Byrds","floor":18,"turns":3},{"damage":18,"enemies":"Shell Parasite","floor":22,"turns":3},{"damage":24,"enemies":"Centurion and Healer","floor":24,"turns":5},{"damage":28,"enemies":"3 Cultists","floor":25,"turns":3},{"damage":28,"enemies":"Cultist and Chosen","floor":27,"turns":5},{"damage":30,"enemies":"Snake Plant","floor":29,"turns":3},{"damage":31,"enemies":"Gremlin Leader","floor":31,"turns":4},{"damage":28,"enemies":"Collector","floor":33,"turns":6},{"damage":12,"enemies":"Orb Walker","floor":35,"turns":3},{"damage":13,"enemies":"3 Darklings","floor":36,"turns":3},{"damage":11,"enemies":"Mysterious Sphere","floor":39,"turns":6},{"damage":25,"enemies":"4 Shapes","floor":41,"turns":3},{"damage":15,"enemies":"Sphere and 2 Shapes","floor":42,"turns":4},{"damage":14,"enemies":"Maw","floor":44,"turns":6},{"damage":19,"enemies":"3 Darklings","floor":45,"turns":4},{"damage":40,"enemies":"Donu and Deca","floor":50,"turns":7}],"event_choices":[{"event_name":"The Cleric","player_choice":"Leave","floor":3,"damage_taken":0},{"event_name":"Golden Wing","player_choice":"Card Removal","floor":11,"damage_taken":0},{"event_name":"Shining Light","player_choice":"Entered Light","floor":14,"damage_taken":0},{"event_name":"The Mausoleum","player_choice":"Yes","floor":19,"damage_taken":0},{"event_name":"The Joust","player_choice":"Bet on Murderer","floor":20,"damage_taken":0},{"event_name":"Mysterious Sphere","player_choice":"Fight","floor":39,"damage_taken":0},{"event_name":"Winding Halls","player_choice":"Embrace Madness","floor":47,"damage_taken":0},{"event_name":"The Moai Head","player_choice":"Heal","floor":48,"damage_taken":0}],"boss_relics":[{"not_picked":["Eternal Feather","Black Star"],"picked":"Philosopher\u0027s Stone"},{"not_picked":["Runic Cube","Runic Pyramid"],"picked":"Velvet Choker"}],"potions_floor_spawned":[2,4,16,25,29,33,36,39,42,45],"seed_played":"300470492027359616","ascension_level":15,"is_trial":false}