{"gold_per_floor":[110,110,134,134,150,150,184,184,184,222,222,222,222],"floor_reached":13,"playtime":284,"items_purged":[],"score":182,"play_id":"24c47fd9-b41e-4512-9174-e1b034c3962e","local_time":"20190125230428","is_ascension_mode":true,"campfire_choices":[{"data":"Sunder","floor":6,"key":"SMITH"},{"floor":8,"key":"REST"},{"floor":12,"key":"REST"}],"neow_cost":"NONE","seed_source_timestamp":1401475177076770,"circlet_count":0,"master_deck":["AscendersBane","Strike_B","Strike_B","Strike_B","Strike_B","Defend_B","Defend_B","Defend_B","Defend_B","Zap","Dualcast","Ball Lightning","Sunder+1","Ball Lightning","Rainbow","Cold Snap","Core Surge"],"relics":["Cracked Core","Golden Idol","Calipers","Nunchaku","Ginger","Unceasing Top","Bottled Flame"],"potions_floor_usage":[7],"damage_taken":[{"damage":4,"enemies":"Jaw Worm","floor":1,"turns":3},{"damage":0,"enemies":"Small Slimes","floor":3,"turns":3},{"damage":6,"enemies":"2 Louse","floor":5,"turns":2},{"damage":26,"enemies":"3 Sentries","floor":7,"turns":6},{"damage":30,"enemies":"Gremlin Nob","floor":10,"turns":4},{"damage":15,"enemies":"Lagavulin","floor":13,"turns":3}],"seed_played":"-2948591577534316997","potions_obtained":[{"floor":1,"key":"FocusPotion"},{"floor":7,"key":"LiquidBronze"}],"is_trial":false,"path_per_floor":["M","?","M","?","M","R","E","R","T","E","T","R","E"],"character_chosen":"DEFECT","items_purchased":[],"campfire_rested":2,"item_purchase_floors":[],"current_hp_per_floor":[60,60,60,49,43,43,17,36,36,6,6,25,10],"gold":222,"neow_bonus":"THREE_CARDS","is_prod":false,"is_daily":false,"chose_seed":false,"campfire_upgraded":1,"win_rate":0,"timestamp":1548482668,"path_taken":["M","?","M","?","M","R","E","R","T","E","?","R","E"],"build_version":"2019-01-23","purchased_purges":0,"victory":false,"max_hp_per_floor":[71,64,64,64,64,64,64,64,64,64,64,64,64],"card_choices":[{"not_picked":["Turbo","Gash"],"picked":"Ball Lightning","floor":0},{"not_picked":["Go for the Eyes","Redo"],"picked":"Sunder","floor":1},{"not_picked":["Sweeping Beam","Gash"],"picked":"Ball Lightning","floor":3},{"not_picked":["Darkness","Undo"],"picked":"Rainbow","floor":5},{"not_picked":["Gash","Skim"],"picked":"Cold Snap","floor":7},{"not_picked":["Machine Learning","Redo"],"picked":"Core Surge","floor":10}],"player_experience":1253009,"relics_obtained":[{"floor":7,"key":"Nunchaku"},{"floor":9,"key":"Ginger"},{"floor":10,"key":"Unceasing Top"},{"floor":11,"key":"Bottled Flame"}],"event_choices":[{"damage_healed":0,"gold_gain":0,"player_choice":"Lose Max HP","damage_taken":0,"relics_obtained":["Golden Idol"],"max_hp_gain":0,"max_hp_loss":7,"event_name":"Golden Idol","floor":2,"gold_loss":0},{"damage_healed":0,"gold_gain":0,"player_choice":"Success","damage_taken":11,"relics_obtained":["Calipers"],"max_hp_gain":0,"max_hp_loss":0,"event_name":"Scrap Ooze","floor":4,"gold_loss":0}],"is_beta":true,"boss_relics":[],"items_purged_floors":[],"is_endless":false,"potions_floor_spawned":[1,7],"killed_by":"Lagavulin","ascension_level":20}