{"gold_per_floor":[116,44,61,79,45,45,71,2,25,25,55,55,35,35,35,109,109,119,51,51,51,62,82,82,107,133,133],"floor_reached":27,"playtime":1075,"items_purged":[],"score":415,"play_id":"2ead834b-3ebc-4d40-b417-150110d9b307","local_time":"20181103005644","is_ascension_mode":true,"campfire_choices":[{"data":"Neutralize","floor":6,"key":"SMITH"},{"data":"Noxious Fumes","floor":12,"key":"SMITH"},{"data":"Dash","floor":15,"key":"SMITH"},{"floor":24,"key":"REST"}],"neow_cost":"NONE","seed_source_timestamp":565341532546623,"circlet_count":0,"master_deck":["AscendersBane","Defend_G","Defend_G","Defend_G","Defend_G","Defend_G","Strike_G","Strike_G","Strike_G","Strike_G","Strike_G","Survivor","Neutralize+1","Poisoned Stab","Predator","Dash+1","Well Laid Plans","Die Die Die","Noxious Fumes+1","Corpse Explosion","Crippling Poison","Noxious Fumes","Dagger Spray+1"],"relics":["Ring of the Snake","NeowsBlessing","Question Card","Regal Pillow","Orichalcum","Eternal Feather","Nloth\u0027s Gift","Molten Egg 2","PreservedInsect"],"potions_floor_usage":[16,22,25],"damage_taken":[{"damage":0,"enemies":"Small Slimes","floor":1,"turns":1},{"damage":0,"enemies":"Cultist","floor":3,"turns":1},{"damage":0,"enemies":"2 Louse","floor":4,"turns":1},{"damage":22,"enemies":"3 Sentries","floor":7,"turns":9},{"damage":28,"enemies":"Lagavulin","floor":11,"turns":9},{"damage":15,"enemies":"Hexaghost","floor":16,"turns":11},{"damage":12,"enemies":"3 Byrds","floor":18,"turns":3},{"damage":15,"enemies":"Shell Parasite","floor":22,"turns":7},{"damage":16,"enemies":"Snecko","floor":23,"turns":6},{"damage":43,"enemies":"Slavers","floor":25,"turns":7},{"damage":17,"enemies":"Colosseum Slavers","floor":27,"turns":2}],"seed_played":"5532806294107070889","potions_obtained":[{"floor":3,"key":"SpeedPotion"},{"floor":11,"key":"Energy Potion"},{"floor":13,"key":"Regen Potion"},{"floor":23,"key":"Block Potion"}],"is_trial":false,"path_per_floor":["M","?","M","M","$","R","E","$","T","?","E","R","?","$","R","B",null,"M","$","?","$","M","M","R","E","T","?"],"character_chosen":"THE_SILENT","items_purchased":["Well Laid Plans","Die Die Die","Noxious Fumes"],"campfire_rested":1,"item_purchase_floors":[5,8,19],"current_hp_per_floor":[59,66,66,66,66,66,44,44,44,44,16,16,16,16,16,16,59,47,47,47,47,32,16,64,21,21,4],"gold":133,"neow_bonus":"THREE_ENEMY_KILL","is_prod":false,"is_daily":false,"chose_seed":false,"campfire_upgraded":3,"win_rate":0,"timestamp":1541228204,"path_taken":["M","?","M","M","$","R","E","?","T","?","E","R","?","$","R","BOSS","M","?","?","$","?","M","R","E","T","?"],"build_version":"2018-11-01v2","purchased_purges":0,"victory":false,"max_hp_per_floor":[66,73,73,73,73,73,73,73,73,73,73,73,73,73,73,73,73,73,73,73,73,73,73,73,73,73,73],"card_choices":[{"not_picked":["PiercingWail","Deflect"],"picked":"Poisoned Stab","floor":1},{"not_picked":["Riddle With Holes","Underhanded Strike"],"picked":"Predator","floor":3},{"not_picked":["Dodge and Roll","Terror"],"picked":"Dash","floor":4},{"not_picked":["Sucker Punch","Choke","Dodge and Roll"],"picked":"SKIP","floor":7},{"not_picked":["Poisoned Stab","Wraith Form v2","Blade Dance"],"picked":"Noxious Fumes","floor":11},{"not_picked":["Doppelganger","Die Die Die","Grand Finale"],"picked":"Corpse Explosion","floor":16},{"not_picked":["Predator","Acrobatics","Quick Slash"],"picked":"Crippling Poison","floor":18},{"not_picked":["Blade Dance","Backflip","Outmaneuver","Cloak And Dagger"],"picked":"SKIP","floor":22},{"not_picked":["Dodge and Roll","Underhanded Strike","Burst","Blade Dance"],"picked":"SKIP","floor":23},{"not_picked":["Dagger Throw+1","Backflip","Underhanded Strike+1"],"picked":"Dagger Spray+1","floor":25}],"player_experience":1080321,"relics_obtained":[{"floor":7,"key":"Question Card"},{"floor":9,"key":"Regal Pillow"},{"floor":11,"key":"Orichalcum"},{"floor":25,"key":"Molten Egg 2"},{"floor":26,"key":"PreservedInsect"}],"event_choices":[{"damage_healed":0,"gold_gain":0,"player_choice":"Paid Gold","damage_taken":0,"relics_obtained":["Strawberry"],"max_hp_gain":0,"max_hp_loss":0,"event_name":"WeMeetAgain","floor":2,"gold_loss":72},{"damage_healed":0,"gold_gain":0,"player_choice":"Leave","damage_taken":0,"max_hp_gain":0,"max_hp_loss":0,"event_name":"The Cleric","floor":10,"gold_loss":0},{"damage_healed":0,"gold_gain":0,"player_choice":"Bought 1 Potion","damage_taken":0,"max_hp_gain":0,"max_hp_loss":0,"event_name":"The Woman in Blue","floor":13,"gold_loss":0},{"damage_healed":0,"gold_gain":0,"player_choice":"Traded Relic","damage_taken":0,"relics_obtained":["Nloth\u0027s Gift"],"max_hp_gain":0,"max_hp_loss":0,"event_name":"N\u0027loth","floor":20,"relics_lost":["Strawberry"],"gold_loss":0},{"damage_healed":0,"gold_gain":0,"player_choice":"Fight","damage_taken":0,"max_hp_gain":0,"max_hp_loss":0,"event_name":"Colosseum","floor":27,"gold_loss":0}],"is_beta":true,"boss_relics":[{"not_picked":["Lizard Tail","Runic Pyramid"],"picked":"Eternal Feather"}],"items_purged_floors":[],"is_endless":false,"potions_floor_spawned":[3,11,23],"killed_by":"Colosseum Slavers","ascension_level":15}