{"gold_per_floor":[109,120,134,134,148,148,148,182,208,21,21,56,70,83,83,160,160,177,177,190,41,58,58,85,9,9,9,43,43,53,82,82,154,154,164,39,53,68,81,112,126,159,159,194,239,253,253,263,263,263],"floor_reached":51,"playtime":3179,"items_purged":["Strike_B","Defend_B","Defend_B"],"score":1528,"play_id":"e1b0a60c-7f67-4f7c-b0ff-14b15803eac5","local_time":"20180803102404","is_ascension_mode":true,"campfire_choices":[{"data":"Defragment","floor":6,"key":"SMITH"},{"data":"Defragment","floor":11,"key":"SMITH"},{"data":"Buffer","floor":15,"key":"SMITH"},{"data":"Capacitor","floor":23,"key":"SMITH"},{"data":"Coolheaded","floor":27,"key":"SMITH"},{"data":"Ball Lightning","floor":32,"key":"SMITH"},{"floor":47,"key":"REST"},{"data":"Consume","floor":49,"key":"SMITH"}],"neow_cost":"NONE","seed_source_timestamp":777372918607470,"circlet_count":0,"master_deck":["Defend_B+1","Zap+1","Dualcast","AscendersBane","Machine Learning","Cold Snap","Capacitor+1","Compile Driver","Defragment+1","Buffer+1","Defragment+1","FTL","Undo","BootSequence","Echo Form","Steam Power+1","BootSequence+1","Glacier+1","Ball Lightning+1","Leap","Coolheaded+1","Echo Form","Self Repair","FTL","Electrodynamics","Capacitor","Ball Lightning","Consume+1","Conserve Battery+1","White Noise","Undo+1","Coolheaded+1"],"relics":["Cracked Core","War Paint","Orichalcum","Art of War","Astrolabe","Mercury Hourglass","Anchor","Gambling Chip","Orrery","Ice Cream","Toxic Egg 2","The Courier","Bag of Marbles","Calipers"],"potions_floor_usage":[5,8,16,22,24,24,33,42,44,48],"damage_taken":[{"damage":3,"enemies":"Small Slimes","floor":1,"turns":4},{"damage":0,"enemies":"Cultist","floor":2,"turns":4},{"damage":6,"enemies":"2 Louse","floor":3,"turns":2},{"damage":4,"enemies":"Looter","floor":5,"turns":3},{"damage":9,"enemies":"3 Sentries","floor":8,"turns":9},{"damage":1,"enemies":"Lagavulin","floor":12,"turns":6},{"damage":0,"enemies":"Exordium Wildlife","floor":13,"turns":3},{"damage":2,"enemies":"Red Slaver","floor":14,"turns":3},{"damage":0,"enemies":"The Guardian","floor":16,"turns":10},{"damage":0,"enemies":"Chosen","floor":18,"turns":6},{"damage":1,"enemies":"Spheric Guardian","floor":20,"turns":5},{"damage":0,"enemies":"Cultist and Chosen","floor":22,"turns":8},{"damage":11,"enemies":"Slavers","floor":24,"turns":6},{"damage":9,"enemies":"Book of Stabbing","floor":28,"turns":7},{"damage":13,"enemies":"Slaver and Parasite","floor":30,"turns":9},{"damage":11,"enemies":"Slavers","floor":31,"turns":8},{"damage":0,"enemies":"Automaton","floor":33,"turns":11},{"damage":10,"enemies":"Flame Bruiser 1 Orb","floor":35,"turns":5},{"damage":8,"enemies":"Orb Walker","floor":37,"turns":4},{"damage":0,"enemies":"Sphere and 2 Shapes","floor":38,"turns":5},{"damage":0,"enemies":"Spire Growth","floor":39,"turns":7},{"damage":14,"enemies":"Giant Head","floor":40,"turns":8},{"damage":0,"enemies":"Maw","floor":41,"turns":8},{"damage":3,"enemies":"Nemesis","floor":42,"turns":7},{"damage":52,"enemies":"2 Orb Walkers","floor":44,"turns":5},{"damage":7,"floor":45,"turns":6},{"damage":18,"enemies":"3 Darklings","floor":46,"turns":5},{"damage":0,"enemies":"Spire Growth","floor":48,"turns":6},{"damage":7,"enemies":"Time Eater","floor":50,"turns":11}],"seed_played":"946746228333687893","potions_obtained":[{"floor":2,"key":"SkillPotion"},{"floor":5,"key":"Block Potion"},{"floor":12,"key":"AttackPotion"},{"floor":14,"key":"Block Potion"},{"floor":18,"key":"LiquidBronze"},{"floor":22,"key":"FearPotion"},{"floor":24,"key":"Swift Potion"},{"floor":30,"key":"Strength Potion"},{"floor":33,"key":"SpeedPotion"},{"floor":35,"key":"PowerPotion"},{"floor":39,"key":"Block Potion"},{"floor":44,"key":"AttackPotion"},{"floor":48,"key":"SpeedPotion"}],"is_trial":false,"path_per_floor":["M","M","M","?","M","R","?","E","T","$","R","E","M","M","R","B",null,"M","?","M","$","M","R","E","$","T","R","E","?","M","E","R","B",null,"M","$","M","M","M","E","M","E","T","E","?","M","R","M","R","B"],"character_chosen":"DEFECT","items_purchased":["Defragment","FTL","Leap","Self Repair"],"campfire_rested":1,"item_purchase_floors":[10,10,21,25],"current_hp_per_floor":[61,61,55,55,51,51,51,42,42,42,42,41,41,39,39,39,63,63,63,62,62,62,62,51,51,51,51,56,56,57,60,60,71,71,68,68,60,67,67,67,71,68,68,30,30,19,40,54,54,54],"gold":263,"neow_bonus":"ONE_RANDOM_RARE_CARD","is_prod":false,"is_daily":false,"chose_seed":false,"campfire_upgraded":7,"win_rate":0,"timestamp":1533313444,"path_taken":["M","M","M","?","M","R","?","E","T","$","R","E","?","M","R","BOSS","M","?","?","$","M","R","E","?","T","R","E","?","M","E","R","BOSS","M","$","M","M","M","E","M","E","T","E","?","M","R","M","R","BOSS"],"build_version":"2018-08-01","purchased_purges":3,"victory":true,"max_hp_per_floor":[71,71,71,71,71,71,71,71,71,71,71,71,71,71,71,71,71,71,71,71,71,71,71,71,71,71,71,71,71,71,71,71,71,71,71,71,71,71,71,71,71,71,71,71,71,71,71,71,71,71],"card_choices":[{"not_picked":["Coolheaded","Conserve Battery"],"picked":"Cold Snap","floor":1},{"not_picked":["Steam","Rebound"],"picked":"Capacitor","floor":2},{"not_picked":["Stack","Sweeping Beam"],"picked":"Compile Driver","floor":3},{"not_picked":["Turbo","Undo"],"picked":"Defragment","floor":5},{"not_picked":["Reboot","Double Energy"],"picked":"Buffer","floor":8},{"not_picked":["Gash","Rebound"],"picked":"Undo","floor":12},{"not_picked":["Storm","Loop"],"picked":"BootSequence","floor":13},{"not_picked":["Gash","Force Field","Turbo"],"picked":"SKIP","floor":14},{"not_picked":["All For One","Amplify"],"picked":"Echo Form","floor":16},{"not_picked":["Rebound+1","Sweeping Beam","Doom and Gloom"],"picked":"SKIP","floor":18},{"not_picked":["Genetic Algorithm","Beam Cell"],"picked":"Ball Lightning","floor":20},{"not_picked":["Go for the Eyes","Barrage"],"picked":"Coolheaded","floor":22},{"not_picked":["Double Energy","Barrage+1"],"picked":"Echo Form","floor":24},{"not_picked":["Go for the Eyes","Auto Shields"],"picked":"FTL","floor":28},{"not_picked":["Recycle","Rip and Tear","Scrape"],"picked":"SKIP","floor":30},{"not_picked":["Darkness+1","Doom and Gloom","Hyperbeam"],"picked":"SKIP","floor":31},{"not_picked":["Meteor Strike","Thunder Strike"],"picked":"Electrodynamics","floor":33},{"not_picked":["Heatsinks","Gash"],"picked":"Capacitor","floor":34},{"not_picked":["Rip and Tear","Fusion"],"picked":"Ball Lightning","floor":34},{"not_picked":["Go for the Eyes","Leap"],"picked":"Consume","floor":34},{"not_picked":["Melter","Streamline","Auto Shields"],"picked":"SKIP","floor":35},{"not_picked":["Hologram","Steam Power+1","Coolheaded"],"picked":"SKIP","floor":37},{"not_picked":["Cold Snap","Gash+1"],"picked":"Conserve Battery+1","floor":38},{"not_picked":["Skim","Electrodynamics","Go for the Eyes"],"picked":"SKIP","floor":39},{"not_picked":["Compile Driver+1","Conserve Battery"],"picked":"White Noise","floor":40},{"not_picked":["Stack","Steam Power","Ball Lightning+1"],"picked":"SKIP","floor":41},{"not_picked":["Rebound+1","Blizzard","Redo"],"picked":"SKIP","floor":42},{"not_picked":["Redo+1","Sweeping Beam"],"picked":"Undo+1","floor":44},{"not_picked":["Cold Snap","Streamline"],"picked":"Coolheaded+1","floor":46},{"not_picked":["Go for the Eyes","Electrodynamics","Hello World"],"picked":"SKIP","floor":48}],"player_experience":925165,"relics_obtained":[{"floor":8,"key":"War Paint"},{"floor":9,"key":"Orichalcum"},{"floor":12,"key":"Art of War"},{"floor":24,"key":"Mercury Hourglass"},{"floor":28,"key":"Anchor"},{"floor":31,"key":"Gambling Chip"},{"floor":40,"key":"Ice Cream"},{"floor":42,"key":"Toxic Egg 2"},{"floor":43,"key":"The Courier"},{"floor":44,"key":"Bag of Marbles"},{"floor":45,"key":"Calipers"}],"event_choices":[{"event_name":"Bonfire Elementals","player_choice":"BASIC","floor":4,"damage_taken":0},{"event_name":"Liars Game","player_choice":"disagreed","floor":7,"damage_taken":0},{"event_name":"Vampires","player_choice":"Ignored","floor":19,"damage_taken":0},{"event_name":"Beggar","player_choice":"Ignored","floor":29,"damage_taken":0},{"event_name":"Mysterious Sphere","player_choice":"Fight","floor":45,"damage_taken":0}],"is_beta":true,"boss_relics":[{"not_picked":["Empty Cage","Velvet Choker"],"picked":"Astrolabe"},{"not_picked":["White Beast Statue","Runic Pyramid"],"picked":"Orrery"}],"items_purged_floors":[10,21,36],"is_endless":false,"potions_floor_spawned":[2,5,12,14,18,22,24,30,33,35,38,39,44,48],"ascension_level":15}