{"gold_per_floor":[111,186,186,213,230,230,15,33,33,33,60,72,91,111,111,111],"floor_reached":16,"playtime":882,"items_purged":["Strike_B"],"score":107,"play_id":"9f878979-620e-4194-be0e-6dc8a5e88890","local_time":"20181016172335","is_ascension_mode":true,"campfire_choices":[{"data":"Double Energy","floor":6,"key":"SMITH"},{"data":"Defragment","floor":10,"key":"SMITH"},{"data":"Chaos","floor":15,"key":"SMITH"}],"neow_cost":"TEN_PERCENT_HP_LOSS","seed_source_timestamp":3666558479967,"circlet_count":0,"master_deck":["Strike_B","Defend_B","Defend_B","Defend_B","Defend_B","Zap","Dualcast","Turbo+1","Double Energy+1","Defragment+1","Chill","Hologram","BootSequence","Turbo","Conserve Battery","Chaos+1"],"relics":["Cracked Core","PreservedInsect","Bottled Flame","Bag of Preparation"],"potions_floor_usage":[13],"damage_taken":[{"damage":0,"enemies":"2 Louse","floor":1,"turns":3},{"damage":6,"enemies":"Jaw Worm","floor":5,"turns":3},{"damage":5,"enemies":"Small Slimes","floor":8,"turns":4},{"damage":14,"enemies":"Lagavulin","floor":11,"turns":8},{"damage":0,"enemies":"Looter","floor":12,"turns":3},{"damage":0,"enemies":"Blue Slaver","floor":13,"turns":3},{"damage":2,"enemies":"Lots of Slimes","floor":14,"turns":5},{"damage":38,"enemies":"Hexaghost","floor":16,"turns":12}],"seed_played":"5348607068333171435","potions_obtained":[{"floor":1,"key":"SteroidPotion"},{"floor":13,"key":"Fruit Juice"},{"floor":14,"key":"Dexterity Potion"}],"is_trial":false,"path_per_floor":["M","?","?","T","M","R","$","M","T","R","E","M","M","M","R"],"character_chosen":"DEFECT","items_purchased":["Defragment","Chill"],"campfire_rested":0,"item_purchase_floors":[7,7],"current_hp_per_floor":[68,57,57,57,51,51,51,46,46,46,32,32,37,35,35,0],"gold":111,"neow_bonus":"REMOVE_TWO","is_prod":false,"is_daily":false,"chose_seed":false,"campfire_upgraded":3,"win_rate":0,"timestamp":1539721415,"path_taken":["M","?","?","?","?","R","?","M","T","R","E","M","M","M","R","BOSS"],"build_version":"2018-10-11","purchased_purges":1,"victory":false,"max_hp_per_floor":[68,68,68,68,68,68,68,68,68,68,68,68,73,73,73,73],"card_choices":[{"not_picked":["Force Field","Streamline"],"picked":"Turbo","floor":1},{"not_picked":["Compile Driver","Turbo"],"picked":"Double Energy","floor":5},{"not_picked":["Rebound","Static Discharge"],"picked":"Hologram","floor":8},{"not_picked":["Cold Snap","Fusion"],"picked":"BootSequence","floor":11},{"not_picked":["Stack","Rip and Tear"],"picked":"Turbo","floor":12},{"not_picked":["Hologram","Compile Driver"],"picked":"Conserve Battery","floor":13},{"not_picked":["Turbo","Conserve Battery"],"picked":"Chaos","floor":14}],"player_experience":80082,"relics_obtained":[{"floor":4,"key":"PreservedInsect"},{"floor":9,"key":"Bottled Flame"},{"floor":11,"key":"Bag of Preparation"}],"event_choices":[{"event_name":"World of Goop","player_choice":"Gather Gold","floor":2,"damage_taken":0},{"event_name":"Upgrade Shrine","player_choice":"Upgraded","floor":3,"damage_taken":0}],"is_beta":false,"boss_relics":[],"items_purged_floors":[7],"is_endless":false,"potions_floor_spawned":[1,13,14],"killed_by":"Hexaghost","ascension_level":1}