{"gold_per_floor":[118,138,138,313,333,333,359,374,374,374],"floor_reached":10,"playtime":429,"items_purged":[],"score":68,"play_id":"2889407e-ec04-470c-9668-82414a5eae6f","local_time":"20190124200106","is_ascension_mode":false,"campfire_choices":[{"data":"Well Laid Plans","floor":6,"key":"SMITH"}],"neow_cost":"NONE","seed_source_timestamp":107575768692815,"circlet_count":0,"master_deck":["Defend_G","Defend_G","Defend_G","Defend_G","Defend_G","Strike_G","Strike_G","Strike_G","Strike_G","Survivor","Neutralize","Dagger Throw","Riddle With Holes","Backstab","Doubt","Well Laid Plans+1","Dagger Spray","Acrobatics"],"relics":["Ring of the Snake","Smiling Mask","Kunai"],"potions_floor_usage":[7],"damage_taken":[{"damage":2,"enemies":"Small Slimes","floor":1,"turns":4},{"damage":0,"enemies":"2 Louse","floor":2,"turns":4},{"damage":8,"enemies":"Jaw Worm","floor":5,"turns":2},{"damage":64,"enemies":"Lagavulin","floor":7,"turns":14},{"damage":0,"enemies":"Blue Slaver","floor":8,"turns":4}],"seed_played":"-539020321213487007","potions_obtained":[{"floor":2,"key":"EssenceOfSteel"},{"floor":7,"key":"GamblersBrew"}],"is_trial":false,"path_per_floor":["M","M","?","?","M","R","E","M","T","?"],"character_chosen":"THE_SILENT","items_purchased":[],"campfire_rested":0,"item_purchase_floors":[],"current_hp_per_floor":[75,75,75,75,67,67,3,3,3,0],"gold":374,"neow_bonus":"TEN_PERCENT_HP_BONUS","is_prod":false,"is_daily":false,"chose_seed":false,"campfire_upgraded":1,"win_rate":0.0,"timestamp":1548356466,"path_taken":["M","M","?","?","M","R","E","M","T","?"],"build_version":"2019-01-23","purchased_purges":0,"victory":false,"max_hp_per_floor":[77,77,77,77,77,77,77,77,77,77],"card_choices":[{"not_picked":["Flying Knee","Blade Dance"],"picked":"Dagger Throw","floor":1},{"not_picked":["Outmaneuver","Caltrops"],"picked":"Riddle With Holes","floor":2},{"not_picked":["Bane","Outmaneuver"],"picked":"Well Laid Plans","floor":5},{"not_picked":["Predator","Deadly Poison"],"picked":"Dagger Spray","floor":7},{"not_picked":["Dodge and Roll","Riddle With Holes"],"picked":"Acrobatics","floor":8}],"player_experience":46306,"relics_obtained":[{"floor":7,"key":"Smiling Mask"},{"floor":9,"key":"Kunai"}],"event_choices":[{"damage_healed":0,"gold_gain":0,"cards_transformed":["Strike_G"],"player_choice":"Change","damage_taken":0,"max_hp_gain":0,"max_hp_loss":0,"event_name":"Living Wall","floor":3,"gold_loss":0,"cards_obtained":["Backstab"]},{"damage_healed":0,"gold_gain":175,"player_choice":"AGREE","damage_taken":0,"max_hp_gain":0,"max_hp_loss":0,"event_name":"Liars Game","floor":4,"gold_loss":0,"cards_obtained":["Doubt"]}],"is_beta":false,"boss_relics":[],"items_purged_floors":[],"is_endless":false,"potions_floor_spawned":[2,7],"ascension_level":0}