{"gold_per_floor":[119,119,119,139,154,154,154,181,205,217,235,247,247,247],"floor_reached":14,"playtime":722,"items_purged":[],"score":124,"play_id":"c95e2236-d348-49e9-8a26-e4cdaa3bc9be","local_time":"20190128101223","is_ascension_mode":true,"campfire_choices":[{"data":"Neutralize","floor":6,"key":"SMITH"},{"floor":13,"key":"REST"}],"neow_cost":"NONE","seed_source_timestamp":2490122276576360,"circlet_count":0,"master_deck":["Defend_G","Defend_G","Defend_G","Defend_G","Defend_G","Strike_G","Strike_G","Strike_G","Strike_G","Survivor","Neutralize+1","PiercingWail","Backstab","Dodge and Roll","Backstab","Acrobatics","Heel Hook","Blade Dance"],"relics":["Ring of the Snake","Ancient Tea Set","Potion Belt","Omamori"],"potions_floor_usage":[12],"damage_taken":[{"damage":0,"enemies":"2 Louse","floor":1,"turns":4},{"damage":0,"enemies":"Small Slimes","floor":4,"turns":6},{"damage":0,"enemies":"Jaw Worm","floor":5,"turns":3},{"damage":43,"enemies":"Gremlin Nob","floor":8,"turns":6},{"damage":0,"enemies":"3 Louse","floor":10,"turns":5},{"damage":2,"enemies":"Lots of Slimes","floor":11,"turns":6},{"damage":16,"enemies":"Gremlin Gang","floor":12,"turns":9},{"damage":35,"enemies":"Lagavulin","floor":14,"turns":6}],"seed_played":"442090753247287522","potions_obtained":[{"floor":5,"key":"LiquidBronze"},{"floor":10,"key":"Weak Potion"},{"floor":12,"key":"Poison Potion"}],"is_trial":false,"path_per_floor":["M","?","?","M","M","R","?","E","T","M","M","M","R","E"],"character_chosen":"THE_SILENT","items_purchased":[],"campfire_rested":1,"item_purchase_floors":[],"current_hp_per_floor":[70,70,63,63,63,63,63,20,20,20,18,2,25,0],"gold":247,"neow_bonus":"TEN_PERCENT_HP_BONUS","is_prod":false,"is_daily":false,"chose_seed":false,"campfire_upgraded":1,"win_rate":0,"timestamp":1548677543,"path_taken":["M","?","?","M","?","R","?","E","T","?","?","M","R","E"],"build_version":"2019-01-23","purchased_purges":0,"victory":false,"max_hp_per_floor":[77,77,77,77,77,77,77,77,77,77,77,77,77,77],"card_choices":[{"not_picked":["Deadly Poison","Distraction"],"picked":"PiercingWail","floor":1},{"not_picked":["Concentrate","Masterful Stab"],"picked":"Backstab","floor":4},{"not_picked":["Flechettes","Terror"],"picked":"Dodge and Roll","floor":5},{"not_picked":["Finisher","Prepared"],"picked":"Backstab","floor":8},{"not_picked":["Predator","Blade Dance"],"picked":"Acrobatics","floor":10},{"not_picked":["Concentrate","Bouncing Flask"],"picked":"Heel Hook","floor":11},{"not_picked":["Backflip","Accuracy"],"picked":"Blade Dance","floor":12}],"player_experience":282810,"relics_obtained":[{"floor":8,"key":"Potion Belt"},{"floor":9,"key":"Omamori"}],"event_choices":[{"damage_healed":0,"gold_gain":0,"player_choice":"Box","damage_taken":0,"relics_obtained":["Ancient Tea Set"],"max_hp_gain":0,"max_hp_loss":0,"event_name":"Big Fish","floor":2,"gold_loss":0,"cards_obtained":["Regret"]},{"cards_removed":["Regret"],"damage_healed":0,"gold_gain":0,"player_choice":"Card Removal","damage_taken":7,"max_hp_gain":0,"max_hp_loss":0,"event_name":"Golden Wing","floor":3,"gold_loss":0},{"cards_removed":["Strike_G"],"damage_healed":0,"gold_gain":0,"player_choice":"Purged","damage_taken":0,"max_hp_gain":0,"max_hp_loss":0,"event_name":"Purifier","floor":7,"gold_loss":0}],"is_beta":false,"boss_relics":[],"items_purged_floors":[],"is_endless":false,"potions_floor_spawned":[5,10,12],"killed_by":"Lagavulin","ascension_level":7}