{"gold_per_floor":[115,127,142,142,152,152,182,192,218,230,230,23,52,62,62,160,160,180,195,213,213,3,29,29,59,59,59,9,20,20,32,32,134,134,149,161,161,180,30,30,46,46,72,72,72,72,172,189,189,189],"floor_reached":51,"playtime":2884,"items_purged":["Defend_G","Strike_G","Strike_G"],"score":920,"play_id":"71111494-a8cb-4c1e-b3f6-57dc75160d98","local_time":"20190215205727","is_ascension_mode":true,"campfire_choices":[{"data":"Neutralize","floor":6,"key":"SMITH"},{"floor":11,"key":"REST"},{"floor":15,"key":"REST"},{"data":"Malaise","floor":24,"key":"SMITH"},{"floor":30,"key":"REST"},{"data":"After Image","floor":32,"key":"SMITH"},{"data":"Footwork","floor":40,"key":"SMITH"},{"data":"Noxious Fumes","floor":45,"key":"SMITH"},{"floor":49,"key":"REST"}],"neow_cost":"NONE","seed_source_timestamp":47493185887512,"circlet_count":0,"master_deck":["Defend_G","Defend_G","Strike_G","Survivor","Neutralize+1","Backflip","Crippling Poison","Slice+1","Leg Sweep","Endless Agony+1","Backflip","Noxious Fumes+1","Catalyst","Deflect","Infinite Blades","Malaise+1","Deadly Poison","Caltrops","Dodge and Roll+1","After Image+1","Blur","Acrobatics","Backstab+1","Footwork+1","All Out Attack","Dagger Spray+1","Footwork","Dash","Good Instincts"],"relics":["Ring of the Snake","Mummified Hand","Smiling Mask","Odd Mushroom","Empty Cage","Art of War","Potion Belt","Pantograph","Sozu","Bottled Flame","Whetstone","Singing Bowl"],"potions_floor_usage":[10,16,23,23,33,33,50],"damage_taken":[{"damage":0,"enemies":"Cultist","floor":1,"turns":3},{"damage":0,"enemies":"Jaw Worm","floor":2,"turns":6},{"damage":5,"enemies":"2 Louse","floor":3,"turns":4},{"damage":4,"enemies":"Looter","floor":5,"turns":4},{"damage":44,"enemies":"Lagavulin","floor":7,"turns":16},{"damage":2,"enemies":"2 Fungi Beasts","floor":8,"turns":6},{"damage":0,"enemies":"Gremlin Gang","floor":10,"turns":9},{"damage":12,"enemies":"The Mushroom Lair","floor":13,"turns":4},{"damage":1,"enemies":"Red Slaver","floor":14,"turns":4},{"damage":11,"enemies":"The Guardian","floor":16,"turns":12},{"damage":1,"enemies":"3 Byrds","floor":18,"turns":6},{"damage":21,"enemies":"Spheric Guardian","floor":19,"turns":8},{"damage":0,"enemies":"Centurion and Healer","floor":20,"turns":9},{"damage":8,"enemies":"Gremlin Leader","floor":23,"turns":8},{"damage":15,"enemies":"Book of Stabbing","floor":25,"turns":6},{"damage":7,"enemies":"Shelled Parasite and Fungi","floor":29,"turns":6},{"damage":6,"enemies":"Sentry and Sphere","floor":31,"turns":5},{"damage":39,"enemies":"Collector","floor":33,"turns":12},{"damage":0,"enemies":"Orb Walker","floor":35,"turns":4},{"damage":0,"enemies":"3 Shapes","floor":36,"turns":6},{"damage":19,"enemies":"3 Darklings","floor":38,"turns":6},{"damage":4,"enemies":"Transient","floor":41,"turns":5},{"damage":11,"enemies":"Jaw Worm Horde","floor":48,"turns":6},{"damage":63,"enemies":"Donu and Deca","floor":50,"turns":15}],"seed_played":"-700139078069695793","potions_obtained":[{"floor":2,"key":"FearPotion"},{"floor":7,"key":"SkillPotion"},{"floor":8,"key":"Strength Potion"},{"floor":10,"key":"Dexterity Potion"},{"floor":16,"key":"Explosive Potion"},{"floor":23,"key":"Weak Potion"},{"floor":29,"key":"Ancient Potion"},{"floor":33,"key":"SpeedPotion"}],"is_trial":false,"path_per_floor":["M","M","M","?","M","R","E","M","T","M","R","$","?","M","R","B",null,"M","M","M","?","$","E","R","E","T","?","$","M","R","M","R","B",null,"M","M","T","M","$","R","M","?","T","?","R","T","?","M","R","B",null],"character_chosen":"THE_SILENT","items_purchased":["Noxious Fumes","Catalyst","After Image","Footwork","Dash"],"campfire_rested":4,"item_purchase_floors":[12,12,22,39,39],"current_hp_per_floor":[70,70,65,58,54,54,10,8,8,8,31,31,19,18,41,30,65,64,43,43,68,68,60,60,45,45,38,38,31,54,48,48,34,66,66,66,66,47,47,47,43,43,43,43,43,43,43,34,57,16],"gold":189,"neow_bonus":"TEN_PERCENT_HP_BONUS","is_prod":false,"is_daily":false,"chose_seed":false,"campfire_upgraded":5,"win_rate":0,"timestamp":1550271447,"path_taken":["M","M","?","?","M","R","E","M","T","M","R","$","?","M","R","BOSS","M","M","M","?","$","E","R","E","T","?","$","?","R","M","R","BOSS","M","M","?","M","?","R","M","?","T","?","R","?","?","?","R","BOSS"],"build_version":"2019-01-23","purchased_purges":3,"victory":true,"max_hp_per_floor":[77,77,77,77,77,77,77,77,77,77,77,77,77,77,77,77,77,77,77,77,77,77,77,77,77,77,77,77,77,77,77,77,77,77,77,77,77,77,77,77,77,77,77,77,77,77,77,79,79,79],"card_choices":[{"not_picked":["Sucker Punch","Quick Slash"],"picked":"Backflip","floor":1},{"not_picked":["Acrobatics","Calculated Gamble"],"picked":"Crippling Poison","floor":2},{"not_picked":["Escape Plan","Deadly Poison"],"picked":"Slice","floor":3},{"not_picked":["Prepared","Dodge and Roll"],"picked":"Leg Sweep","floor":5},{"not_picked":["Prepared","Acrobatics","Escape Plan"],"picked":"SKIP","floor":7},{"not_picked":["Tools of the Trade","Acrobatics"],"picked":"Endless Agony","floor":8},{"not_picked":["Prepared","Slice"],"picked":"Backflip","floor":10},{"not_picked":["Dodge and Roll","Terror"],"picked":"Deflect","floor":13},{"not_picked":["Prepared","Calculated Gamble"],"picked":"Infinite Blades","floor":14},{"not_picked":["Die Die Die","Night Terror"],"picked":"Malaise","floor":16},{"not_picked":["Quick Slash","Acrobatics+1"],"picked":"Deadly Poison","floor":18},{"not_picked":["Riddle With Holes+1","Underhanded Strike"],"picked":"Caltrops","floor":19},{"not_picked":["Tactician","Deadly Poison"],"picked":"Dodge and Roll+1","floor":20},{"not_picked":["Riddle With Holes","Calculated Gamble"],"picked":"Blur","floor":23},{"not_picked":["Flying Knee","Concentrate"],"picked":"Acrobatics","floor":25},{"not_picked":["Riddle With Holes","Quick Slash","Poisoned Stab"],"picked":"SKIP","floor":29},{"not_picked":["Distraction","Poisoned Stab"],"picked":"Backstab+1","floor":31},{"not_picked":["Heel Hook","PiercingWail+1"],"picked":"Footwork","floor":35},{"not_picked":["Quick Slash","Deflect+1"],"picked":"All Out Attack","floor":36},{"not_picked":["Setup+1","Flying Knee+1"],"picked":"Dagger Spray+1","floor":38},{"not_picked":["Slice","Reflex","Poisoned Stab+1"],"picked":"SKIP","floor":41},{"not_picked":["Impatience","Purity"],"picked":"Good Instincts","floor":44},{"not_picked":["Prepared","Die Die Die","Bane"],"picked":"Singing Bowl","floor":48}],"player_experience":332892,"relics_obtained":[{"floor":7,"key":"Mummified Hand"},{"floor":9,"key":"Smiling Mask"},{"floor":13,"key":"Odd Mushroom"},{"floor":23,"key":"Art of War"},{"floor":25,"key":"Potion Belt"},{"floor":26,"key":"Pantograph"},{"floor":37,"key":"Bottled Flame"},{"floor":43,"key":"Whetstone"},{"floor":46,"key":"Singing Bowl"}],"event_choices":[{"cards_removed":["Strike_G"],"damage_healed":0,"gold_gain":0,"player_choice":"Card Removal","damage_taken":7,"max_hp_gain":0,"max_hp_loss":0,"event_name":"Golden Wing","floor":4,"gold_loss":0},{"damage_healed":0,"gold_gain":0,"player_choice":"Fought Mushrooms","damage_taken":0,"max_hp_gain":0,"max_hp_loss":0,"event_name":"Mushrooms","floor":13,"gold_loss":0},{"damage_healed":25,"gold_gain":0,"player_choice":"Heal","damage_taken":0,"max_hp_gain":0,"max_hp_loss":0,"event_name":"The Library","floor":21,"gold_loss":0},{"damage_healed":0,"gold_gain":0,"player_choice":"","damage_taken":7,"max_hp_gain":0,"max_hp_loss":0,"event_name":"Knowing Skull","floor":27,"potions_obtained":[],"gold_loss":0,"cards_obtained":[]},{"cards_removed":["Defend_G"],"damage_healed":0,"gold_gain":0,"player_choice":"Removed Skill","damage_taken":0,"max_hp_gain":0,"max_hp_loss":0,"event_name":"Falling","floor":42,"gold_loss":0},{"damage_healed":0,"gold_gain":0,"player_choice":"Memory 1","damage_taken":0,"max_hp_gain":0,"max_hp_loss":0,"event_name":"SensoryStone","floor":44,"gold_loss":0},{"damage_healed":0,"gold_gain":100,"player_choice":"Pray","damage_taken":0,"max_hp_gain":0,"max_hp_loss":0,"event_name":"Golden Shrine","floor":47,"gold_loss":0}],"is_beta":false,"boss_relics":[{"not_picked":["Ectoplasm","Runic Dome"],"picked":"Empty Cage"},{"not_picked":["Velvet Choker","Astrolabe"],"picked":"Sozu"}],"items_purged_floors":[12,22,28],"is_endless":false,"potions_floor_spawned":[2,7,8,10,14,16,20,23,29,33,36,38,48],"ascension_level":8}