{"gold_per_floor":[119,69,69,244,129,157,157,187,238,238,259,11,25,38,38,143,143,157,157,32,46,59,59,92,92,117,131,131,46,46],"floor_reached":30,"playtime":1579,"items_purged":["Strike_B","Strike_B","Defend_B"],"score":334,"play_id":"b2b27326-8fa5-489c-a5a3-ea3cc33bd8a6","local_time":"20190125021110","is_ascension_mode":true,"campfire_choices":[{"data":"Static Discharge","floor":7,"key":"SMITH"},{"data":"Zap","floor":10,"key":"SMITH"},{"data":"Hologram","floor":15,"key":"SMITH"},{"data":"White Noise","floor":23,"key":"SMITH"},{"data":"White Noise","floor":25,"key":"SMITH"},{"data":"Storm","floor":28,"key":"SMITH"}],"neow_cost":"TEN_PERCENT_HP_LOSS","seed_source_timestamp":128629312931822,"circlet_count":0,"master_deck":["Strike_B","Defend_B","Defend_B","Defend_B","Zap+1","Dualcast","Electrodynamics","White Noise+1","Doubt","Glacier","Static Discharge+1","White Noise+1","Conserve Battery","Tempest","Hologram+1","Creative AI","Cold Snap","Redo","Static Discharge","Amplify","Storm+1"],"relics":["Cracked Core","Incense Burner","Bottled Flame","Potion Belt","Odd Mushroom","Omamori","Cursed Key","Vajra","Ancient Tea Set","Cables"],"potions_floor_usage":[21,21,21,21,30],"damage_taken":[{"damage":19,"enemies":"Jaw Worm","floor":1,"turns":4},{"damage":11,"enemies":"Lagavulin","floor":6,"turns":11},{"damage":10,"enemies":"3 Sentries","floor":8,"turns":3},{"damage":10,"enemies":"The Mushroom Lair","floor":11,"turns":3},{"damage":2,"enemies":"Small Slimes","floor":13,"turns":2},{"damage":0,"enemies":"2 Louse","floor":14,"turns":1},{"damage":0,"enemies":"Slime Boss","floor":16,"turns":7},{"damage":8,"enemies":"Shell Parasite","floor":18,"turns":3},{"damage":0,"enemies":"2 Thieves","floor":21,"turns":2},{"damage":2,"enemies":"Snecko","floor":22,"turns":4},{"damage":47,"enemies":"Book of Stabbing","floor":24,"turns":4},{"damage":7,"enemies":"Centurion and Healer","floor":27,"turns":10},{"damage":16,"enemies":"Snake Plant","floor":30,"turns":1}],"seed_played":"-7220280260170493522","potions_obtained":[{"floor":6,"key":"PowerPotion"},{"floor":8,"key":"PowerPotion"},{"floor":16,"key":"AttackPotion"},{"floor":19,"key":"Poison Potion"},{"floor":19,"key":"Block Potion"},{"floor":24,"key":"SteroidPotion"}],"is_trial":false,"path_per_floor":["M","?","?","?","$","E","R","E","T","R","?","$","M","M","R","B",null,"M","?","$","M","M","R","E","R","T","M","R","?","M"],"character_chosen":"DEFECT","items_purchased":["Glacier","Omamori"],"campfire_rested":0,"item_purchase_floors":[5,12],"current_hp_per_floor":[49,49,54,54,54,43,43,33,33,33,23,23,21,21,21,21,73,65,65,65,65,63,63,16,16,16,9,9,9,0],"gold":46,"neow_bonus":"THREE_RARE_CARDS","is_prod":false,"is_daily":false,"chose_seed":false,"campfire_upgraded":6,"win_rate":0,"timestamp":1548378670,"path_taken":["M","?","?","?","?","E","R","E","T","R","?","$","?","M","R","BOSS","M","?","$","?","M","R","E","R","T","M","R","?","M"],"build_version":"2019-01-23","purchased_purges":3,"victory":false,"max_hp_per_floor":[68,68,73,73,73,73,73,73,73,73,73,73,73,73,73,73,73,73,73,73,73,73,73,73,73,73,73,73,73,73],"card_choices":[{"not_picked":["Reboot","Fission"],"picked":"Electrodynamics","floor":0},{"not_picked":["Ball Lightning","Gash"],"picked":"White Noise","floor":1},{"not_picked":["Stack","Sunder"],"picked":"Static Discharge","floor":6},{"not_picked":["Stack","Go for the Eyes"],"picked":"White Noise","floor":8},{"not_picked":["Steam","Go for the Eyes"],"picked":"Conserve Battery","floor":11},{"not_picked":["Hello World","Redo"],"picked":"Tempest","floor":13},{"not_picked":["Ball Lightning","Streamline"],"picked":"Hologram","floor":14},{"not_picked":["Core Surge","Buffer"],"picked":"Creative AI","floor":16},{"not_picked":["Ball Lightning","Leap"],"picked":"Cold Snap","floor":18},{"not_picked":["Beam Cell","FTL"],"picked":"Redo","floor":21},{"not_picked":["Redo","FTL"],"picked":"Static Discharge","floor":22},{"not_picked":["Ball Lightning+1","Darkness"],"picked":"Amplify","floor":24},{"not_picked":["Beam Cell","Streamline"],"picked":"Storm","floor":27}],"player_experience":55285,"relics_obtained":[{"floor":6,"key":"Incense Burner"},{"floor":8,"key":"Bottled Flame"},{"floor":9,"key":"Potion Belt"},{"floor":11,"key":"Odd Mushroom"},{"floor":24,"key":"Vajra"},{"floor":26,"key":"Ancient Tea Set"}],"event_choices":[{"cards_removed":["Strike_B"],"damage_healed":0,"gold_gain":0,"player_choice":"Card Removal","damage_taken":0,"max_hp_gain":0,"max_hp_loss":0,"event_name":"The Cleric","floor":2,"gold_loss":50},{"damage_healed":0,"gold_gain":0,"player_choice":"Donut","damage_taken":0,"max_hp_gain":5,"max_hp_loss":0,"event_name":"Big Fish","floor":3,"gold_loss":0},{"damage_healed":0,"gold_gain":175,"player_choice":"AGREE","damage_taken":0,"max_hp_gain":0,"max_hp_loss":0,"event_name":"Liars Game","floor":4,"gold_loss":0,"cards_obtained":["Doubt"]},{"damage_healed":0,"gold_gain":0,"player_choice":"Fought Mushrooms","damage_taken":0,"max_hp_gain":0,"max_hp_loss":0,"event_name":"Mushrooms","floor":11,"gold_loss":0},{"damage_healed":0,"gold_gain":0,"player_choice":"Got Potions","damage_taken":0,"max_hp_gain":0,"max_hp_loss":0,"event_name":"Lab","floor":19,"gold_loss":0},{"damage_healed":0,"gold_gain":0,"player_choice":"Obtained Relic","damage_taken":0,"relics_obtained":["Cables"],"max_hp_gain":0,"max_hp_loss":0,"event_name":"Addict","floor":29,"gold_loss":85}],"is_beta":false,"boss_relics":[{"not_picked":["Philosopher\u0027s Stone","Runic Pyramid"],"picked":"Cursed Key"}],"items_purged_floors":[5,12,20],"is_endless":false,"potions_floor_spawned":[6,8,16,24],"killed_by":"Snake Plant","ascension_level":2}