{"gold_per_floor":[116,127,92,92,17,44,63,63,63,76,76,104,104,118,118,189,189,202,60,72,86,98,98,98,98],"floor_reached":25,"playtime":1144,"items_purged":["Strike_R","Strike_R"],"score":405,"play_id":"adf6a242-6e17-4776-9eac-ae0b7b9a0e50","local_time":"20181117153823","is_ascension_mode":true,"campfire_choices":[{"data":"Body Slam","floor":8,"key":"SMITH"},{"data":"Rampage","floor":11,"key":"SMITH"},{"data":"Pommel Strike","floor":15,"key":"SMITH"},{"data":"Barricade","floor":23,"key":"SMITH"}],"neow_cost":"NONE","seed_source_timestamp":335388573311405,"circlet_count":0,"master_deck":["AscendersBane","Strike_R","Strike_R+1","Strike_R","Defend_R","Defend_R","Defend_R","Defend_R","Bash+1","Disarm+1","Pommel Strike+1","Body Slam+1","Armaments","Rampage+1","Shrug It Off","Barricade+1","Metallicize"],"relics":["Burning Blood","Whetstone","Sundial","Oddly Smooth Stone","Ornamental Fan","Orichalcum","Runic Dome"],"potions_floor_usage":[12,16,16,22,22,22,25,25],"damage_taken":[{"damage":9,"enemies":"Jaw Worm","floor":1,"turns":4},{"damage":8,"enemies":"Small Slimes","floor":2,"turns":5},{"damage":43,"enemies":"Lagavulin","floor":6,"turns":8},{"damage":1,"enemies":"Cultist","floor":7,"turns":3},{"damage":0,"enemies":"2 Fungi Beasts","floor":10,"turns":4},{"damage":7,"enemies":"3 Sentries","floor":12,"turns":8},{"damage":4,"enemies":"Blue Slaver","floor":14,"turns":4},{"damage":30,"enemies":"The Guardian","floor":16,"turns":13},{"damage":18,"enemies":"2 Thieves","floor":18,"turns":4},{"damage":3,"enemies":"3 Byrds","floor":20,"turns":8},{"damage":27,"enemies":"Sentry and Sphere","floor":21,"turns":9},{"damage":9,"enemies":"Shelled Parasite and Fungi","floor":22,"turns":5},{"damage":19,"enemies":"3 Cultists","floor":25,"turns":5}],"seed_played":"-371454184063517174","potions_obtained":[{"floor":2,"key":"Regen Potion"},{"floor":7,"key":"Energy Potion"},{"floor":14,"key":"GamblersBrew"},{"floor":20,"key":"GamblersBrew"},{"floor":21,"key":"EntropicBrew"},{"floor":22,"key":"BloodPotion"}],"is_trial":false,"path_per_floor":["M","M","?","?","$","E","M","R","T","M","R","E","?","M","R","B",null,"M","$","M","M","M","R","?","M"],"character_chosen":"IRONCLAD","items_purchased":["Metallicize"],"campfire_rested":0,"item_purchase_floors":[19],"current_hp_per_floor":[65,63,75,75,75,38,43,43,43,49,49,48,48,50,50,41,67,55,55,58,37,34,34,13,2],"gold":98,"neow_bonus":"RANDOM_COMMON_RELIC","is_prod":false,"is_daily":false,"chose_seed":false,"campfire_upgraded":4,"win_rate":0,"timestamp":1542494303,"path_taken":["M","M","?","?","$","E","M","R","T","?","R","E","?","M","R","BOSS","M","$","M","M","M","R","?","M"],"build_version":"2018-11-15","purchased_purges":2,"victory":false,"max_hp_per_floor":[75,75,75,75,75,75,75,75,75,75,75,75,75,75,75,75,75,75,75,75,75,75,75,80,80],"card_choices":[{"not_picked":["Twin Strike","Wild Strike"],"picked":"Disarm","floor":1},{"not_picked":["Flex","Evolve"],"picked":"Pommel Strike","floor":2},{"not_picked":["Clash","Hemokinesis"],"picked":"Body Slam","floor":6},{"not_picked":["Heavy Blade","Dual Wield"],"picked":"Armaments","floor":7},{"not_picked":["Uppercut","Intimidate"],"picked":"Rampage","floor":10},{"not_picked":["Armaments","Heavy Blade","Clash"],"picked":"SKIP","floor":12},{"not_picked":["Clothesline","Flex"],"picked":"Shrug It Off","floor":14},{"not_picked":["Fiend Fire","Exhume"],"picked":"Barricade","floor":16},{"not_picked":["Clash","Second Wind","Evolve"],"picked":"SKIP","floor":18},{"not_picked":["Clash","Hemokinesis","Carnage"],"picked":"SKIP","floor":20},{"not_picked":["Armaments+1","Thunderclap","Iron Wave"],"picked":"SKIP","floor":21},{"not_picked":["Flex","Sever Soul","Sword Boomerang"],"picked":"SKIP","floor":22}],"player_experience":1133019,"relics_obtained":[{"floor":6,"key":"Sundial"},{"floor":9,"key":"Oddly Smooth Stone"},{"floor":12,"key":"Ornamental Fan"}],"event_choices":[{"damage_healed":18,"gold_gain":0,"player_choice":"Healed","damage_taken":0,"max_hp_gain":0,"max_hp_loss":0,"event_name":"The Cleric","floor":3,"gold_loss":35},{"damage_healed":0,"gold_gain":0,"player_choice":"Upgraded","damage_taken":0,"max_hp_gain":0,"max_hp_loss":0,"event_name":"Upgrade Shrine","floor":4,"gold_loss":0,"cards_upgraded":["Disarm"]},{"damage_healed":0,"gold_gain":0,"player_choice":"Searched \u00271\u0027 times","damage_taken":0,"relics_obtained":["Orichalcum"],"max_hp_gain":0,"max_hp_loss":0,"event_name":"Dead Adventurer","floor":13,"gold_loss":0},{"damage_healed":0,"gold_gain":0,"player_choice":"Shed Blood","damage_taken":26,"max_hp_gain":5,"max_hp_loss":0,"event_name":"Forgotten Altar","floor":24,"gold_loss":0}],"is_beta":true,"boss_relics":[{"not_picked":["Empty Cage","Black Star"],"picked":"Runic Dome"}],"items_purged_floors":[5,19],"is_endless":false,"potions_floor_spawned":[2,7,14,20,21,22],"killed_by":"3 Cultists","ascension_level":18}