{"gold_per_floor":[118,118,118,2,2,2,33,33,113,113,132,132,47,64,64,136,136,149,106,26,26,26,26,26,46,46,64,64,78,78,78,78,153,153,170,170,64,44,55,55,55],"floor_reached":41,"playtime":1933,"items_purged":["Decay"],"score":728,"play_id":"d4c9fdd3-6af9-44c6-916f-0fccc39b0890","local_time":"20180919151332","is_ascension_mode":true,"campfire_choices":[{"data":"Go for the Eyes","floor":6,"key":"SMITH"},{"floor":10,"key":"REST"},{"data":"Gash","floor":12,"key":"SMITH"},{"data":"Hologram","floor":15,"key":"SMITH"},{"floor":23,"key":"REST"},{"floor":28,"key":"REST"},{"floor":32,"key":"REST"},{"floor":40,"key":"REST"}],"neow_cost":"NONE","seed_source_timestamp":589018102704236,"circlet_count":0,"master_deck":["Strike_B+1","Defend_B","Defend_B+1","Defend_B","Defend_B","Zap+1","AscendersBane","Gash+1","Sweeping Beam","Leap","Go for the Eyes+1","Reinforced Body","White Noise","Gash","Hologram+1","Ball Lightning","White Noise","Reboot","Steam Power+1","Amplify+1","White Noise+1","Streamline+1","Loop+1","Gash","Zap+1","Stack+1","Ball Lightning+1","Seek","Buffer+1","Buffer+1","Leap","Heatsinks+1"],"relics":["Cracked Core","Bag of Preparation","WingedGreaves","Frozen Egg 2","Astrolabe","Nilry\u0027s Codex","Bottled Flame","Fusion Hammer"],"potions_floor_usage":[16,27,29,39,41],"damage_taken":[{"damage":7,"enemies":"Jaw Worm","floor":1,"turns":3},{"damage":22,"enemies":"3 Sentries","floor":7,"turns":6},{"damage":0,"enemies":"2 Louse","floor":11,"turns":2},{"damage":0,"enemies":"Small Slimes","floor":14,"turns":3},{"damage":16,"enemies":"Slime Boss","floor":16,"turns":6},{"damage":32,"enemies":"Chosen","floor":18,"turns":5},{"damage":5,"enemies":"2 Thieves","floor":20,"turns":4},{"damage":19,"enemies":"Snake Plant","floor":25,"turns":5},{"damage":12,"enemies":"3 Cultists","floor":27,"turns":4},{"damage":20,"enemies":"Centurion and Healer","floor":29,"turns":7},{"damage":31,"enemies":"Automaton","floor":33,"turns":9},{"damage":38,"enemies":"3 Darklings","floor":35,"turns":6},{"damage":0,"enemies":"Orb Walker","floor":39,"turns":6},{"damage":55,"enemies":"Nemesis","floor":41,"turns":8}],"seed_played":"841690560286406087","potions_obtained":[{"floor":1,"key":"PowerPotion"},{"floor":11,"key":"SpeedPotion"},{"floor":16,"key":"Strength Potion"},{"floor":27,"key":"PowerPotion"},{"floor":29,"key":"SteroidPotion"},{"floor":35,"key":"FocusPotion"},{"floor":38,"key":"GamblersBrew"},{"floor":39,"key":"Strength Potion"}],"is_trial":false,"path_per_floor":["M","?","?","$","?","R","E","?","T","R","M","R","$","M","R","B",null,"M","$","M","?","$","R","?","M","T","M","R","M","?","?","R","B",null,"M","?","$","?","M","R"],"character_chosen":"DEFECT","items_purchased":["Leap","Go for the Eyes","Hologram","Ball Lightning","Loop+1","Leap"],"campfire_rested":5,"item_purchase_floors":[4,4,13,13,19,37],"current_hp_per_floor":[57,57,36,36,36,36,14,14,14,35,35,35,35,35,35,19,58,40,40,42,21,21,42,42,23,23,11,32,26,26,26,47,30,61,23,23,23,23,23,44,0],"gold":55,"neow_bonus":"THREE_CARDS","is_prod":false,"is_daily":false,"chose_seed":false,"campfire_upgraded":3,"win_rate":0,"timestamp":1537391612,"path_taken":["M","?","?","$","?","R","E","?","T","R","?","R","$","M","R","BOSS","M","$","M","?","$","R","?","M","T","M","R","M","?","?","R","BOSS","M","?","$","?","?","R","E"],"build_version":"2018-09-18v3","purchased_purges":1,"victory":false,"max_hp_per_floor":[71,71,71,71,71,71,71,71,71,71,71,71,71,71,71,71,71,71,71,71,71,71,71,71,71,71,71,71,71,71,71,71,71,71,71,71,71,71,71,71,71],"card_choices":[{"not_picked":["Barrage","Self Repair"],"picked":"Gash","floor":0},{"not_picked":["Chaos","Redo"],"picked":"Sweeping Beam","floor":1},{"not_picked":["Aggregate","Turbo"],"picked":"Reinforced Body","floor":7},{"not_picked":["Ball Lightning","Stack"],"picked":"Gash","floor":11},{"not_picked":["Redo","Meteor Strike"],"picked":"White Noise","floor":14},{"not_picked":["Thunder Strike","Core Surge"],"picked":"Reboot","floor":16},{"not_picked":["Barrage","Stack"],"picked":"Streamline+1","floor":18},{"not_picked":["Hologram","Barrage"],"picked":"Gash","floor":20},{"not_picked":["Aggregate","Reprogram"],"picked":"Stack+1","floor":25},{"not_picked":["Conserve Battery","Steam"],"picked":"Ball Lightning+1","floor":27},{"not_picked":["Darkness","Barrage"],"picked":"Seek","floor":29},{"not_picked":["Reboot","Core Surge"],"picked":"Buffer+1","floor":33},{"not_picked":["Go for the Eyes+1","Consume","Streamline"],"picked":"SKIP","floor":35},{"not_picked":["Rebound+1","Go for the Eyes+1"],"picked":"Heatsinks+1","floor":39}],"player_experience":1035275,"relics_obtained":[{"floor":7,"key":"WingedGreaves"},{"floor":9,"key":"Frozen Egg 2"},{"floor":21,"key":"Nilry\u0027s Codex"},{"floor":26,"key":"Bottled Flame"}],"event_choices":[{"event_name":"Living Wall","player_choice":"Grow","floor":2,"damage_taken":0},{"event_name":"Shining Light","player_choice":"Entered Light","floor":3,"damage_taken":0},{"event_name":"WeMeetAgain","player_choice":"Potion","floor":5,"damage_taken":0},{"event_name":"Transmorgrifier","player_choice":"Transform","floor":8,"damage_taken":0},{"event_name":"Cursed Tome","player_choice":"Obtained Book","floor":21,"damage_taken":0},{"event_name":"Match and Keep!","player_choice":"2 cards matched","floor":24,"damage_taken":0},{"event_name":"Accursed Blacksmith","player_choice":"Forge","floor":30,"damage_taken":0},{"event_name":"The Mausoleum","player_choice":"No","floor":31,"damage_taken":0},{"event_name":"Duplicator","player_choice":"One dupe","floor":36,"damage_taken":0},{"event_name":"The Woman in Blue","player_choice":"Bought 1 Potion","floor":38,"damage_taken":0}],"is_beta":true,"boss_relics":[{"not_picked":["Coffee Dripper","Black Star"],"picked":"Astrolabe"},{"not_picked":["Lizard Tail","Snecko Eye"],"picked":"Fusion Hammer"}],"items_purged_floors":[37],"is_endless":false,"potions_floor_spawned":[1,11,16,27,29,35,39],"killed_by":"Nemesis","ascension_level":18}