{"gold_per_floor":[111,111,186,38,56,56,83,83,108,139,156,156,156,190,190,288,288,307,307,13,13,13,45,45,77,77,97,132,132,150,161,161,257,257,270,23,38,49,69,69,95,95,121,132,166,166,166,184,184,184],"floor_reached":51,"playtime":2098,"items_purged":["Strike_B","Strike_B+1","Recycle"],"score":894,"play_id":"68ecf98f-508b-4ae7-8ae1-386e6ee5c9f0","local_time":"20180731140648","is_ascension_mode":true,"campfire_choices":[{"data":"Consume","floor":6,"key":"SMITH"},{"data":"Zap","floor":8,"key":"SMITH"},{"data":"Storm","floor":12,"key":"SMITH"},{"data":"Defragment","floor":15,"key":"SMITH"},{"data":"Capacitor","floor":24,"key":"SMITH"},{"data":"Capacitor","floor":29,"key":"SMITH"},{"data":"Dualcast","floor":32,"key":"SMITH"},{"data":"Consume","floor":40,"key":"SMITH"},{"data":"Heatsinks","floor":42,"key":"SMITH"},{"data":"Tempest","floor":49,"key":"SMITH"}],"neow_cost":"NONE","seed_source_timestamp":532604858232440,"circlet_count":0,"master_deck":["Zap+1","Dualcast+1","Storm+1","Self Repair","Consume+1","Heatsinks+1","BootSequence","Leap","Defragment+1","Electrodynamics","FTL","Capacitor+1","Ball Lightning","Self Repair","Capacitor+1","FTL","Glacier+1","Echo Form","Conserve Battery","Cold Snap","Compile Driver","Consume+1","Static Discharge+1","Force Field","Conserve Battery+1","Coolheaded+1","Auto Shields+1","Glacier+1","Machine Learning","Tempest+1"],"relics":["Cracked Core","Du-Vu Doll","Bronze Scales","Omamori","Question Card","Nuclear Battery","Art of War","Bottled Flame","The Courier","Meat on the Bone","Mango","Pear","Pandora\u0027s Box","Lantern","Pen Nib","Anchor","Bottled Tornado"],"potions_floor_usage":[14,14,16,50,50],"damage_taken":[{"damage":0,"enemies":"Small Slimes","floor":1,"turns":2},{"damage":2,"enemies":"2 Louse","floor":5,"turns":3},{"damage":25,"enemies":"3 Sentries","floor":7,"turns":9},{"damage":36,"enemies":"Gremlin Nob","floor":10,"turns":4},{"damage":0,"enemies":"Jaw Worm","floor":11,"turns":3},{"damage":14,"enemies":"3 Sentries","floor":14,"turns":6},{"damage":20,"enemies":"Slime Boss","floor":16,"turns":9},{"damage":10,"enemies":"Spheric Guardian","floor":18,"turns":4},{"damage":16,"enemies":"Book of Stabbing","floor":23,"turns":4},{"damage":3,"enemies":"Gremlin Leader","floor":25,"turns":4},{"damage":1,"enemies":"Shell Parasite","floor":27,"turns":4},{"damage":13,"enemies":"Book of Stabbing","floor":28,"turns":4},{"damage":0,"enemies":"Cultist and Chosen","floor":30,"turns":3},{"damage":3,"enemies":"Slaver and Parasite","floor":31,"turns":3},{"damage":32,"enemies":"Collector","floor":33,"turns":6},{"damage":18,"enemies":"3 Darklings","floor":35,"turns":2},{"damage":2,"enemies":"Flame Bruiser 1 Orb","floor":37,"turns":3},{"damage":0,"enemies":"Sphere and 2 Shapes","floor":38,"turns":2},{"damage":0,"enemies":"Spire Growth","floor":39,"turns":4},{"damage":36,"enemies":"2 Orb Walkers","floor":41,"turns":3},{"damage":8,"enemies":"Maw","floor":44,"turns":6},{"damage":0,"enemies":"Giant Head","floor":45,"turns":7},{"damage":0,"enemies":"4 Shapes","floor":48,"turns":4},{"damage":19,"enemies":"Time Eater","floor":50,"turns":10}],"seed_played":"-4086420527414761701","potions_obtained":[{"floor":10,"key":"GamblersBrew"},{"floor":11,"key":"LiquidBronze"},{"floor":14,"key":"Block Potion"},{"floor":18,"key":"SteroidPotion"},{"floor":23,"key":"Ancient Potion"},{"floor":25,"key":"Strength Potion"},{"floor":38,"key":"Energy Potion"}],"is_trial":false,"path_per_floor":["M","?","?","$","M","R","E","R","T","E","M","R","?","E","R","B",null,"M","?","$","T","$","E","R","E","T","M","E","R","M","M","R","B",null,"M","$","M","M","M","R","E","R","T","M","E","?","?","M","R","B"],"character_chosen":"DEFECT","items_purchased":["Self Repair","Capacitor","Art of War","Force Field","Lantern"],"campfire_rested":0,"item_purchase_floors":[4,20,20,36,36],"current_hp_per_floor":[82,66,55,55,60,60,42,42,42,13,20,20,40,33,33,20,82,72,72,72,72,72,63,63,67,81,94,105,105,106,106,106,88,106,95,95,93,100,100,100,71,71,71,77,98,106,106,106,106,101],"gold":184,"neow_bonus":"TEN_PERCENT_HP_BONUS","is_prod":false,"is_daily":false,"chose_seed":false,"campfire_upgraded":10,"win_rate":0,"timestamp":1533067608,"path_taken":["M","?","?","$","M","R","E","R","T","E","M","R","?","E","R","BOSS","M","?","$","?","?","E","R","E","T","M","E","R","?","M","R","BOSS","M","$","M","M","M","R","E","R","T","M","E","?","?","M","R","BOSS"],"build_version":"2018-07-30","purchased_purges":3,"victory":true,"max_hp_per_floor":[82,82,82,82,82,82,82,82,82,82,82,82,82,82,82,82,82,82,82,82,82,82,82,82,82,96,96,106,106,106,106,106,106,106,106,106,106,106,106,106,106,106,106,106,106,106,106,106,106,106],"card_choices":[{"not_picked":["Coolheaded","Tempest"],"picked":"Storm","floor":1},{"not_picked":["Compile Driver","Stack"],"picked":"Consume","floor":5},{"not_picked":["Stack","Go for the Eyes"],"picked":"Heatsinks","floor":7},{"not_picked":["Blizzard","Gash"],"picked":"BootSequence","floor":10},{"not_picked":["Compile Driver","Go for the Eyes"],"picked":"Leap","floor":11},{"not_picked":["Machine Learning","BootSequence"],"picked":"Defragment","floor":14},{"not_picked":["Multi-Cast","Meteor Strike","Amplify"],"picked":"Electrodynamics","floor":16},{"not_picked":["Lockon","Rebound","Compile Driver"],"picked":"FTL","floor":18},{"not_picked":["Hologram","Chaos","Gash"],"picked":"Ball Lightning","floor":23},{"not_picked":["Sweeping Beam+1","Redo","Skim"],"picked":"Self Repair","floor":25},{"not_picked":["Chaos+1","Lockon","Compile Driver+1"],"picked":"Capacitor","floor":27},{"not_picked":["Fusion","Genetic Algorithm","Sunder"],"picked":"FTL","floor":28},{"not_picked":["Beam Cell","Stack","Coolheaded"],"picked":"Glacier+1","floor":30},{"not_picked":["Self Repair","Lockon","Sweeping Beam","Reinforced Body"],"picked":"SKIP","floor":31},{"not_picked":["Thunder Strike","Rainbow","Fission"],"picked":"Echo Form","floor":33},{"not_picked":["Skim+1","Barrage+1","Hologram+1"],"picked":"Static Discharge+1","floor":35},{"not_picked":["Consume+1","Steam","Lockon"],"picked":"Conserve Battery+1","floor":37},{"not_picked":["Go for the Eyes","FTL+1","Rebound+1"],"picked":"Coolheaded+1","floor":38},{"not_picked":["Gash","Scrape","Doom and Gloom+1"],"picked":"Auto Shields+1","floor":39},{"not_picked":["Ball Lightning","Sunder+1","Auto Shields+1","Consume+1"],"picked":"SKIP","floor":41},{"not_picked":["Turbo+1","Rebound+1","Steam+1"],"picked":"Glacier+1","floor":44},{"not_picked":["Hello World+1","Fusion","Ball Lightning"],"picked":"Machine Learning","floor":45},{"not_picked":["Ball Lightning+1","Auto Shields+1","Compile Driver+1","Tempest+1"],"picked":"SKIP","floor":48}],"player_experience":891960,"relics_obtained":[{"floor":7,"key":"Du-Vu Doll"},{"floor":9,"key":"Bronze Scales"},{"floor":10,"key":"Omamori"},{"floor":14,"key":"Question Card"},{"floor":21,"key":"Bottled Flame"},{"floor":23,"key":"The Courier"},{"floor":25,"key":"Meat on the Bone"},{"floor":26,"key":"Mango"},{"floor":28,"key":"Pear"},{"floor":41,"key":"Pen Nib"},{"floor":43,"key":"Anchor"},{"floor":45,"key":"Bottled Tornado"}],"event_choices":[{"event_name":"Shining Light","player_choice":"Entered Light","floor":2,"damage_taken":0},{"event_name":"World of Goop","player_choice":"Gather Gold","floor":3,"damage_taken":0},{"event_name":"Mushrooms","player_choice":"Healed and dodged fight","floor":13,"damage_taken":0},{"event_name":"Back to Basics","player_choice":"Simplicity","floor":19,"damage_taken":0},{"event_name":"Winding Halls","player_choice":"Writhe","floor":46,"damage_taken":0},{"event_name":"Transmorgrifier","player_choice":"Transform","floor":47,"damage_taken":0}],"is_beta":true,"boss_relics":[{"not_picked":["Lizard Tail","Fusion Hammer"],"picked":"Nuclear Battery"},{"not_picked":["Velvet Choker","Tiny House"],"picked":"Pandora\u0027s Box"}],"items_purged_floors":[4,20,36],"is_endless":false,"potions_floor_spawned":[10,11,14,18,23,25,33,38,39,41],"ascension_level":1}