{"gold_per_floor":[116,127,202,220,231,264,264,289,289,319,329,329,329,349,349,448,448,460,448,460,472,484,484,514,530,530,630,657,667,667,694,694,798,798,815,826,845,153,153,153,178,198,223,248,258,14,14,34,34,34,34,34,34,60,60],"floor_reached":55,"playtime":39866,"items_purged":["Injury","Clumsy"],"score":904,"play_id":"a1cbda92-9e02-4936-8282-8bb99a975e7b","local_time":"20190210223242","is_ascension_mode":true,"campfire_choices":[{"data":"Defragment","floor":7,"key":"SMITH"},{"floor":13,"key":"REST"},{"floor":15,"key":"REST"},{"floor":23,"key":"REST"},{"floor":30,"key":"RECALL"},{"floor":32,"key":"REST"},{"floor":40,"key":"REST"},{"floor":49,"key":"REST"},{"data":"Loop","floor":52,"key":"SMITH"}],"neow_cost":"NONE","seed_source_timestamp":1914358670946051,"circlet_count":0,"master_deck":["Strike_B","Strike_B","Strike_B","Strike_B","Defend_B","Defend_B","Defend_B+1","Defend_B","Zap+1","Dualcast","Defragment+1","Loop+1","Cold Snap","Coolheaded","Stack","Storm","Reinforced Body+1","Static Discharge","Coolheaded+1","Amplify+1","Redo+1","BootSequence+1","Electrodynamics","Static Discharge","Self Repair+1","Heatsinks+1","Capacitor","Aggregate+1","Fusion+1","Cold Snap","Reboot+1","Go for the Eyes","Beam Cell","Redo+1","Capacitor","Barrage","Coolheaded+1","Consume+1","Self Repair+1","Self Repair","Reboot+1","White Noise+1","Forethought+1","Meteor Strike","Magnetism","Enlightenment+1","White Noise+1","Force Field+1","Chill+1","Go for the Eyes+1","Magnetism","Madness+1","Madness+1","Chill+1","White Noise+1"],"relics":["Cursed Key","Bottled Tornado","War Paint","Toxic Egg 2","Question Card","Runic Pyramid","PreservedInsect","Regal Pillow","Shuriken","Orrery","Omamori","Pen Nib","Smiling Mask","Happy Flower","Bird Faced Urn"],"potions_floor_usage":[24,28,28,31,33,41,42,54],"damage_taken":[{"damage":1,"enemies":"Jaw Worm","floor":1,"turns":4},{"damage":2,"enemies":"2 Louse","floor":2,"turns":2},{"damage":6,"enemies":"Cultist","floor":4,"turns":4},{"damage":4,"enemies":"Blue Slaver","floor":5,"turns":4},{"damage":1,"enemies":"Lagavulin","floor":6,"turns":8},{"damage":9,"enemies":"Gremlin Nob","floor":8,"turns":5},{"damage":12,"enemies":"3 Sentries","floor":10,"turns":15},{"damage":16,"enemies":"3 Louse","floor":11,"turns":4},{"damage":14,"enemies":"Exordium Thugs","floor":14,"turns":4},{"damage":4,"enemies":"Hexaghost","floor":16,"turns":16},{"damage":12,"enemies":"Shell Parasite","floor":18,"turns":6},{"damage":31,"enemies":"2 Thieves","floor":19,"turns":4},{"damage":9,"enemies":"Snecko","floor":20,"turns":8},{"damage":3,"enemies":"Centurion and Healer","floor":21,"turns":5},{"damage":0,"enemies":"Snake Plant","floor":22,"turns":5},{"damage":14,"enemies":"Slavers","floor":24,"turns":4},{"damage":12,"enemies":"Shelled Parasite and Fungi","floor":25,"turns":4},{"damage":17,"enemies":"Gremlin Leader","floor":28,"turns":6},{"damage":0,"enemies":"Snecko","floor":29,"turns":7},{"damage":13,"enemies":"Book of Stabbing","floor":31,"turns":6},{"damage":20,"enemies":"Automaton","floor":33,"turns":12},{"damage":37,"enemies":"3 Shapes","floor":35,"turns":6},{"damage":6,"enemies":"3 Darklings","floor":36,"turns":4},{"damage":30,"enemies":"Jaw Worm Horde","floor":37,"turns":6},{"damage":0,"enemies":"Giant Head","floor":41,"turns":6},{"damage":68,"enemies":"Transient","floor":42,"turns":5},{"damage":0,"enemies":"Nemesis","floor":44,"turns":7},{"damage":31,"enemies":"Spire Growth","floor":45,"turns":6},{"damage":0,"enemies":"Maw","floor":48,"turns":9},{"damage":18,"enemies":"Donu and Deca","floor":50,"turns":11},{"damage":65,"enemies":"Shield and Spear","floor":54,"turns":7},{"damage":39,"enemies":"The Heart","floor":55,"turns":2}],"seed_played":"7191473750374633533","potions_obtained":[{"floor":4,"key":"FocusPotion"},{"floor":6,"key":"GamblersBrew"},{"floor":10,"key":"FocusPotion"},{"floor":21,"key":"Weak Potion"},{"floor":25,"key":"PowerPotion"},{"floor":28,"key":"SteroidPotion"},{"floor":29,"key":"Poison Potion"},{"floor":31,"key":"Poison Potion"},{"floor":36,"key":"Explosive Potion"},{"floor":48,"key":"FocusPotion"},{"floor":54,"key":"LiquidBronze"}],"is_trial":false,"path_per_floor":["M","M","?","M","M","E","R","E","T","E","M","?","R","M","R","B",null,"M","M","M","M","M","R","E","M","T","?","E","M","R","E","R","B",null,"M","M","M","$","?","R","E","M","T","E","M","$","?","M","R","B",null,"R","$","E","B"],"character_chosen":"DEFECT","items_purchased":["Omamori","Self Repair","Reboot+1","White Noise+1","Forethought+1","Meteor Strike","Magnetism"],"campfire_rested":6,"item_purchase_floors":[38,38,38,38,38,38,46],"current_hp_per_floor":[74,72,61,55,51,50,50,41,41,29,13,13,35,21,43,39,75,63,32,23,20,20,42,28,36,36,36,29,29,29,36,73,63,75,58,62,42,42,37,74,75,17,17,34,30,30,21,48,75,75,75,75,75,27,0],"gold":60,"neow_bonus":"BOSS_RELIC","is_prod":false,"is_daily":false,"chose_seed":false,"campfire_upgraded":2,"win_rate":0,"timestamp":1549837962,"path_taken":["M","M","?","M","M","E","R","E","T","E","M","?","R","M","R","BOSS","M","M","M","M","M","R","E","M","T","?","E","M","R","E","R","BOSS","M","M","M","$","?","R","E","M","T","E","M","$","?","M","R","BOSS","R","$","E","BOSS"],"build_version":"2019-01-23","purchased_purges":2,"victory":false,"max_hp_per_floor":[75,75,75,75,75,75,75,75,75,75,75,75,75,75,75,75,75,75,75,75,75,75,75,75,75,75,75,75,75,75,75,75,75,75,75,75,75,75,75,75,75,75,75,75,75,75,75,75,75,75,75,75,75,75,75],"card_choices":[{"not_picked":["Coolheaded","FTL"],"picked":"Defragment","floor":1},{"not_picked":["Skim","Gash"],"picked":"Loop","floor":2},{"not_picked":["Go for the Eyes","Steam Power"],"picked":"Cold Snap","floor":4},{"not_picked":["Reprogram","Go for the Eyes"],"picked":"Coolheaded","floor":5},{"not_picked":["Undo","Scrape"],"picked":"Stack","floor":6},{"not_picked":["Scrape","Lockon"],"picked":"Storm","floor":8},{"not_picked":["Rebound","Barrage"],"picked":"Reinforced Body+1","floor":10},{"not_picked":["Gash","Loop","Creative AI"],"picked":"Static Discharge","floor":11},{"not_picked":["Leap+1","Hologram+1","Stack+1"],"picked":"Coolheaded+1","floor":14},{"not_picked":["Creative AI","Rainbow+1","Biased Cognition"],"picked":"Amplify+1","floor":16},{"not_picked":["Barrage","Darkness+1","Gash"],"picked":"Redo+1","floor":18},{"not_picked":["Reinforced Body+1","Streamline","Turbo+1"],"picked":"BootSequence+1","floor":19},{"not_picked":["Turbo+1","Recycle+1","FTL"],"picked":"Electrodynamics","floor":20},{"not_picked":["Skim+1","Ball Lightning+1","Gash"],"picked":"Static Discharge","floor":21},{"not_picked":["Steam Power+1","Rip and Tear","Genetic Algorithm+1"],"picked":"Self Repair+1","floor":22},{"not_picked":["Compile Driver","Conserve Battery+1","Leap+1"],"picked":"Heatsinks+1","floor":24},{"not_picked":["Conserve Battery+1","Rebound","Steam Power+1"],"picked":"Capacitor","floor":25},{"not_picked":["Gash+1","Meteor Strike","Multi-Cast+1"],"picked":"Aggregate+1","floor":28},{"not_picked":["Steam+1","Go for the Eyes","Redo+1"],"picked":"Fusion+1","floor":29},{"not_picked":["Reinforced Body+1","Streamline","Hologram+1"],"picked":"Cold Snap","floor":31},{"not_picked":["All For One","Electrodynamics","Core Surge"],"picked":"Reboot+1","floor":33},{"not_picked":["Conserve Battery+1","Gash","Fission+1"],"picked":"Go for the Eyes","floor":34},{"not_picked":["Steam+1","Conserve Battery+1","Go for the Eyes"],"picked":"Beam Cell","floor":34},{"not_picked":["Sweeping Beam","Go for the Eyes","Static Discharge"],"picked":"Redo+1","floor":34},{"not_picked":["Scrape","Tempest+1","Reinforced Body+1"],"picked":"Capacitor","floor":34},{"not_picked":["Undo+1","Hologram+1","Turbo+1"],"picked":"Barrage","floor":34},{"not_picked":["Skim+1","Storm+1","Sweeping Beam+1"],"picked":"Coolheaded+1","floor":35},{"not_picked":["Compile Driver+1","Coolheaded+1","BootSequence+1"],"picked":"Consume+1","floor":36},{"not_picked":["Sweeping Beam+1","Darkness+1","Barrage"],"picked":"Self Repair+1","floor":37},{"not_picked":["Thinking Ahead+1","Jack Of All Trades+1","Deep Breath+1"],"picked":"Magnetism","floor":39},{"not_picked":["Panacea+1","Mind Blast","Blind+1"],"picked":"Enlightenment+1","floor":39},{"not_picked":["Go for the Eyes","Ball Lightning","Tempest+1"],"picked":"White Noise+1","floor":41},{"not_picked":["Leap+1","Steam+1","Coolheaded+1"],"picked":"Force Field+1","floor":42},{"not_picked":["Storm+1","Leap+1","Compile Driver+1"],"picked":"Chill+1","floor":44},{"not_picked":["Fission+1","Redo+1","Hologram+1"],"picked":"Go for the Eyes+1","floor":45},{"not_picked":["Go for the Eyes","Rebound+1","Recycle+1"],"picked":"Chill+1","floor":48},{"not_picked":["Melter+1","Amplify+1","Redo+1"],"picked":"White Noise+1","floor":54}],"player_experience":493014,"relics_obtained":[{"floor":6,"key":"Bottled Tornado"},{"floor":8,"key":"War Paint"},{"floor":9,"key":"Toxic Egg 2"},{"floor":10,"key":"Question Card"},{"floor":24,"key":"PreservedInsect"},{"floor":28,"key":"Regal Pillow"},{"floor":31,"key":"Shuriken"},{"floor":41,"key":"Pen Nib"},{"floor":43,"key":"Smiling Mask"},{"floor":44,"key":"Happy Flower"},{"floor":54,"key":"Bird Faced Urn"}],"event_choices":[{"damage_healed":0,"gold_gain":75,"player_choice":"Gather Gold","damage_taken":11,"max_hp_gain":0,"max_hp_loss":0,"event_name":"World of Goop","floor":3,"gold_loss":0},{"damage_healed":0,"gold_gain":0,"player_choice":"Ignored","damage_taken":0,"max_hp_gain":0,"max_hp_loss":0,"event_name":"Golden Wing","floor":12,"gold_loss":0},{"damage_healed":0,"gold_gain":100,"player_choice":"Pray","damage_taken":0,"max_hp_gain":0,"max_hp_loss":0,"event_name":"Golden Shrine","floor":27,"gold_loss":0},{"damage_healed":0,"gold_gain":0,"player_choice":"Memory 2","damage_taken":5,"max_hp_gain":0,"max_hp_loss":0,"event_name":"SensoryStone","floor":39,"gold_loss":0},{"damage_healed":0,"gold_gain":0,"player_choice":"Embrace Madness","damage_taken":9,"max_hp_gain":0,"max_hp_loss":0,"event_name":"Winding Halls","floor":47,"gold_loss":0,"cards_obtained":["Madness","Madness"]}],"is_beta":false,"boss_relics":[{"not_picked":["Runic Dome","Eternal Feather"],"picked":"Runic Pyramid"},{"not_picked":["Tiny House","Snecko Eye"],"picked":"Orrery"}],"items_purged_floors":[38,46],"is_endless":false,"potions_floor_spawned":[4,6,10,11,16,19,21,25,28,29,31,36,37,48,54],"killed_by":"The Heart","ascension_level":1}