{"gold_per_floor":[147,162,237,237,237,237,249,249,275,310,332,347,347,347,347,347],"floor_reached":16,"playtime":416,"items_purged":[],"score":186,"play_id":"96254122-a03b-424f-b2b6-64b6f9602ea5","local_time":"20181202005443","is_ascension_mode":true,"campfire_choices":[{"data":"True Grit","floor":6,"key":"SMITH"},{"data":"Flame Barrier","floor":8,"key":"SMITH"},{"floor":13,"key":"REST"},{"data":"Body Slam","floor":15,"key":"SMITH"}],"neow_cost":"NONE","seed_source_timestamp":1579096200816373,"circlet_count":0,"master_deck":["AscendersBane","Strike_R","Strike_R","Strike_R","Strike_R+1","Defend_R","Defend_R","Defend_R+1","Defend_R","Bash","Flame Barrier+1","True Grit+1","Pommel Strike","Body Slam+1","Thunderclap","Decay"],"relics":["Burning Blood","Tiny Chest","Bag of Marbles","Strawberry","Odd Mushroom"],"potions_floor_usage":[10,10],"damage_taken":[{"damage":6,"enemies":"2 Louse","floor":1,"turns":3},{"damage":1,"enemies":"Cultist","floor":2,"turns":3},{"damage":5,"enemies":"Jaw Worm","floor":7,"turns":6},{"damage":28,"enemies":"Gremlin Nob","floor":10,"turns":4},{"damage":14,"enemies":"The Mushroom Lair","floor":11,"turns":5},{"damage":21,"enemies":"Large Slime","floor":12,"turns":9},{"damage":0,"enemies":"The Guardian","floor":16,"turns":2}],"seed_played":"2861938123647098227","potions_obtained":[{"floor":1,"key":"Regen Potion"},{"floor":2,"key":"GamblersBrew"}],"is_trial":false,"path_per_floor":["M","M","?","?","?","R","M","R","T","E","?","M","R","?","R","B"],"character_chosen":"IRONCLAD","items_purchased":[],"campfire_rested":1,"item_purchase_floors":[],"current_hp_per_floor":[68,73,62,39,39,39,40,40,40,30,22,7,31,31,31,31],"gold":347,"neow_bonus":"RANDOM_COMMON_RELIC","is_prod":false,"is_daily":false,"chose_seed":false,"campfire_upgraded":3,"win_rate":0,"timestamp":1543737283,"path_taken":["M","M","?","?","?","R","?","R","T","E","?","M","R","?","R","BOSS"],"build_version":"2018-11-15","purchased_purges":0,"victory":false,"max_hp_per_floor":[75,75,75,75,75,75,75,75,75,82,82,82,82,82,82,82],"card_choices":[{"not_picked":["Dual Wield","Rampage"],"picked":"Flame Barrier","floor":1},{"not_picked":["Twin Strike","Power Through"],"picked":"True Grit","floor":2},{"not_picked":["Body Slam","Cleave"],"picked":"Pommel Strike","floor":7},{"not_picked":["Clash","Heavy Blade","Bloodletting"],"picked":"SKIP","floor":10},{"not_picked":["Flex","Cleave"],"picked":"Body Slam","floor":11},{"not_picked":["Intimidate","True Grit"],"picked":"Thunderclap","floor":12}],"player_experience":1154784,"relics_obtained":[{"floor":9,"key":"Bag of Marbles"},{"floor":10,"key":"Strawberry"},{"floor":11,"key":"Odd Mushroom"}],"event_choices":[{"damage_healed":0,"gold_gain":75,"player_choice":"Gather Gold","damage_taken":11,"max_hp_gain":0,"max_hp_loss":0,"event_name":"World of Goop","floor":3,"gold_loss":0},{"damage_healed":0,"gold_gain":0,"player_choice":"Entered Light","damage_taken":23,"max_hp_gain":0,"max_hp_loss":0,"event_name":"Shining Light","floor":4,"gold_loss":0,"cards_upgraded":["Strike_R","Defend_R"]},{"cards_removed":["Strike_R"],"damage_healed":0,"gold_gain":0,"player_choice":"Offered Basic","damage_taken":0,"max_hp_gain":0,"max_hp_loss":0,"event_name":"Bonfire Elementals","floor":5,"gold_loss":0},{"damage_healed":0,"gold_gain":0,"player_choice":"Fought Mushrooms","damage_taken":0,"max_hp_gain":0,"max_hp_loss":0,"event_name":"Mushrooms","floor":11,"gold_loss":0},{"damage_healed":0,"gold_gain":0,"player_choice":"Cursed","damage_taken":0,"max_hp_gain":0,"max_hp_loss":0,"event_name":"Wheel of Change","floor":14,"gold_loss":0,"cards_obtained":["Decay"]}],"is_beta":true,"boss_relics":[],"items_purged_floors":[],"is_endless":false,"potions_floor_spawned":[1,2,7],"killed_by":"The Guardian","ascension_level":18}