{"gold_per_floor":[118,118,43,54,54,54,66,97,97,116,116,116,181,181,181,260,260,274,5,15,15,35,35,51,51,51,51,66,81,81,116,116,192,192,204,102,102,2,28,57,57,70,141,174,194,229,0,0,0,0],"floor_reached":51,"playtime":2544,"items_purged":["Strike_B","Strike_B","Defend_B"],"score":1458,"play_id":"5064595e-9797-4b29-ad4e-0282070d15aa","local_time":"20180730044701","is_ascension_mode":true,"campfire_choices":[{"data":"Coolheaded","floor":6,"key":"SMITH"},{"data":"Defragment","floor":11,"key":"SMITH"},{"data":"Dualcast","floor":15,"key":"SMITH"},{"data":"Capacitor","floor":23,"key":"SMITH"},{"floor":25,"key":"REST"},{"floor":30,"key":"REST"},{"data":"Electrodynamics","floor":32,"key":"SMITH"},{"data":"All For One","floor":41,"key":"SMITH"},{"data":"Self Repair","floor":49,"key":"SMITH"}],"neow_cost":"NONE","seed_source_timestamp":412186283206252,"circlet_count":0,"master_deck":["Defend_B","Defend_B","Defend_B","Zap+1","Dualcast+1","AscendersBane","Coolheaded+1","Genetic Algorithm+1","Defragment+1","Conserve Battery+1","All For One+1","Steam+1","Electrodynamics+1","Redo+1","Glacier+1","Echo Form","Turbo+1","Defragment+1","Storm+1","Leap+1","Capacitor+1","Self Repair+1","Coolheaded+1","Force Field+1","Conserve Battery+1","Glacier+1","Amplify+1","Coolheaded+1","Hologram+1","Coolheaded+1","Coolheaded+1","White Noise+1"],"relics":["Cracked Core","Toxic Egg 2","The Courier","Question Card","Juzu Bracelet","Prayer Wheel","Runic Dome","Runic Capacitor","Singing Bowl","Enchiridion","Pear","Busted Crown","Anchor","Orichalcum","Gremlin Horn","Vajra","Red Mask","Ginger"],"potions_floor_usage":[8,13,16,16,22,33,33,33,48,50],"damage_taken":[{"damage":7,"enemies":"Jaw Worm","floor":1,"turns":3},{"damage":0,"enemies":"Cultist","floor":4,"turns":4},{"damage":1,"enemies":"Small Slimes","floor":7,"turns":4},{"damage":17,"enemies":"3 Sentries","floor":8,"turns":9},{"damage":8,"enemies":"Blue Slaver","floor":10,"turns":3},{"damage":6,"enemies":"3 Sentries","floor":13,"turns":9},{"damage":5,"enemies":"The Guardian","floor":16,"turns":11},{"damage":17,"enemies":"Chosen","floor":18,"turns":5},{"damage":2,"enemies":"Shell Parasite","floor":20,"turns":4},{"damage":14,"enemies":"Centurion and Healer","floor":22,"turns":2},{"damage":0,"enemies":"Snake Plant","floor":24,"turns":3},{"damage":0,"enemies":"Cultist and Chosen","floor":28,"turns":5},{"damage":16,"enemies":"Centurion and Healer","floor":29,"turns":4},{"damage":1,"enemies":"Book of Stabbing","floor":31,"turns":4},{"damage":0,"enemies":"Collector","floor":33,"turns":5},{"damage":8,"enemies":"Orb Walker","floor":35,"turns":3},{"damage":3,"enemies":"Nemesis","floor":40,"turns":5},{"damage":0,"enemies":"3 Shapes","floor":42,"turns":2},{"damage":0,"enemies":"Giant Head","floor":44,"turns":8},{"damage":0,"enemies":"Sphere and 2 Shapes","floor":45,"turns":3},{"damage":7,"enemies":"Nemesis","floor":46,"turns":5},{"damage":0,"floor":48,"turns":5},{"damage":21,"enemies":"Donu and Deca","floor":50,"turns":4}],"seed_played":"8379907742396516932","potions_obtained":[{"floor":7,"key":"Block Potion"},{"floor":8,"key":"Weak Potion"},{"floor":10,"key":"SkillPotion"},{"floor":13,"key":"LiquidBronze"},{"floor":16,"key":"FocusPotion"},{"floor":18,"key":"Ancient Potion"},{"floor":22,"key":"Strength Potion"},{"floor":31,"key":"EntropicBrew"},{"floor":35,"key":"SpeedPotion"},{"floor":48,"key":"LiquidBronze"}],"is_trial":false,"path_per_floor":["M","?","$","M","?","R","M","E","T","M","R","?","?","?","R","B",null,"M","$","M","?","M","R","M","R","T","?","M","M","R","E","R","B",null,"M","$","?","$","T","E","R","M","T","E","M","E","?","?","R","B"],"character_chosen":"DEFECT","items_purchased":["Echo Form","Runic Capacitor","Turbo+1","Hologram+1"],"campfire_rested":2,"item_purchase_floors":[19,19,19,36],"current_hp_per_floor":[57,52,52,52,52,52,51,34,34,26,26,49,43,43,43,38,63,46,46,44,44,30,30,30,51,51,30,39,25,47,56,56,70,81,87,87,87,87,87,89,89,89,89,89,93,95,95,97,97,93],"gold":0,"neow_bonus":"UPGRADE_CARD","is_prod":false,"is_daily":false,"chose_seed":false,"campfire_upgraded":7,"win_rate":0,"timestamp":1532947621,"path_taken":["M","?","?","M","?","R","M","E","T","M","R","?","?","?","R","BOSS","M","$","M","?","M","R","M","R","T","?","M","M","R","E","R","BOSS","M","$","?","$","?","E","R","M","T","E","M","E","?","?","R","BOSS"],"build_version":"2018-07-26","purchased_purges":3,"victory":true,"max_hp_per_floor":[71,71,71,71,71,71,71,71,71,71,71,71,71,71,71,71,71,71,71,71,71,71,71,71,71,71,71,73,75,75,85,85,85,85,87,87,87,87,87,89,89,89,89,89,93,95,95,97,97,97],"card_choices":[{"not_picked":["Rebound","Compile Driver"],"picked":"Coolheaded","floor":1},{"not_picked":["Recycle+1","Stack+1"],"picked":"Genetic Algorithm+1","floor":4},{"not_picked":["Chill+1","Ball Lightning"],"picked":"Defragment","floor":7},{"not_picked":["Blizzard","Streamline"],"picked":"Conserve Battery+1","floor":8},{"not_picked":["Ball Lightning","Tempest+1","Sweeping Beam"],"picked":"All For One","floor":10},{"not_picked":["Streamline","Reboot+1","Skim+1"],"picked":"Steam+1","floor":13},{"not_picked":["Machine Learning","Hyperbeam","Reboot+1"],"picked":"Electrodynamics","floor":16},{"not_picked":["Scrape+1","Stack+1","Sweeping Beam"],"picked":"Redo+1","floor":18},{"not_picked":["Capacitor","Steam+1","Streamline"],"picked":"Glacier+1","floor":18},{"not_picked":["Force Field+1","Beam Cell","White Noise+1"],"picked":"Defragment+1","floor":20},{"not_picked":["Streamline+1","Capacitor","Compile Driver"],"picked":"Storm+1","floor":20},{"not_picked":["Streamline","Redo+1","Double Energy+1"],"picked":"Leap+1","floor":22},{"not_picked":["Doom and Gloom+1","Stack+1","Barrage"],"picked":"Capacitor","floor":22},{"not_picked":["Skim+1","Cold Snap","Turbo+1"],"picked":"Self Repair","floor":24},{"not_picked":["Beam Cell","Streamline","Hologram+1"],"picked":"Coolheaded+1","floor":24},{"not_picked":["Beam Cell+1","Recycle+1","FTL"],"picked":"Force Field+1","floor":28},{"not_picked":["Barrage","Darkness+1","Rainbow+1","Compile Driver"],"picked":"Singing Bowl","floor":28},{"not_picked":["Doom and Gloom","Barrage","Steam+1","Hello World"],"picked":"Singing Bowl","floor":29},{"not_picked":["Compile Driver+1","Hologram+1","Auto Shields+1"],"picked":"Conserve Battery+1","floor":29},{"not_picked":["Storm","Blizzard","Streamline+1"],"picked":"Glacier+1","floor":31},{"not_picked":["All For One","Creative AI","Reboot+1"],"picked":"Amplify+1","floor":33},{"not_picked":["Gash","Stack+1"],"picked":"Singing Bowl","floor":35},{"not_picked":["Beam Cell"],"picked":"Coolheaded+1","floor":35},{"not_picked":["Aggregate+1","Gash"],"picked":"Singing Bowl","floor":40},{"not_picked":["Hologram+1"],"picked":"Coolheaded+1","floor":42},{"not_picked":["Leap+1"],"picked":"Coolheaded+1","floor":42},{"not_picked":["Ball Lightning"],"picked":"White Noise+1","floor":44},{"not_picked":["Gash+1","Cold Snap"],"picked":"Singing Bowl","floor":45},{"not_picked":["Go for the Eyes","Beam Cell"],"picked":"Singing Bowl","floor":45},{"not_picked":["Ball Lightning+1","Barrage"],"picked":"Singing Bowl","floor":46},{"not_picked":["Gash","Tempest+1"],"picked":"Singing Bowl","floor":48}],"player_experience":866371,"relics_obtained":[{"floor":8,"key":"The Courier"},{"floor":9,"key":"Question Card"},{"floor":13,"key":"Juzu Bracelet"},{"floor":26,"key":"Singing Bowl"},{"floor":27,"key":"Enchiridion"},{"floor":31,"key":"Pear"},{"floor":39,"key":"Anchor"},{"floor":40,"key":"Orichalcum"},{"floor":43,"key":"Gremlin Horn"},{"floor":46,"key":"Vajra"},{"floor":48,"key":"Ginger"}],"event_choices":[{"event_name":"Scrap Ooze","player_choice":"success","floor":2,"damage_taken":5},{"event_name":"Living Wall","player_choice":"Forget","floor":5,"damage_taken":0},{"event_name":"Big Fish","player_choice":"Banana","floor":12,"damage_taken":0},{"event_name":"Dead Adventurer","player_choice":"Searched \u00271\u0027 times","floor":13,"damage_taken":0},{"event_name":"WeMeetAgain","player_choice":"Potion","floor":14,"damage_taken":0},{"event_name":"Drug Dealer","player_choice":"Ignored","floor":21,"damage_taken":0},{"event_name":"Cursed Tome","player_choice":"Obtained Book","floor":27,"damage_taken":0},{"event_name":"Falling","player_choice":"Removed Attack","floor":37,"damage_taken":0},{"event_name":"Tomb of Lord Red Mask","player_choice":"Paid","floor":47,"damage_taken":0},{"event_name":"MindBloom","player_choice":"Fight","floor":48,"damage_taken":0}],"is_beta":true,"boss_relics":[{"not_picked":["Snecko Eye","Philosopher\u0027s Stone"],"picked":"Runic Dome"},{"not_picked":["Calling Bell","Inserter"],"picked":"Busted Crown"}],"items_purged_floors":[3,36,38],"is_endless":false,"potions_floor_spawned":[7,8,10,13,16,18,22,28,31,35,42,48],"ascension_level":15}