{"gold_per_floor":[111,36,111,121,121,165,165,165,189,189,205,223,248,287,287,287],"floor_reached":16,"playtime":459,"items_purged":[],"score":250,"play_id":"457fa37a-752e-433c-b989-31f15ff45e0c","local_time":"20181201141616","is_ascension_mode":true,"campfire_choices":[{"data":"Neutralize","floor":8,"key":"SMITH"},{"data":"A Thousand Cuts","floor":15,"key":"SMITH"}],"neow_cost":"NONE","seed_source_timestamp":1540745405423152,"circlet_count":0,"master_deck":["AscendersBane","Defend_G","Defend_G","Defend_G","Defend_G+1","Defend_G+1","Strike_G","Strike_G","Strike_G","Strike_G","Survivor","Neutralize+1","Predator","Flying Knee","Leg Sweep","Endless Agony","A Thousand Cuts+1","All Out Attack","Caltrops"],"relics":["Ring of the Snake","NeowsBlessing","Golden Idol","Potion Belt","Anchor","Bottled Flame"],"potions_floor_usage":[14,16,16],"damage_taken":[{"damage":0,"enemies":"2 Louse","floor":1,"turns":1},{"damage":0,"enemies":"Small Slimes","floor":4,"turns":1},{"damage":0,"enemies":"3 Sentries","floor":6,"turns":2},{"damage":0,"enemies":"Jaw Worm","floor":11,"turns":3},{"damage":0,"enemies":"Lots of Slimes","floor":12,"turns":4},{"damage":0,"enemies":"2 Fungi Beasts","floor":13,"turns":3},{"damage":10,"enemies":"Gremlin Nob","floor":14,"turns":3},{"damage":17,"enemies":"Slime Boss","floor":16,"turns":7}],"seed_played":"-7157284266211561480","potions_obtained":[{"floor":11,"key":"FearPotion"},{"floor":12,"key":"SkillPotion"},{"floor":14,"key":"FearPotion"}],"is_trial":false,"path_per_floor":["M","?","?","M","?","E","?","R","T","?","M","M","M","E","R","B"],"character_chosen":"THE_SILENT","items_purchased":[],"campfire_rested":0,"item_purchase_floors":[],"current_hp_per_floor":[59,59,48,48,48,48,53,53,53,33,33,33,33,23,23,6],"gold":287,"neow_bonus":"THREE_ENEMY_KILL","is_prod":false,"is_daily":false,"chose_seed":false,"campfire_upgraded":2,"win_rate":0,"timestamp":1543698976,"path_taken":["M","?","?","M","?","E","?","R","T","?","M","M","M","E","R","BOSS"],"build_version":"2018-11-15","purchased_purges":0,"victory":false,"max_hp_per_floor":[66,66,66,66,60,60,65,65,65,65,65,65,65,65,65,65],"card_choices":[{"not_picked":["Deflect","Acrobatics"],"picked":"Predator","floor":1},{"not_picked":["Escape Plan","Predator"],"picked":"Flying Knee","floor":4},{"not_picked":["Dagger Throw","Outmaneuver"],"picked":"Leg Sweep","floor":6},{"not_picked":["Infinite Blades","Acrobatics"],"picked":"Endless Agony","floor":11},{"not_picked":["Slice","Bouncing Flask"],"picked":"A Thousand Cuts","floor":12},{"not_picked":["Sucker Punch","Caltrops"],"picked":"All Out Attack","floor":13},{"not_picked":["Prepared","Acrobatics"],"picked":"Caltrops","floor":14}],"player_experience":1139005,"relics_obtained":[{"floor":6,"key":"Potion Belt"},{"floor":9,"key":"Anchor"},{"floor":14,"key":"Bottled Flame"}],"event_choices":[{"cards_removed":["Strike_G"],"damage_healed":0,"gold_gain":0,"player_choice":"Card Removal","damage_taken":0,"max_hp_gain":0,"max_hp_loss":0,"event_name":"The Cleric","floor":2,"gold_loss":75},{"damage_healed":0,"gold_gain":75,"player_choice":"Gather Gold","damage_taken":11,"max_hp_gain":0,"max_hp_loss":0,"event_name":"World of Goop","floor":3,"gold_loss":0},{"damage_healed":0,"gold_gain":0,"player_choice":"Lose Max HP","damage_taken":0,"relics_obtained":["Golden Idol"],"max_hp_gain":0,"max_hp_loss":6,"event_name":"Golden Idol","floor":5,"gold_loss":0},{"damage_healed":0,"gold_gain":0,"player_choice":"Donut","damage_taken":0,"max_hp_gain":5,"max_hp_loss":0,"event_name":"Big Fish","floor":7,"gold_loss":0},{"damage_healed":0,"gold_gain":0,"player_choice":"Entered Light","damage_taken":20,"max_hp_gain":0,"max_hp_loss":0,"event_name":"Shining Light","floor":10,"gold_loss":0,"cards_upgraded":["Defend_G","Defend_G"]}],"is_beta":true,"boss_relics":[],"items_purged_floors":[],"is_endless":false,"potions_floor_spawned":[11,12,14],"killed_by":"Slime Boss","ascension_level":17}