{"gold_per_floor":[110,125,125,141,161,195,195,211,211,211,227,239,167,167,167,264,264,281,312,185,185,196,196,210,236,262,282,282],"floor_reached":28,"playtime":1378,"items_purged":["Strike_R"],"score":352,"play_id":"24f84ac2-a14f-47fa-9301-782a2ad9c59a","local_time":"20190128113756","is_ascension_mode":true,"campfire_choices":[{"data":"Intimidate","floor":7.0,"key":"SMITH"},{"data":"Spot Weakness","floor":10.0,"key":"SMITH"},{"data":"Limit Break","floor":15.0,"key":"SMITH"},{"data":"Corruption","floor":23.0,"key":"SMITH"}],"neow_cost":"NONE","seed_source_timestamp":2494492534811889,"circlet_count":0,"master_deck":["Strike_R","Strike_R","Defend_R","Defend_R","Defend_R","Defend_R","Bash+1","Dropkick","Anger","Intimidate+1","Shrug It Off","Spot Weakness+1","Pummel","Corruption+1","Limit Break+1","Uppercut+1","Dark Embrace","Body Slam+1","Shrug It Off+1","Shrug It Off","Shrug It Off","Headbutt+1","Whirlwind+1"],"special_seed":0,"relics":["Burning Blood","Omamori","Molten Egg 2","Mark of Pain","Red Mask","Girya","Boot"],"potions_floor_usage":[],"damage_taken":[{"damage":9.0,"enemies":"Jaw Worm","floor":1.0,"turns":4.0},{"damage":0.0,"enemies":"Cultist","floor":2.0,"turns":3.0},{"damage":7.0,"enemies":"Small Slimes","floor":4.0,"turns":3.0},{"damage":9.0,"enemies":"Red Slaver","floor":5.0,"turns":2.0},{"damage":20.0,"enemies":"Lagavulin","floor":6.0,"turns":6.0},{"damage":2.0,"enemies":"2 Fungi Beasts","floor":8.0,"turns":3.0},{"damage":6.0,"enemies":"Exordium Thugs","floor":11.0,"turns":4.0},{"damage":12.0,"enemies":"Lots of Slimes","floor":12.0,"turns":4.0},{"damage":29.0,"enemies":"Hexaghost","floor":16.0,"turns":10.0},{"damage":0.0,"enemies":"Chosen","floor":18.0,"turns":4.0},{"damage":12.0,"enemies":"Masked Bandits","floor":19.0,"turns":3.0},{"damage":22.0,"enemies":"Spheric Guardian","floor":22.0,"turns":6.0},{"damage":17.0,"enemies":"3 Cultists","floor":24.0,"turns":5.0},{"damage":31.0,"enemies":"Book of Stabbing","floor":25.0,"turns":5.0},{"damage":7.0,"enemies":"Chosen and Byrds","floor":27.0,"turns":5.0},{"damage":35,"enemies":"Shelled Parasite and Fungi","floor":28,"turns":4}],"seed_played":"853127549605146437","potions_obtained":[{"floor":1.0,"key":"Explosive Potion"},{"floor":2.0,"key":"Poison Potion"},{"floor":6.0,"key":"SkillPotion"},{"floor":11.0,"key":"Block Potion"},{"floor":18.0,"key":"Poison Potion"},{"floor":19.0,"key":"LiquidBronze"},{"floor":22.0,"key":"SkillPotion"},{"floor":24.0,"key":"LiquidBronze"}],"is_trial":false,"path_per_floor":["M","M","?","M","M","E","R","M","T","R","M","M","$","?","R","B",null,"M","?","$","?","M","R","M","E","T","M","M"],"character_chosen":"IRONCLAD","items_purchased":["Uppercut+1","Shrug It Off"],"campfire_rested":0,"item_purchase_floors":[13,20],"current_hp_per_floor":[69,75,75,74,71,57,57,61,61,61,61,55,55,55,55,32,68,74,68,68,68,52,52,41,16,16,15,0],"gold":282,"neow_bonus":"UPGRADE_CARD","is_prod":false,"is_daily":false,"chose_seed":false,"campfire_upgraded":4,"win_rate":0,"timestamp":1548682676,"path_taken":["M","M","?","?","M","E","R","?","T","R","?","M","$","?","R","BOSS","M","?","$","?","?","R","M","E","T","M","M"],"build_version":"2019-01-23","purchased_purges":1,"victory":false,"max_hp_per_floor":[80,80,80,80,80,80,80,80,80,80,80,80,80,80,80,80,80,80,80,80,80,80,80,80,80,80,80,80],"card_choices":[{"not_picked":["Pommel Strike","Carnage"],"picked":"Dropkick","floor":1.0},{"not_picked":["Power Through","Pummel"],"picked":"Anger","floor":2.0},{"not_picked":["Pommel Strike","True Grit"],"picked":"Shrug It Off","floor":4.0},{"not_picked":["Bludgeon","Anger","Perfected Strike"],"picked":"SKIP","floor":5.0},{"not_picked":["Second Wind","Reckless Charge"],"picked":"Spot Weakness","floor":6.0},{"not_picked":["Perfected Strike","Thunderclap"],"picked":"Pummel","floor":8.0},{"not_picked":["Sword Boomerang+1","Spot Weakness"],"picked":"Corruption","floor":11.0},{"not_picked":["Shrug It Off","Clothesline+1"],"picked":"Limit Break","floor":12.0},{"not_picked":["Berserk","Barricade"],"picked":"Dark Embrace","floor":16.0},{"not_picked":["Havoc+1","True Grit"],"picked":"Body Slam+1","floor":18.0},{"not_picked":["Sever Soul+1","Sword Boomerang+1"],"picked":"Shrug It Off+1","floor":19.0},{"not_picked":["Wild Strike+1","Havoc","Perfected Strike+1"],"picked":"SKIP","floor":22.0},{"not_picked":["Wild Strike+1","Havoc","Perfected Strike+1"],"picked":"SKIP","floor":22.0},{"not_picked":["Anger+1","Exhume"],"picked":"Shrug It Off","floor":24.0},{"not_picked":["Twin Strike+1","Fire Breathing"],"picked":"Headbutt+1","floor":25.0},{"not_picked":["Warcry","Pommel Strike+1"],"picked":"Whirlwind+1","floor":27.0}],"player_experience":284740,"relics_obtained":[{"floor":6.0,"key":"Omamori"},{"floor":9.0,"key":"Molten Egg 2"},{"floor":19.0,"key":"Red Mask"},{"floor":25.0,"key":"Girya"},{"floor":26.0,"key":"Boot"}],"event_choices":[{"damage_healed":0.0,"max_hp_gain":0.0,"max_hp_loss":0.0,"gold_gain":0.0,"cards_transformed":["Strike_R"],"event_name":"Transmorgrifier","player_choice":"Transformed","floor":3.0,"gold_loss":0.0,"damage_taken":0.0,"cards_obtained":["Intimidate"]},{"damage_healed":0.0,"max_hp_gain":0.0,"max_hp_loss":0.0,"gold_gain":0.0,"cards_transformed":["Strike_R"],"event_name":"Transmorgrifier","player_choice":"Transformed","floor":14.0,"gold_loss":0.0,"damage_taken":0.0,"cards_obtained":["Searing Blow"]},{"damage_healed":0.0,"max_hp_gain":0.0,"max_hp_loss":0.0,"gold_gain":0.0,"event_name":"Masked Bandits","player_choice":"Fought Bandits","floor":19.0,"gold_loss":0.0,"damage_taken":0.0},{"cards_removed":["Searing Blow"],"damage_healed":0.0,"max_hp_gain":0.0,"max_hp_loss":0.0,"gold_gain":0.0,"event_name":"Back to Basics","player_choice":"Elegance","floor":21.0,"gold_loss":0.0,"damage_taken":0.0}],"is_beta":false,"boss_relics":[{"not_picked":["Eternal Feather","Ectoplasm"],"picked":"Mark of Pain"}],"items_purged_floors":[20],"is_endless":false,"potions_floor_spawned":[1,2,6,11,18,19,22,24],"killed_by":"Shelled Parasite and Fungi","ascension_level":7}