{"gold_per_floor":[110,70,83,93,104,104,131,131,184,214,214,239,259,279,279,374,374,391,31,47,47],"floor_reached":21,"playtime":1241,"items_purged":["Darkness"],"score":249,"play_id":"09cbe713-dbcb-4da2-a41f-a6f96ac566af","local_time":"20190126153745","is_ascension_mode":true,"campfire_choices":[{"data":"Ball Lightning","floor":6,"key":"SMITH"},{"data":"White Noise","floor":8,"key":"SMITH"},{"floor":15,"key":"REST"}],"neow_cost":"NONE","seed_source_timestamp":263774111522497,"circlet_count":0,"master_deck":["Strike_B","Strike_B","Strike_B","Defend_B","Defend_B","Defend_B","Defend_B","Zap","Dualcast","Steam","Blizzard","Blizzard","Ball Lightning+1","White Noise+1","Blizzard","Ball Lightning","Cold Snap","Recycle","Coolheaded","Seek","Hologram","Cold Snap","Turbo"],"relics":["Cracked Core","Bottled Flame","Anchor","Dream Catcher","Question Card","Cursed Key","Matryoshka"],"potions_floor_usage":[5,7,7,10,13,16,16],"damage_taken":[{"damage":1,"enemies":"Cultist","floor":1,"turns":3},{"damage":4,"enemies":"Small Slimes","floor":3,"turns":3},{"damage":6,"enemies":"2 Louse","floor":4,"turns":2},{"damage":32,"enemies":"Exordium Wildlife","floor":5,"turns":5},{"damage":0,"enemies":"Lagavulin","floor":7,"turns":6},{"damage":26,"enemies":"Gremlin Nob","floor":10,"turns":4},{"damage":11,"enemies":"Lagavulin","floor":12,"turns":5},{"damage":0,"enemies":"Lots of Slimes","floor":13,"turns":3},{"damage":0,"enemies":"3 Louse","floor":14,"turns":2},{"damage":29,"enemies":"Slime Boss","floor":16,"turns":9},{"damage":17,"enemies":"Spheric Guardian","floor":18,"turns":4},{"damage":5,"enemies":"Shell Parasite","floor":20,"turns":7},{"damage":106,"enemies":"Cultist and Chosen","floor":21,"turns":6}],"seed_played":"7700240265786499376","potions_obtained":[{"floor":2,"key":"SkillPotion"},{"floor":2,"key":"Fruit Juice"},{"floor":2,"key":"GamblersBrew"},{"floor":5,"key":"PowerPotion"},{"floor":10,"key":"Strength Potion"},{"floor":12,"key":"LiquidBronze"},{"floor":13,"key":"SteroidPotion"},{"floor":14,"key":"FairyPotion"}],"is_trial":false,"path_per_floor":["M","?","M","M","M","R","E","R","T","E","?","E","M","M","R","B",null,"M","$","M","M"],"character_chosen":"DEFECT","items_purchased":["Matryoshka","Cold Snap"],"campfire_rested":1,"item_purchase_floors":[19,19],"current_hp_per_floor":[81,81,77,71,44,44,44,44,44,18,18,7,7,7,33,4,87,70,70,65,0],"gold":47,"neow_bonus":"TEN_PERCENT_HP_BONUS","is_prod":false,"is_daily":false,"chose_seed":false,"campfire_upgraded":2,"win_rate":0,"timestamp":1548513465,"path_taken":["M","?","M","?","M","R","E","R","T","E","?","E","?","M","R","BOSS","M","$","M","M"],"build_version":"2019-01-23","purchased_purges":1,"victory":false,"max_hp_per_floor":[82,82,82,82,87,87,87,87,87,87,87,87,87,87,87,87,87,87,87,87,87],"card_choices":[{"not_picked":["Sweeping Beam","Gash"],"picked":"Steam","floor":1},{"not_picked":["Rebound","White Noise"],"picked":"Blizzard","floor":3},{"not_picked":["Skim","Turbo"],"picked":"Blizzard","floor":4},{"not_picked":["Conserve Battery","Go for the Eyes"],"picked":"Ball Lightning","floor":5},{"not_picked":["Hologram","Go for the Eyes"],"picked":"White Noise","floor":7},{"not_picked":["Core Surge","Steam Power"],"picked":"Blizzard","floor":10},{"not_picked":["Undo","Steam Power"],"picked":"Ball Lightning","floor":12},{"not_picked":["Beam Cell","Melter","Rebound"],"picked":"Cold Snap","floor":13},{"not_picked":["Streamline","Darkness","Aggregate"],"picked":"Recycle","floor":14},{"not_picked":["Ball Lightning","Streamline","Go for the Eyes"],"picked":"Coolheaded","floor":15},{"not_picked":["Reboot","Meteor Strike","Hyperbeam"],"picked":"Seek","floor":16},{"not_picked":["Compile Driver","Stack","Rip and Tear+1"],"picked":"Hologram","floor":18},{"not_picked":["Doom and Gloom","Melter","Reprogram"],"picked":"Turbo","floor":20}],"player_experience":88288,"relics_obtained":[{"floor":7,"key":"Bottled Flame"},{"floor":9,"key":"Anchor"},{"floor":10,"key":"Dream Catcher"},{"floor":12,"key":"Question Card"}],"event_choices":[{"damage_healed":0,"gold_gain":0,"player_choice":"Bought 3 Potions","damage_taken":0,"max_hp_gain":0,"max_hp_loss":0,"event_name":"The Woman in Blue","floor":2,"gold_loss":0},{"damage_healed":0,"gold_gain":0,"cards_transformed":["Strike_B"],"player_choice":"Transformed","damage_taken":0,"max_hp_gain":0,"max_hp_loss":0,"event_name":"Transmorgrifier","floor":11,"gold_loss":0,"cards_obtained":["Darkness"]}],"is_beta":false,"boss_relics":[{"not_picked":["Philosopher\u0027s Stone","Velvet Choker"],"picked":"Cursed Key"}],"items_purged_floors":[19],"is_endless":false,"potions_floor_spawned":[5,10,12,13,14],"killed_by":"Cultist and Chosen","ascension_level":2}