{"gold_per_floor":[110,129,129,129,146,146,178,151,174,226,226,301,301,30,30,106,106,124,124,98,111,124,124,155,25,25,25,350,350,364,379,379,379],"floor_reached":33,"playtime":1836,"items_purged":["Strike_B"],"score":570,"play_id":"9d35a7ed-f3e0-47be-998f-03469a1be0bc","local_time":"20190129203904","is_ascension_mode":true,"campfire_choices":[{"data":"Zap","floor":6,"key":"SMITH"},{"data":"Dualcast","floor":11,"key":"SMITH"},{"data":"Steam","floor":13,"key":"SMITH"},{"data":"Hologram","floor":15,"key":"SMITH"},{"floor":23,"key":"REST"},{"floor":27,"key":"REST"},{"floor":32,"key":"REST"}],"neow_cost":"NONE","seed_source_timestamp":1736800044201244,"circlet_count":0,"master_deck":["AscendersBane","Strike_B","Strike_B","Strike_B","Defend_B","Defend_B","Defend_B","Defend_B","Zap+1","Dualcast+1","Leap","Chill","All For One","Compile Driver","Steam+1","Ball Lightning","Hologram+1","Echo Form","Defragment+1","Redo+1","All For One","Self Repair","Cold Snap","Steam","Conserve Battery","Ball Lightning+1","Gash","Conserve Battery"],"relics":["Cracked Core","Strawberry","Anchor","Bag of Preparation","Potion Belt","Black Star","Art of War","Ancient Tea Set","Dream Catcher","Old Coin","Centennial Puzzle"],"potions_floor_usage":[16,16,16,24,28,33],"damage_taken":[{"damage":11,"enemies":"2 Louse","floor":1,"turns":3},{"damage":0,"enemies":"Small Slimes","floor":2,"turns":3},{"damage":0,"enemies":"Jaw Worm","floor":5,"turns":3},{"damage":22,"enemies":"Lagavulin","floor":7,"turns":7},{"damage":2,"enemies":"Exordium Thugs","floor":8,"turns":4},{"damage":1,"enemies":"Hexaghost","floor":16,"turns":9},{"damage":0,"enemies":"3 Byrds","floor":18,"turns":5},{"damage":0,"enemies":"2 Thieves","floor":20,"turns":4},{"damage":18,"enemies":"Snecko","floor":21,"turns":6},{"damage":15,"enemies":"Snake Plant","floor":22,"turns":7},{"damage":34,"enemies":"Book of Stabbing","floor":24,"turns":6},{"damage":27,"enemies":"Gremlin Leader","floor":28,"turns":11},{"damage":15,"enemies":"Shelled Parasite and Fungi","floor":30,"turns":5},{"damage":0,"enemies":"Centurion and Healer","floor":31,"turns":6},{"damage":52,"enemies":"Champ","floor":33,"turns":7}],"seed_played":"1220243489394311495","potions_obtained":[{"floor":7,"key":"GamblersBrew"},{"floor":8,"key":"Weak Potion"},{"floor":16,"key":"FocusPotion"},{"floor":24,"key":"SteroidPotion"},{"floor":30,"key":"FocusPotion"}],"is_trial":false,"path_per_floor":["M","M","?","?","M","R","E","M","T","?","R","?","R","$","R","B",null,"M","?","M","M","M","R","E","$","T","R","E","?","M","M","R","B"],"character_chosen":"DEFECT","items_purchased":["Ball Lightning","Hologram","LiquidBronze","Self Repair","Cold Snap"],"campfire_rested":3,"item_purchase_floors":[14,14,14,25,25],"current_hp_per_floor":[60,60,65,60,60,60,38,36,36,36,36,25,25,25,25,24,68,68,44,44,26,11,37,3,3,3,29,16,16,8,8,34,0],"gold":379,"neow_bonus":"RANDOM_COMMON_RELIC","is_prod":false,"is_daily":false,"chose_seed":false,"campfire_upgraded":4,"win_rate":0,"timestamp":1548819544,"path_taken":["M","M","?","?","M","R","E","M","T","?","R","?","R","$","R","BOSS","M","?","M","M","M","R","E","$","T","R","E","?","M","M","R","BOSS"],"build_version":"2019-01-23","purchased_purges":1,"victory":false,"max_hp_per_floor":[78,78,83,83,83,83,83,83,83,83,83,83,83,83,83,83,83,83,88,88,88,88,88,88,88,88,88,88,88,88,88,88,88],"card_choices":[{"not_picked":["Barrage","Stack"],"picked":"Leap","floor":1},{"not_picked":["Steam","Leap"],"picked":"Chill","floor":2},{"not_picked":["Consume","Recycle"],"picked":"All For One","floor":5},{"not_picked":["Coolheaded","Stack"],"picked":"Compile Driver","floor":7},{"not_picked":["Steam Power","Loop"],"picked":"Steam","floor":8},{"not_picked":["Hyperbeam","Buffer"],"picked":"Echo Form","floor":16},{"not_picked":["Recycle","Chaos","Force Field"],"picked":"SKIP","floor":18},{"not_picked":["Melter+1","Chaos","Fusion"],"picked":"SKIP","floor":20},{"not_picked":["Ball Lightning","Coolheaded"],"picked":"Defragment","floor":21},{"not_picked":["Loop","Conserve Battery"],"picked":"Redo+1","floor":22},{"not_picked":["Reinforced Body","Defragment"],"picked":"All For One","floor":24},{"not_picked":["Streamline","Reinforced Body"],"picked":"Steam","floor":27},{"not_picked":["Stack","Redo"],"picked":"Conserve Battery","floor":28},{"not_picked":["Undo","Turbo"],"picked":"Ball Lightning+1","floor":30},{"not_picked":["Coolheaded","Steam"],"picked":"Gash","floor":31},{"not_picked":["Chaos","Reboot"],"picked":"Conserve Battery","floor":32}],"player_experience":1278061,"relics_obtained":[{"floor":7,"key":"Bag of Preparation"},{"floor":9,"key":"Potion Belt"},{"floor":24,"key":"Art of War"},{"floor":24,"key":"Ancient Tea Set"},{"floor":26,"key":"Dream Catcher"},{"floor":28,"key":"Old Coin"},{"floor":28,"key":"Centennial Puzzle"}],"event_choices":[{"damage_healed":0,"gold_gain":0,"player_choice":"Donut","damage_taken":0,"max_hp_gain":5,"max_hp_loss":0,"event_name":"Big Fish","floor":3,"gold_loss":0},{"damage_healed":0,"gold_gain":0,"player_choice":"Success","damage_taken":5,"relics_obtained":["Anchor"],"max_hp_gain":0,"max_hp_loss":0,"event_name":"Scrap Ooze","floor":4,"gold_loss":0},{"damage_healed":0,"gold_gain":52,"player_choice":"Gained Gold","damage_taken":0,"max_hp_gain":0,"max_hp_loss":0,"event_name":"Golden Wing","floor":10,"gold_loss":0},{"damage_healed":0,"gold_gain":75,"player_choice":"Gather Gold","damage_taken":11,"max_hp_gain":0,"max_hp_loss":0,"event_name":"World of Goop","floor":12,"gold_loss":0},{"damage_healed":0,"gold_gain":0,"player_choice":"Shed Blood","damage_taken":29,"max_hp_gain":5,"max_hp_loss":0,"event_name":"Forgotten Altar","floor":19,"gold_loss":0},{"damage_healed":0,"gold_gain":0,"player_choice":"Upgraded","damage_taken":0,"max_hp_gain":0,"max_hp_loss":0,"event_name":"Upgrade Shrine","floor":29,"gold_loss":0,"cards_upgraded":["Defragment"]}],"is_beta":true,"boss_relics":[{"not_picked":["Calling Bell","Orrery"],"picked":"Black Star"}],"items_purged_floors":[14],"is_endless":false,"potions_floor_spawned":[7,8,16,24,30],"killed_by":"Champ","ascension_level":20}