{"gold_per_floor":[116,81,81,100,115,115,115,115,163,176,191,23,34,66,66,66],"floor_reached":16,"playtime":435,"items_purged":[],"score":194,"play_id":"f43decf9-a150-42ba-a0d8-b05a2b65af3d","local_time":"20180919131034","is_ascension_mode":true,"campfire_choices":[{"data":"Hyperbeam","floor":6,"key":"SMITH"},{"data":"Auto Shields","floor":8,"key":"SMITH"},{"data":"Go for the Eyes","floor":15,"key":"SMITH"}],"neow_cost":"NONE","seed_source_timestamp":583139770789893,"circlet_count":0,"master_deck":["Strike_B","Strike_B","Strike_B","Strike_B","Defend_B","Defend_B","Defend_B","Defend_B","Zap","AscendersBane","Hyperbeam+1","Sweeping Beam","Leap","Auto Shields+1","Auto Shields","All For One","Go for the Eyes+1"],"relics":["Cracked Core","Art of War","Pantograph"],"potions_floor_usage":[10],"damage_taken":[{"damage":2,"enemies":"Jaw Worm","floor":1,"turns":2},{"damage":1,"enemies":"Small Slimes","floor":4,"turns":2},{"damage":0,"enemies":"2 Louse","floor":5,"turns":2},{"damage":1,"enemies":"Exordium Thugs","floor":10,"turns":3},{"damage":7,"enemies":"Exordium Wildlife","floor":11,"turns":4},{"damage":0,"enemies":"3 Louse","floor":13,"turns":1},{"damage":16,"enemies":"Lagavulin","floor":14,"turns":7},{"damage":23,"enemies":"Hexaghost","floor":16,"turns":9}],"seed_played":"-737658407641584186","potions_obtained":[{"floor":5,"key":"Regen Potion"}],"is_trial":false,"path_per_floor":["M","?","?","M","M","R","?","R","T","M","M","$","M","E","R"],"character_chosen":"DEFECT","items_purchased":["All For One"],"campfire_rested":0,"item_purchase_floors":[12],"current_hp_per_floor":[62,71,64,63,63,63,63,63,63,71,64,64,64,48,48,48],"gold":66,"neow_bonus":"ONE_RANDOM_RARE_CARD","is_prod":false,"is_daily":false,"chose_seed":false,"campfire_upgraded":3,"win_rate":0,"timestamp":1537384234,"path_taken":["M","?","?","?","M","R","?","R","T","M","M","$","?","E","R","BOSS"],"build_version":"2018-09-18v3","purchased_purges":0,"victory":false,"max_hp_per_floor":[71,71,71,71,71,71,71,71,71,71,71,71,71,71,71,71],"card_choices":[{"not_picked":["Rip and Tear","Steam Power"],"picked":"Sweeping Beam","floor":1},{"not_picked":["Loop","Cold Snap"],"picked":"Leap","floor":4},{"not_picked":["Hello World","Reprogram"],"picked":"Auto Shields","floor":5},{"not_picked":["Turbo","Rebound"],"picked":"Auto Shields","floor":10},{"not_picked":["Redo","Stack","Heatsinks"],"picked":"SKIP","floor":11},{"not_picked":["Coolheaded","Heatsinks","Stack"],"picked":"SKIP","floor":13},{"not_picked":["Heatsinks","Redo"],"picked":"Go for the Eyes","floor":14}],"player_experience":1029621,"relics_obtained":[{"floor":9,"key":"Art of War"},{"floor":14,"key":"Pantograph"}],"event_choices":[{"event_name":"The Cleric","player_choice":"Healed","floor":2,"damage_taken":0},{"event_name":"Golden Wing","player_choice":"Card Removal","floor":3,"damage_taken":0},{"event_name":"Liars Game","player_choice":"disagreed","floor":7,"damage_taken":0}],"is_beta":true,"boss_relics":[],"items_purged_floors":[],"is_endless":false,"potions_floor_spawned":[5],"killed_by":"Hexaghost","ascension_level":18}