{"path_per_floor":["M","M","?","?","M","R","E","R","T","R","M","$","$","E","R","B",null,"M","?","?","M"],"character_chosen":"DEFECT","items_purchased":["Storm","Storm"],"gold_per_floor":[114,133,133,133,149,149,192,192,268,268,282,209,53,87,87,186,186,201,201,201,219,219],"floor_reached":22,"campfire_rested":2,"playtime":813,"item_purchase_floors":[12,13],"current_hp_per_floor":[58,51,51,30,20,41,10,31,31,31,29,29,29,18,18,11,56,44,44,44,29,0],"items_purged":["Strike_B"],"gold":219,"score":336,"play_id":"8053c82c-b112-4982-9581-806fafc4dab7","local_time":"20180621174018","is_prod":false,"is_daily":false,"chose_seed":false,"is_ascension_mode":true,"campfire_upgraded":2,"win_rate":0,"timestamp":1529624418,"campfire_choices":[{"floor":6,"key":"REST"},{"floor":8,"key":"REST"},{"data":"Static Discharge","floor":10,"key":"SMITH"},{"data":"Storm","floor":15,"key":"SMITH"}],"path_taken":["M","M","?","?","?","R","E","R","T","R","M","?","$","E","R","BOSS","M","?","?","M","M"],"build_version":"2018-06-21","seed_source_timestamp":681848585125956,"purchased_purges":1,"circlet_count":0,"victory":false,"master_deck":["Strike_B","Strike_B","Strike_B+1","Defend_B","Defend_B","Defend_B","Defend_B","Zap+1","Dualcast","AscendersBane","White Noise","Static Discharge+1","White Noise","Coolheaded","Self Repair","Storm+1","Storm","Leap","Creative AI","Ball Lightning","Heatsinks"],"max_hp_per_floor":[78,78,71,71,71,71,71,71,71,71,71,71,71,71,71,71,71,71,71,71,72,72],"relics":["Cracked Core","Golden Idol","Ancient Tea Set","Tiny Chest","Sundial","Snecko Eye","FaceOfCleric"],"card_choices":[{"not_picked":["Compile Driver","Coolheaded"],"picked":"White Noise","floor":1},{"not_picked":["Steam","Compile Driver"],"picked":"Static Discharge","floor":2},{"not_picked":["Aggregate","Streamline"],"picked":"White Noise","floor":5},{"not_picked":["Turbo","Fission"],"picked":"Coolheaded","floor":7},{"not_picked":["Turbo","Cold Snap"],"picked":"Self Repair","floor":11},{"not_picked":["Streamline","Chill"],"picked":"Leap","floor":14},{"not_picked":["Multi-Cast","Biased Cognition"],"picked":"Creative AI","floor":16},{"not_picked":["Aggregate","Reinforced Body"],"picked":"Ball Lightning","floor":18},{"not_picked":["Sweeping Beam","Stack"],"picked":"Heatsinks","floor":21}],"player_experience":713617,"potions_floor_usage":[7,21,22],"damage_taken":[{"damage":13,"enemies":"Jaw Worm","floor":1,"turns":4},{"damage":7,"enemies":"2 Louse","floor":2,"turns":3},{"damage":10,"enemies":"Small Slimes","floor":5,"turns":2},{"damage":31,"enemies":"Gremlin Nob","floor":7,"turns":4},{"damage":2,"enemies":"Blue Slaver","floor":11,"turns":3},{"damage":18,"enemies":"3 Sentries","floor":14,"turns":3},{"damage":14,"enemies":"The Guardian","floor":16,"turns":9},{"damage":19,"enemies":"Spheric Guardian","floor":18,"turns":3},{"damage":23,"enemies":"2 Thieves","floor":21,"turns":3},{"damage":30,"enemies":"Slaver and Parasite","floor":22,"turns":3}],"relics_obtained":[{"floor":7,"key":"Ancient Tea Set"},{"floor":9,"key":"Tiny Chest"},{"floor":14,"key":"Sundial"}],"event_choices":[{"event_name":"Golden Idol","player_choice":"Lose Max HP","floor":3,"damage_taken":0},{"event_name":"Shining Light","player_choice":"Entered Light","floor":4,"damage_taken":0},{"event_name":"FaceTrader","player_choice":"Took Face Of Cleric","floor":19,"damage_taken":0},{"event_name":"Vampires","player_choice":"Ignored","floor":20,"damage_taken":0}],"boss_relics":[{"not_picked":["Philosopher\u0027s Stone","White Beast Statue"],"picked":"Snecko Eye"}],"items_purged_floors":[13],"is_endless":false,"potions_floor_spawned":[5,16,21],"seed_played":"-2749148471517883745","killed_by":"Slaver and Parasite","ascension_level":15,"potions_obtained":[{"floor":5,"key":"Energy Potion"},{"floor":16,"key":"Explosive Potion"},{"floor":21,"key":"EssenceOfSteel"}],"is_trial":false}