{"gold_per_floor":[116,132,132,207,224,224,256,269,269,301,301,314,314,326,326,326],"floor_reached":16,"playtime":982,"items_purged":[],"score":162,"play_id":"022ca449-4e98-479d-a055-2e528f7c5a3b","local_time":"20190216104500","is_ascension_mode":true,"campfire_choices":[{"data":"Bash","floor":6,"key":"SMITH"},{"data":"Flame Barrier","floor":11,"key":"SMITH"},{"data":"Feel No Pain","floor":13,"key":"SMITH"},{"data":"Evolve","floor":15,"key":"SMITH"}],"neow_cost":"NONE","seed_source_timestamp":6082504990788,"circlet_count":0,"master_deck":["Strike_R","Strike_R","Strike_R","Strike_R","Defend_R","Defend_R","Defend_R","Defend_R","Bash+1","Headbutt","Flame Barrier+1","Evolve+1","Feel No Pain+1","Twin Strike","Cleave","Sever Soul","Sentinel"],"special_seed":0,"relics":["Burning Blood","Bottled Lightning","Ornamental Fan","Shuriken"],"potions_floor_usage":[7,10,14,16],"damage_taken":[{"damage":2,"enemies":"Jaw Worm","floor":1,"turns":3},{"damage":2,"enemies":"2 Louse","floor":2,"turns":4},{"damage":1,"enemies":"Cultist","floor":5,"turns":3},{"damage":20,"enemies":"3 Sentries","floor":7,"turns":12},{"damage":15,"enemies":"3 Louse","floor":8,"turns":5},{"damage":16,"enemies":"Lagavulin","floor":10,"turns":7},{"damage":4,"enemies":"Looter","floor":12,"turns":4},{"damage":10,"enemies":"Gremlin Gang","floor":14,"turns":3},{"damage":40,"enemies":"Hexaghost","floor":16,"turns":14}],"seed_played":"3360695413281398893","potions_obtained":[{"floor":0.0,"key":"Swift Potion"},{"floor":0.0,"key":"BloodPotion"},{"floor":0.0,"key":"Fire Potion"},{"floor":8,"key":"Energy Potion"},{"floor":12,"key":"Fire Potion"},{"floor":14,"key":"Ancient Potion"}],"is_trial":false,"path_per_floor":["M","M","?","?","M","R","E","M","T","E","R","M","R","M","R","B"],"character_chosen":"IRONCLAD","items_purchased":[],"campfire_rested":0,"item_purchase_floors":[],"current_hp_per_floor":[76,80,73,62,67,67,53,44,44,34,34,36,36,32,32,0],"gold":326,"neow_bonus":"THREE_SMALL_POTIONS","is_prod":false,"is_daily":false,"chose_seed":false,"campfire_upgraded":4,"win_rate":0,"timestamp":1550321100,"path_taken":["M","M","?","?","M","R","E","M","T","E","R","M","R","M","R","BOSS"],"build_version":"2019-01-23","purchased_purges":0,"victory":false,"max_hp_per_floor":[80,80,80,80,80,80,80,80,80,80,80,80,80,80,80,80],"card_choices":[{"not_picked":["Flex","Sword Boomerang"],"picked":"Headbutt","floor":1},{"not_picked":["Spot Weakness","Headbutt"],"picked":"Flame Barrier","floor":2},{"not_picked":["Bloodletting","Twin Strike"],"picked":"Evolve","floor":5},{"not_picked":["Feed","Power Through"],"picked":"Feel No Pain","floor":7},{"not_picked":["Bloodletting","Fire Breathing"],"picked":"Twin Strike","floor":8},{"not_picked":["Headbutt","Flex"],"picked":"Cleave","floor":10},{"not_picked":["Evolve","Heavy Blade"],"picked":"Sever Soul","floor":12},{"not_picked":["Dual Wield","Havoc"],"picked":"Sentinel","floor":14}],"player_experience":335776,"relics_obtained":[{"floor":7,"key":"Bottled Lightning"},{"floor":9,"key":"Ornamental Fan"},{"floor":10,"key":"Shuriken"}],"event_choices":[{"cards_removed":["Strike_R"],"damage_healed":0,"gold_gain":0,"player_choice":"Card Removal","damage_taken":7,"max_hp_gain":0,"max_hp_loss":0,"event_name":"Golden Wing","floor":3,"gold_loss":0},{"damage_healed":0,"gold_gain":75,"player_choice":"Gather Gold","damage_taken":11,"max_hp_gain":0,"max_hp_loss":0,"event_name":"World of Goop","floor":4,"gold_loss":0}],"is_beta":false,"boss_relics":[],"items_purged_floors":[],"is_endless":false,"potions_floor_spawned":[1,8,12,14],"killed_by":"Hexaghost","ascension_level":9}