{"gold_per_floor":[119,132,132,96,109,142,142,152,199,299,299,474,474],"floor_reached":13,"playtime":732,"items_purged":[],"score":83,"play_id":"900f8ae1-ca07-4f8f-970e-6ec97edfcdc7","local_time":"20190123200908","is_ascension_mode":false,"campfire_choices":[{"data":"Juggernaut","floor":7,"key":"SMITH"}],"neow_cost":"PERCENT_DAMAGE","seed_source_timestamp":21351909289514,"circlet_count":0,"master_deck":["Strike_R","Strike_R","Strike_R","Strike_R","Strike_R+1","Defend_R+1","Defend_R","Defend_R","Defend_R","Bash","Juggernaut+1","Body Slam","True Grit","Metallicize","Body Slam","Warcry","Combust","Doubt"],"relics":["Burning Blood","Shuriken","Juzu Bracelet"],"potions_floor_usage":[6,13],"damage_taken":[{"damage":13,"enemies":"Cultist","floor":1,"turns":5},{"damage":6,"enemies":"Jaw Worm","floor":2,"turns":4},{"damage":0,"enemies":"Small Slimes","floor":5,"turns":3},{"damage":30,"enemies":"Lagavulin","floor":6,"turns":8},{"damage":0,"enemies":"Red Slaver","floor":8,"turns":4},{"damage":28,"enemies":"Gremlin Nob","floor":13,"turns":3}],"seed_played":"-4228629372243663521","potions_obtained":[{"floor":2,"key":"FearPotion"},{"floor":8,"key":"Explosive Potion"}],"is_trial":false,"path_per_floor":["M","?","?","?","?"],"character_chosen":"IRONCLAD","items_purchased":["Metallicize"],"campfire_rested":0,"item_purchase_floors":[4],"current_hp_per_floor":[49,49,33,33,39,15,15,21,21,21,21,21,0],"gold":474,"neow_bonus":"THREE_RARE_CARDS","is_prod":false,"is_daily":false,"chose_seed":false,"campfire_upgraded":1,"win_rate":0.0,"timestamp":1548270548,"path_taken":["M","?","?","$","M","E","R","M","T","?","?","?","E"],"build_version":"2019-01-23","purchased_purges":0,"victory":false,"max_hp_per_floor":[80,80,80,80,80,80,80,80,80,80,80,80,80],"card_choices":[{"not_picked":["Brutality","Offering"],"picked":"Juggernaut","floor":0},{"not_picked":["Flame Barrier","Cleave"],"picked":"Body Slam","floor":1},{"not_picked":["Sword Boomerang","Anger"],"picked":"True Grit","floor":2},{"not_picked":["Bloodletting","Thunderclap"],"picked":"Body Slam","floor":5},{"not_picked":["Cleave","Dropkick"],"picked":"Searing Blow","floor":6},{"not_picked":["Inflame","Intimidate"],"picked":"Warcry","floor":8}],"player_experience":9784,"relics_obtained":[{"floor":6,"key":"Shuriken"},{"floor":9,"key":"Juzu Bracelet"}],"event_choices":[{"damage_healed":0,"gold_gain":0,"player_choice":"Entered Light","damage_taken":16,"max_hp_gain":0,"max_hp_loss":0,"event_name":"Shining Light","floor":3,"gold_loss":0,"cards_upgraded":["Defend_R","Strike_R"]},{"damage_healed":0,"gold_gain":100,"player_choice":"Pray","damage_taken":0,"max_hp_gain":0,"max_hp_loss":0,"event_name":"Golden Shrine","floor":10,"gold_loss":0},{"damage_healed":0,"gold_gain":0,"cards_transformed":["Searing Blow"],"player_choice":"Change","damage_taken":0,"max_hp_gain":0,"max_hp_loss":0,"event_name":"Living Wall","floor":11,"gold_loss":0,"cards_obtained":["Combust"]},{"damage_healed":0,"gold_gain":175,"player_choice":"AGREE","damage_taken":0,"max_hp_gain":0,"max_hp_loss":0,"event_name":"Liars Game","floor":12,"gold_loss":0,"cards_obtained":["Doubt"]}],"is_beta":false,"boss_relics":[],"items_purged_floors":[],"is_endless":false,"potions_floor_spawned":[2,8],"killed_by":"Gremlin Nob","ascension_level":0}