{"gold_per_floor":[118,68,68,68,81,120,120,120,198,223,259,272,99,115,115,234,234,225,225,59,59,74,107,107,107,130,153,153,153,153,168,168,168],"floor_reached":33,"playtime":6060,"items_purged":[],"score":263,"play_id":"b98e7bca-b897-4ddb-9181-6c1fd0e2cf77","local_time":"20190202161506","is_ascension_mode":false,"campfire_choices":[{"floor":7,"key":"REST"},{"data":"Bandage Up","floor":15,"key":"SMITH"},{"floor":25,"key":"REST"},{"floor":32,"key":"REST"}],"neow_cost":"PERCENT_DAMAGE","seed_source_timestamp":1234446704752413,"circlet_count":0,"master_deck":["Strike_R+1","Strike_R+1","Strike_R+1","Defend_R+1","Defend_R+1","Defend_R+1","Defend_R+1","Bash+1","Body Slam","Spot Weakness","Anger","Infernal Blade","Seeing Red","Shrug It Off","Bandage Up+1","Flex","Shrug It Off","Sword Boomerang","Impervious","Metallicize","Inflame","Headbutt","Bandage Up","Armaments+1","Feed","Cleave","Bash","RitualDagger","Sword Boomerang"],"relics":["Burning Blood","FossilizedHelix","Golden Idol","Bag of Preparation","Pantograph","Odd Mushroom","White Beast Statue","MutagenicStrength","Lantern","Juzu Bracelet"],"potions_floor_usage":[18,27],"damage_taken":[{"damage":0,"enemies":"2 Louse","floor":1,"turns":3},{"damage":0,"enemies":"Small Slimes","floor":5,"turns":3},{"damage":16,"enemies":"Gremlin Nob","floor":6,"turns":4},{"damage":0,"enemies":"Cultist","floor":10,"turns":3},{"damage":0,"enemies":"The Mushroom Lair","floor":11,"turns":4},{"damage":0,"enemies":"Large Slime","floor":12,"turns":6},{"damage":0,"enemies":"Exordium Thugs","floor":14,"turns":5},{"damage":56,"enemies":"Slime Boss","floor":16,"turns":16},{"damage":20,"enemies":"2 Thieves","floor":18,"turns":4},{"damage":19,"enemies":"3 Byrds","floor":22,"turns":7},{"damage":63,"enemies":"Slavers","floor":23,"turns":11},{"damage":12,"enemies":"Snecko","floor":27,"turns":5},{"damage":26,"enemies":"3 Cultists","floor":31,"turns":6},{"damage":104,"enemies":"Collector","floor":33,"turns":10}],"seed_played":"3657127473892496018","potions_obtained":[{"floor":11,"key":"FearPotion"},{"floor":12,"key":"SpeedPotion"},{"floor":16,"key":"AttackPotion"},{"floor":18,"key":"BloodPotion"},{"floor":23,"key":"Weak Potion"},{"floor":27,"key":"Dexterity Potion"},{"floor":31,"key":"Ancient Potion"}],"is_trial":false,"path_per_floor":["M","?","?","?","M","E","R","?","T","M","?","M","$","M","R","B",null,"M","?","$","?","M","E","?","R","T","M","?","?","?","M","R","B"],"character_chosen":"IRONCLAD","items_purchased":["Bandage Up","Flex","Shrug It Off","Inflame","Headbutt","Bandage Up"],"campfire_rested":3,"item_purchase_floors":[13,13,13,20,20,20],"current_hp_per_floor":[62,62,42,26,32,22,46,46,46,52,58,64,64,74,74,30,80,72,72,72,72,69,22,22,46,46,52,52,52,46,39,63,0],"gold":168,"neow_bonus":"ONE_RARE_RELIC","is_prod":false,"is_daily":false,"chose_seed":false,"campfire_upgraded":1,"win_rate":0.0,"timestamp":1549124106,"path_taken":["M","?","?","?","M","E","R","?","T","?","?","M","$","M","R","BOSS","M","?","$","?","M","E","?","R","T","M","?","?","?","M","R","BOSS"],"build_version":"2019-01-23","purchased_purges":0,"victory":false,"max_hp_per_floor":[80,80,80,80,80,80,80,80,80,80,80,80,80,80,80,80,80,80,80,80,80,80,80,80,80,80,80,80,80,80,83,83,83],"card_choices":[{"not_picked":["True Grit","Heavy Blade"],"picked":"Body Slam","floor":1},{"not_picked":["Clothesline","Perfected Strike"],"picked":"Spot Weakness","floor":5},{"not_picked":["Searing Blow","Blood for Blood"],"picked":"Anger","floor":6},{"not_picked":["Disarm","Armaments"],"picked":"Infernal Blade","floor":10},{"not_picked":["Headbutt","Combust"],"picked":"Seeing Red","floor":11},{"not_picked":["Warcry","Clash"],"picked":"Shrug It Off","floor":12},{"not_picked":["Iron Wave","Carnage"],"picked":"Sword Boomerang","floor":14},{"not_picked":["Limit Break","Juggernaut"],"picked":"Impervious","floor":16},{"not_picked":["Anger","Heavy Blade"],"picked":"Metallicize","floor":18},{"not_picked":["Shrug It Off","Hemokinesis"],"picked":"Armaments+1","floor":22},{"not_picked":["Twin Strike","Clothesline"],"picked":"Feed","floor":23},{"not_picked":["Corruption","Thunderclap"],"picked":"Cleave","floor":27},{"not_picked":["Clothesline","Burning Pact"],"picked":"Sword Boomerang","floor":31}],"player_experience":83258,"relics_obtained":[{"floor":6,"key":"Bag of Preparation"},{"floor":9,"key":"Pantograph"},{"floor":11,"key":"Odd Mushroom"},{"floor":23,"key":"Lantern"},{"floor":26,"key":"Juzu Bracelet"}],"event_choices":[{"cards_removed":["Strike_R"],"damage_healed":0,"gold_gain":0,"player_choice":"Card Removal","damage_taken":0,"max_hp_gain":0,"max_hp_loss":0,"event_name":"The Cleric","floor":2,"gold_loss":50},{"damage_healed":0,"gold_gain":0,"player_choice":"Take Damage","damage_taken":20,"relics_obtained":["Golden Idol"],"max_hp_gain":0,"max_hp_loss":0,"event_name":"Golden Idol","floor":3,"gold_loss":0},{"damage_healed":0,"gold_gain":0,"player_choice":"Entered Light","damage_taken":16,"max_hp_gain":0,"max_hp_loss":0,"event_name":"Shining Light","floor":4,"gold_loss":0,"cards_upgraded":["Defend_R","Strike_R"]},{"damage_healed":0,"gold_gain":0,"player_choice":"Upgraded","damage_taken":0,"max_hp_gain":0,"max_hp_loss":0,"event_name":"Upgrade Shrine","floor":8,"gold_loss":0,"cards_upgraded":["Bash"]},{"damage_healed":0,"gold_gain":0,"player_choice":"Fought Mushrooms","damage_taken":0,"max_hp_gain":0,"max_hp_loss":0,"event_name":"Mushrooms","floor":11,"gold_loss":0},{"damage_healed":0,"gold_gain":0,"player_choice":"Ignored","damage_taken":0,"max_hp_gain":0,"max_hp_loss":0,"event_name":"The Mausoleum","floor":19,"gold_loss":0},{"damage_healed":0,"gold_gain":0,"player_choice":"Inject Mutagens","damage_taken":0,"relics_obtained":["MutagenicStrength"],"max_hp_gain":0,"max_hp_loss":0,"event_name":"Drug Dealer","floor":21,"gold_loss":0},{"cards_removed":["Strike_R"],"damage_healed":0,"gold_gain":0,"player_choice":"Purged","damage_taken":0,"max_hp_gain":0,"max_hp_loss":0,"event_name":"Purifier","floor":24,"gold_loss":0},{"damage_healed":0,"gold_gain":0,"player_choice":"Simplicity","damage_taken":0,"max_hp_gain":0,"max_hp_loss":0,"event_name":"Back to Basics","floor":28,"gold_loss":0,"cards_upgraded":["Strike_R","Strike_R","Defend_R","Defend_R","Defend_R"]},{"damage_healed":0,"gold_gain":0,"player_choice":"1 cards matched","damage_taken":0,"max_hp_gain":0,"max_hp_loss":0,"event_name":"Match and Keep!","floor":29,"gold_loss":0,"cards_obtained":["Bash"]},{"damage_healed":0,"gold_gain":0,"player_choice":"Joined the Cult","damage_taken":6,"max_hp_gain":0,"max_hp_loss":0,"event_name":"Nest","floor":30,"gold_loss":0,"cards_obtained":["RitualDagger"]}],"is_beta":false,"boss_relics":[{"not_picked":["Mark of Pain","Lizard Tail"],"picked":"White Beast Statue"}],"items_purged_floors":[],"is_endless":false,"potions_floor_spawned":[11,12,16,18,22,23,27,31],"killed_by":"Collector","ascension_level":0}