{"gold_per_floor":[116,133,152,152,49,49,82,82,106,106,106,116,144,154,154,249,249,260,260,260,284,296,339,276,294,294,294,311,311],"floor_reached":29,"playtime":1935,"items_purged":["Defend_R"],"score":253,"play_id":"46af544e-973a-4a42-bd45-f65009d8703b","local_time":"20181013092326","is_ascension_mode":false,"campfire_choices":[{"data":"Flex","floor":6.0,"key":"SMITH"},{"data":"Limit Break","floor":8.0,"key":"SMITH"},{"data":"Shrug It Off","floor":10.0,"key":"SMITH"},{"data":"Armaments","floor":15.0,"key":"SMITH"},{"floor":27.0,"key":"REST"}],"neow_cost":"NONE","seed_source_timestamp":0,"circlet_count":0,"master_deck":["Strike_R","Strike_R","Strike_R","Strike_R","Defend_R+1","Defend_R+1","Bash","Limit Break+1","Shrug It Off+1","Heavy Blade","Sever Soul","Flex+1","Anger","Flex","Armaments+1","Armaments","Limit Break","Cleave","Dropkick","Double Tap","Headbutt","Whirlwind"],"special_seed":0,"relics":["Black Blood","Lantern","Oddly Smooth Stone","War Paint","MawBank","Happy Flower","Unceasing Top"],"potions_floor_usage":[],"damage_taken":[{"damage":7.0,"enemies":"Cultist","floor":1.0,"turns":5.0},{"damage":0.0,"enemies":"2 Louse","floor":2.0,"turns":3.0},{"damage":3.0,"enemies":"Small Slimes","floor":3.0,"turns":4.0},{"damage":40.0,"enemies":"Lagavulin","floor":7.0,"turns":7.0},{"damage":7.0,"enemies":"Blue Slaver","floor":12.0,"turns":3.0},{"damage":19.0,"enemies":"Gremlin Nob","floor":13.0,"turns":4.0},{"damage":0.0,"enemies":"Looter","floor":14.0,"turns":2.0},{"damage":31.0,"enemies":"The Guardian","floor":16.0,"turns":7.0},{"damage":1.0,"enemies":"Chosen","floor":18.0,"turns":5.0},{"damage":14.0,"enemies":"Spheric Guardian","floor":21.0,"turns":4.0},{"damage":32.0,"enemies":"Gremlin Leader","floor":23.0,"turns":3.0},{"damage":48.0,"enemies":"Centurion and Healer","floor":25.0,"turns":5.0},{"damage":38.0,"enemies":"Cultist and Chosen","floor":28.0,"turns":7.0},{"damage":18,"enemies":"3 Cultists","floor":29,"turns":3}],"seed_played":"7133387040229030641","potions_obtained":[{"floor":3.0,"key":"LiquidBronze"},{"floor":12.0,"key":"SpeedPotion"},{"floor":13.0,"key":"Swift Potion"},{"floor":14.0,"key":"LiquidBronze"},{"floor":16.0,"key":"Dexterity Potion"},{"floor":18.0,"key":"Fire Potion"}],"is_trial":false,"path_per_floor":["M","M","M","?","$","R","E","R","T","R","?","M","E","M","R","B",null,"M","?","?","M","?","E","$","M","T","R","M"],"character_chosen":"IRONCLAD","items_purchased":["Flex","Anger"],"campfire_rested":1,"item_purchase_floors":[5,5],"current_hp_per_floor":[79,80,80,80,80,80,46,46,46,46,51,50,37,43,43,18,85,85,85,85,81,81,59,59,21,21,46,18,0],"gold":311,"neow_bonus":"ONE_RANDOM_RARE_CARD","is_prod":false,"is_daily":false,"chose_seed":false,"campfire_upgraded":4,"win_rate":0.0,"timestamp":1539433406,"path_taken":["M","?","M","?","$","R","E","R","T","R","?","?","E","M","R","BOSS","M","?","?","M","?","E","$","M","T","R","M","M"],"build_version":"2018-10-11","purchased_purges":1,"victory":false,"max_hp_per_floor":[80,80,80,80,80,80,80,80,80,80,85,85,85,85,85,85,85,85,85,85,85,85,85,85,85,85,85,85,85],"card_choices":[{"not_picked":["True Grit","Searing Blow"],"picked":"Shrug It Off","floor":1.0},{"not_picked":["Perfected Strike","Feel No Pain"],"picked":"Heavy Blade","floor":2.0},{"not_picked":["Perfected Strike","Impervious"],"picked":"Sever Soul","floor":3.0},{"not_picked":["True Grit","Reckless Charge","Power Through"],"picked":"SKIP","floor":7.0},{"not_picked":["Armaments","Thunderclap"],"picked":"Flex","floor":12.0},{"not_picked":["Brutality","Flex"],"picked":"Armaments","floor":13.0},{"not_picked":["Body Slam","Sever Soul"],"picked":"Armaments","floor":14.0},{"not_picked":["Bludgeon","Berserk"],"picked":"Limit Break","floor":16.0},{"not_picked":["Feel No Pain","Iron Wave"],"picked":"Cleave","floor":18.0},{"not_picked":["Armaments","Corruption","Hemokinesis"],"picked":"SKIP","floor":21.0},{"not_picked":["Fiend Fire","Pommel Strike","Clash"],"picked":"SKIP","floor":23.0},{"not_picked":["Clothesline+1","Pommel Strike"],"picked":"Headbutt","floor":25.0},{"not_picked":["Metallicize","Perfected Strike"],"picked":"Whirlwind","floor":28}],"player_experience":24069,"relics_obtained":[{"floor":7.0,"key":"Lantern"},{"floor":9.0,"key":"Oddly Smooth Stone"},{"floor":13.0,"key":"War Paint"},{"floor":23.0,"key":"Happy Flower"},{"floor":26.0,"key":"Unceasing Top"}],"event_choices":[{"event_name":"Match and Keep!","player_choice":"0 cards matched","floor":4.0,"damage_taken":0.0},{"event_name":"Big Fish","player_choice":"Donut","floor":11.0,"damage_taken":0.0},{"event_name":"Drug Dealer","player_choice":"Became Test Subject","floor":19.0,"damage_taken":0.0},{"event_name":"WeMeetAgain","player_choice":"Potion","floor":20.0,"damage_taken":0.0},{"event_name":"Ghosts","player_choice":"Ignored","floor":22.0,"damage_taken":0.0}],"is_beta":false,"boss_relics":[{"not_picked":["Calling Bell","Fusion Hammer"],"picked":"Black Blood"}],"items_purged_floors":[24],"is_endless":false,"potions_floor_spawned":[3,12,13,14,16,18],"killed_by":"3 Cultists","ascension_level":0}