{"gold_per_floor":[112,54,71,89,89,89,119,84,132,144,207,223,223,235,235,312,312,327,327,345,360,370,370,385,385,385,13,25,25],"floor_reached":29,"playtime":1363,"items_purged":["Strike_G"],"score":454,"play_id":"3df7e12d-85c3-4e9f-be85-ebf5e14e60d2","local_time":"20190112132052","is_ascension_mode":true,"campfire_choices":[{"data":"Dash","floor":6.0,"key":"SMITH"},{"data":"Cloak And Dagger","floor":13.0,"key":"SMITH"},{"data":"Cloak And Dagger","floor":15.0,"key":"SMITH"},{"floor":23,"key":"REST"},{"data":"Cloak And Dagger","floor":25,"key":"SMITH"}],"neow_cost":"NONE","seed_source_timestamp":0,"circlet_count":0,"master_deck":["AscendersBane","Defend_G","Defend_G","Defend_G","Defend_G","Defend_G","Strike_G","Strike_G","Strike_G","Strike_G","Survivor","Neutralize+1","Cloak And Dagger+1","Dash+1","Cloak And Dagger+1","Dodge and Roll","Cloak And Dagger+1","Well Laid Plans","Corpse Explosion","Blur","J.A.X.","Endless Agony","PiercingWail","Footwork","Deflect","Slice"],"special_seed":0,"relics":["Ring of the Snake","NeowsBlessing","Blood Vial","Kunai","Omamori","Tiny Chest","WristBlade","Pantograph","Vajra"],"potions_floor_usage":[21,24,29],"damage_taken":[{"damage":0.0,"enemies":"2 Louse","floor":1.0,"turns":1.0},{"damage":0.0,"enemies":"Cultist","floor":3.0,"turns":1.0},{"damage":0.0,"enemies":"Small Slimes","floor":4.0,"turns":1.0},{"damage":37.0,"enemies":"Gremlin Nob","floor":7.0,"turns":6.0},{"damage":0.0,"enemies":"2 Fungi Beasts","floor":10.0,"turns":5.0},{"damage":28.0,"enemies":"Lagavulin","floor":11.0,"turns":11.0},{"damage":0.0,"enemies":"Blue Slaver","floor":12.0,"turns":4.0},{"damage":0.0,"enemies":"Exordium Wildlife","floor":14.0,"turns":3.0},{"damage":15.0,"enemies":"The Guardian","floor":16.0,"turns":18.0},{"damage":7.0,"enemies":"Spheric Guardian","floor":18.0,"turns":4.0},{"damage":19.0,"enemies":"Chosen","floor":20.0,"turns":5.0},{"damage":19,"enemies":"Snake Plant","floor":21,"turns":5},{"damage":39,"enemies":"Cultist and Chosen","floor":22,"turns":8},{"damage":9,"enemies":"Snecko","floor":24,"turns":6},{"damage":3,"enemies":"3 Cultists","floor":28,"turns":2},{"damage":20,"enemies":"Gremlin Leader","floor":29,"turns":8}],"seed_played":"-4220581792803846967","potions_obtained":[{"floor":4.0,"key":"LiquidBronze"},{"floor":7.0,"key":"Dexterity Potion"},{"floor":11.0,"key":"FairyPotion"},{"floor":20,"key":"EssenceOfSteel"},{"floor":21,"key":"EssenceOfSteel"},{"floor":22,"key":"Fire Potion"}],"is_trial":false,"path_per_floor":["M","?","M","M","?","R","E","?","T","M","E","M","R","M","R","B",null,"M","?","M","M","M","R","M","R","T","$","M","E"],"character_chosen":"THE_SILENT","items_purchased":["Vajra","Footwork","Deflect"],"campfire_rested":1,"item_purchase_floors":[27,27,27],"current_hp_per_floor":[59,59,61,63,63,63,28,44,44,46,20,22,22,24,24,11,52,47,47,30,13,6,25,18,18,18,18,17,0],"gold":25,"neow_bonus":"THREE_ENEMY_KILL","is_prod":false,"is_daily":false,"chose_seed":false,"campfire_upgraded":4,"win_rate":0,"timestamp":1547324452,"path_taken":["M","?","M","?","?","R","E","?","T","M","E","M","R","M","R","BOSS","M","?","M","M","M","R","M","R","T","$","M","E"],"build_version":"2019-01-10","purchased_purges":1,"victory":false,"max_hp_per_floor":[66,66,66,66,66,66,66,66,66,66,66,66,66,66,66,66,66,66,66,66,66,66,66,66,66,66,66,66,66],"card_choices":[{"not_picked":["Acrobatics","Masterful Stab"],"picked":"Cloak And Dagger","floor":1.0},{"not_picked":["Escape Plan","Slice"],"picked":"Dash","floor":3.0},{"not_picked":["Calculated Gamble","Bouncing Flask","Concentrate"],"picked":"SKIP","floor":4.0},{"not_picked":["Poisoned Stab","Dagger Spray"],"picked":"Cloak And Dagger","floor":7.0},{"not_picked":["Acrobatics","Bouncing Flask","Blade Dance"],"picked":"SKIP","floor":10.0},{"not_picked":["Quick Slash","Reflex"],"picked":"Dodge and Roll","floor":11.0},{"not_picked":["Underhanded Strike","Flechettes"],"picked":"Cloak And Dagger","floor":12.0},{"not_picked":["Backflip","Leg Sweep"],"picked":"Well Laid Plans","floor":14.0},{"not_picked":["Phantasmal Killer","Bullet Time"],"picked":"Corpse Explosion","floor":16.0},{"not_picked":["Acrobatics","Dagger Throw"],"picked":"Blur","floor":18.0},{"not_picked":["Dagger Throw","Underhanded Strike"],"picked":"Endless Agony","floor":20},{"not_picked":["Well Laid Plans","Finisher"],"picked":"PiercingWail","floor":21},{"not_picked":["Dagger Spray","Outmaneuver","Eviscerate"],"picked":"SKIP","floor":22},{"not_picked":["Outmaneuver+1","Well Laid Plans","Bane"],"picked":"SKIP","floor":24},{"not_picked":["Blade Dance","Expertise"],"picked":"Slice","floor":28}],"player_experience":1192294,"relics_obtained":[{"floor":7.0,"key":"Kunai"},{"floor":9.0,"key":"Omamori"},{"floor":11.0,"key":"Tiny Chest"},{"floor":26,"key":"Pantograph"}],"event_choices":[{"damage_healed":0.0,"max_hp_gain":0.0,"max_hp_loss":0.0,"gold_gain":0.0,"event_name":"WeMeetAgain","player_choice":"Paid Gold","floor":2.0,"gold_loss":58.0,"damage_taken":0.0,"relics_obtained":["Blood Vial"]},{"damage_healed":0.0,"max_hp_gain":0.0,"max_hp_loss":0.0,"gold_gain":0.0,"event_name":"Living Wall","player_choice":"Grow","floor":5.0,"gold_loss":0.0,"damage_taken":0.0,"cards_upgraded":["Neutralize"]},{"damage_healed":16.0,"max_hp_gain":0.0,"max_hp_loss":0.0,"gold_gain":0.0,"event_name":"The Cleric","player_choice":"Healed","floor":8.0,"gold_loss":35.0,"damage_taken":0.0},{"damage_healed":0.0,"max_hp_gain":0.0,"max_hp_loss":0.0,"gold_gain":0.0,"event_name":"Drug Dealer","player_choice":"Obtain J.A.X.","floor":19.0,"gold_loss":0.0,"damage_taken":0.0,"cards_obtained":["J.A.X."]}],"is_beta":true,"boss_relics":[{"not_picked":["White Beast Statue","Philosopher\u0027s Stone"],"picked":"WristBlade"}],"items_purged_floors":[27],"is_endless":false,"potions_floor_spawned":[4,7,10,11,20,21,22],"killed_by":"Gremlin Leader","ascension_level":18}