{"gold_per_floor":[114,114,124,138,158,158,184,184,184,184,184,194,194,71,71,71],"floor_reached":16,"playtime":803,"items_purged":["Strike_B"],"score":105,"play_id":"e4d8b94d-a53e-4ffc-9049-09e9e0388150","local_time":"20181016173713","is_ascension_mode":true,"campfire_choices":[{"data":"Zap","floor":6,"key":"SMITH"},{"data":"Coolheaded","floor":8,"key":"SMITH"},{"data":"Dualcast","floor":13,"key":"SMITH"},{"data":"Scrape","floor":15,"key":"SMITH"}],"neow_cost":"TEN_PERCENT_HP_LOSS","seed_source_timestamp":4562266139143,"circlet_count":0,"master_deck":["Strike_B","Strike_B","Strike_B","Defend_B","Defend_B","Defend_B","Defend_B","Zap+1","Dualcast+1","Steam","Scrape+1","Self Repair","Coolheaded+1","Conserve Battery","Hologram"],"relics":["Cracked Core","Mango","Gremlin Horn","Bag of Marbles","Pantograph","Juzu Bracelet"],"potions_floor_usage":[16],"damage_taken":[{"damage":0,"enemies":"2 Louse","floor":1,"turns":2},{"damage":0,"enemies":"Jaw Worm","floor":3,"turns":4},{"damage":0,"enemies":"Cultist","floor":4,"turns":3},{"damage":3,"enemies":"Blue Slaver","floor":5,"turns":3},{"damage":24,"enemies":"3 Sentries","floor":7,"turns":7},{"damage":10,"enemies":"Looter","floor":12,"turns":3},{"damage":77,"enemies":"Hexaghost","floor":16,"turns":12}],"seed_played":"-84880222022225103","potions_obtained":[{"floor":4,"key":"AttackPotion"},{"floor":7,"key":"Swift Potion"}],"is_trial":false,"path_per_floor":["M","?","M","M","M","R","E","R","T","?","?","M","R","$","R"],"character_chosen":"DEFECT","items_purchased":["Hologram"],"campfire_rested":0,"item_purchase_floors":[14],"current_hp_per_floor":[82,75,75,75,72,72,55,55,55,55,55,52,52,52,52,0],"gold":71,"neow_bonus":"ONE_RARE_RELIC","is_prod":false,"is_daily":false,"chose_seed":false,"campfire_upgraded":4,"win_rate":0,"timestamp":1539722233,"path_taken":["M","?","M","M","?","R","E","R","T","?","?","M","R","?","R","BOSS"],"build_version":"2018-10-11","purchased_purges":1,"victory":false,"max_hp_per_floor":[82,82,82,82,82,82,82,82,82,82,82,82,82,82,82,82],"card_choices":[{"not_picked":["Barrage","Heatsinks"],"picked":"Steam","floor":1},{"not_picked":["Steam","Ball Lightning"],"picked":"Scrape","floor":3},{"not_picked":["Stack","Lockon","Hello World"],"picked":"SKIP","floor":4},{"not_picked":["Hello World","Go for the Eyes"],"picked":"Self Repair","floor":5},{"not_picked":["Steam","Streamline"],"picked":"Coolheaded","floor":7},{"not_picked":["Cold Snap","Beam Cell"],"picked":"Conserve Battery","floor":12}],"player_experience":80964,"relics_obtained":[{"floor":7,"key":"Bag of Marbles"},{"floor":9,"key":"Pantograph"}],"event_choices":[{"event_name":"Scrap Ooze","player_choice":"success","floor":2,"damage_taken":7},{"event_name":"Liars Game","player_choice":"disagreed","floor":10,"damage_taken":0},{"event_name":"Dead Adventurer","player_choice":"Searched \u00271\u0027 times","floor":11,"damage_taken":0}],"is_beta":false,"boss_relics":[],"items_purged_floors":[14],"is_endless":false,"potions_floor_spawned":[4,7],"killed_by":"Hexaghost","ascension_level":1}