{"path_per_floor":["M","M","?","M","?","R","M","R","T","E","R","?","M","E","R"],"character_chosen":"DEFECT","items_purchased":[],"gold_per_floor":[109,125,125,139,139,139,155,155,155,189,189,114,131,159,159,159],"floor_reached":16,"campfire_rested":1,"playtime":848,"item_purchase_floors":[],"current_hp_per_floor":[64,64,71,69,62,62,45,45,45,23,44,44,44,44,44,0],"items_purged":[],"gold":159,"score":236,"play_id":"ace79037-a031-420f-b7a6-1c2ecc207acb","local_time":"20180529150616","is_prod":false,"is_daily":false,"chose_seed":false,"is_ascension_mode":true,"campfire_upgraded":3,"win_rate":0,"timestamp":1527627976,"campfire_choices":[{"data":"Zap","floor":6,"key":"SMITH"},{"data":"Redo","floor":8,"key":"SMITH"},{"floor":11,"key":"REST"},{"data":"Dualcast","floor":15,"key":"SMITH"}],"path_taken":["M","M","?","M","?","R","M","R","T","E","R","?","?","E","R","BOSS"],"build_version":"2018-05-28","seed_source_timestamp":432418970315359,"purchased_purges":0,"victory":false,"master_deck":["Strike_B","Defend_B","Defend_B","Defend_B","Defend_B","Zap+1","Dualcast+1","AscendersBane","Glacier","Redo+1","Sweeping Beam","Compile Driver","Glacier","Cold Snap"],"max_hp_per_floor":[71,71,71,71,71,71,71,71,71,71,71,71,71,71,71,71],"relics":["Cracked Core","Smiling Mask","Emotion Chip","Dream Catcher"],"card_choices":[{"not_picked":["Aggregate","Self Repair"],"picked":"Glacier","floor":1},{"not_picked":["Recycle","Sweeping Beam"],"picked":"Redo","floor":2},{"not_picked":["Aggregate","Stack"],"picked":"Sweeping Beam","floor":4},{"not_picked":["Coolheaded","Blizzard"],"picked":"Compile Driver","floor":7},{"not_picked":["Ball Lightning","Go for the Eyes"],"picked":"Glacier","floor":10},{"not_picked":["Chill","Go for the Eyes"],"picked":"Cold Snap","floor":13},{"not_picked":["Sunder","Steam","Thunder Strike"],"picked":"SKIP","floor":14}],"player_experience":637672,"potions_floor_usage":[16,16],"damage_taken":[{"damage":0,"enemies":"2 Louse","floor":1,"turns":3},{"damage":0,"enemies":"Cultist","floor":2,"turns":4},{"damage":2,"enemies":"Jaw Worm","floor":4,"turns":4},{"damage":17,"enemies":"Exordium Thugs","floor":7,"turns":5},{"damage":22,"enemies":"Gremlin Nob","floor":10,"turns":5},{"damage":0,"enemies":"3 Louse","floor":13,"turns":4},{"damage":0,"enemies":"3 Sentries","floor":14,"turns":8},{"damage":47,"enemies":"Slime Boss","floor":16,"turns":15}],"relics_obtained":[{"floor":9,"key":"Smiling Mask"},{"floor":10,"key":"Emotion Chip"},{"floor":14,"key":"Dream Catcher"}],"event_choices":[{"event_name":"Wheel of Change","player_choice":"Full Heal","floor":3,"damage_taken":0},{"event_name":"Golden Wing","player_choice":"Card Removal","floor":5,"damage_taken":0},{"event_name":"The Cleric","player_choice":"Card Removal","floor":12,"damage_taken":0}],"boss_relics":[],"items_purged_floors":[],"potions_floor_spawned":[1,4,13],"seed_played":"373001309596331593","killed_by":"Slime Boss","ascension_level":15,"potions_obtained":[{"floor":1,"key":"Ancient Potion"},{"floor":4,"key":"SneckoOil"},{"floor":13,"key":"AttackPotion"}],"is_trial":false}