{"gold_per_floor":[116,191,201,257,26,60,60,7,32,50,50,50,50,75,75,152,152,152,152,7,57,76,76],"floor_reached":23,"playtime":725,"items_purged":["Strike_B"],"score":390,"play_id":"b2056926-c424-45c1-acc0-5d6b863a3df0","local_time":"20190218125427","is_ascension_mode":true,"campfire_choices":[{"floor":7,"key":"REST"},{"data":"Streamline","floor":13,"key":"SMITH"},{"floor":15,"key":"REST"}],"neow_cost":"NONE","seed_source_timestamp":408802728079500,"circlet_count":0,"master_deck":["AscendersBane","Defend_B","Defend_B","Defend_B","Defend_B","Zap","Dualcast","Ball Lightning","Streamline+1","Conserve Battery","Gash","Sweeping Beam","Gash","Seek","Gash","Self Repair+1"],"relics":["Cracked Core","Membership Card","Kunai","Oddly Smooth Stone","Symbiotic Virus","Empty Cage","Nilry\u0027s Codex","DataDisk"],"potions_floor_usage":[18,23],"damage_taken":[{"damage":7,"enemies":"Jaw Worm","floor":1,"turns":3},{"damage":1,"enemies":"Cultist","floor":3,"turns":3},{"damage":36,"enemies":"Gremlin Nob","floor":6,"turns":4},{"damage":2,"enemies":"Small Slimes","floor":10,"turns":3},{"damage":24,"enemies":"Lagavulin","floor":14,"turns":6},{"damage":22,"enemies":"Hexaghost","floor":16,"turns":9},{"damage":0,"enemies":"3 Byrds","floor":18,"turns":2},{"damage":5,"enemies":"Chosen","floor":22,"turns":4},{"damage":46,"enemies":"Gremlin Leader","floor":23,"turns":4}],"seed_played":"-3763231418367793501","potions_obtained":[{"floor":14,"key":"SmokeBomb"},{"floor":16,"key":"FocusPotion"}],"is_trial":false,"path_per_floor":["M","?","M","?","$","E","R","$","T","M","?","?","R","E","R","B",null,"M","?","$","?","M","E"],"character_chosen":"DEFECT","items_purchased":["Membership Card","Gash","Sweeping Beam","Gash","DataDisk"],"campfire_rested":2,"item_purchase_floors":[5,8,8,20,20],"current_hp_per_floor":[64,53,52,52,52,16,39,39,39,37,37,37,37,13,36,14,62,62,41,41,41,36,0],"gold":76,"neow_bonus":"TEN_PERCENT_HP_BONUS","is_prod":false,"is_daily":false,"chose_seed":false,"campfire_upgraded":1,"win_rate":0,"timestamp":1550519667,"path_taken":["M","?","M","?","$","E","R","?","T","?","?","?","R","E","R","BOSS","M","?","$","?","M","E"],"build_version":"2019-02-06","purchased_purges":1,"victory":false,"max_hp_per_floor":[78,78,78,78,78,78,78,78,78,78,78,78,78,78,78,78,78,78,78,78,78,78,78],"card_choices":[{"not_picked":["Coolheaded","Barrage"],"picked":"Ball Lightning","floor":1},{"not_picked":["Hologram","Barrage"],"picked":"Streamline","floor":3},{"not_picked":["Go for the Eyes","Consume"],"picked":"Conserve Battery","floor":6},{"not_picked":["Redo","Heatsinks"],"picked":"Gash","floor":10},{"not_picked":["Hello World","Recycle","Thunder Strike"],"picked":"SKIP","floor":14},{"not_picked":["Buffer","Biased Cognition"],"picked":"Seek","floor":16},{"not_picked":["Static Discharge","Streamline"],"picked":"Self Repair+1","floor":22}],"player_experience":1343658,"relics_obtained":[{"floor":6,"key":"Kunai"},{"floor":9,"key":"Oddly Smooth Stone"},{"floor":14,"key":"Symbiotic Virus"},{"floor":19,"key":"Nilry\u0027s Codex"}],"event_choices":[{"damage_healed":0,"gold_gain":75,"player_choice":"Gather Gold","damage_taken":11,"max_hp_gain":0,"max_hp_loss":0,"event_name":"World of Goop","floor":2,"gold_loss":0},{"damage_healed":0,"gold_gain":56,"player_choice":"Gained Gold","damage_taken":0,"max_hp_gain":0,"max_hp_loss":0,"event_name":"Golden Wing","floor":4,"gold_loss":0},{"cards_removed":["Strike_B"],"damage_healed":0,"gold_gain":0,"player_choice":"Forget","damage_taken":0,"max_hp_gain":0,"max_hp_loss":0,"event_name":"Living Wall","floor":11,"gold_loss":0},{"damage_healed":0,"gold_gain":0,"player_choice":"0 cards matched","damage_taken":0,"max_hp_gain":0,"max_hp_loss":0,"event_name":"Match and Keep!","floor":12,"gold_loss":0,"cards_obtained":[]},{"damage_healed":0,"gold_gain":0,"player_choice":"Obtained Book","damage_taken":21,"max_hp_gain":0,"max_hp_loss":0,"event_name":"Cursed Tome","floor":19,"gold_loss":0},{"damage_healed":0,"gold_gain":50,"player_choice":"Stole From Cult","damage_taken":0,"max_hp_gain":0,"max_hp_loss":0,"event_name":"Nest","floor":21,"gold_loss":0}],"is_beta":true,"boss_relics":[{"not_picked":["Orrery","Snecko Eye"],"picked":"Empty Cage"}],"items_purged_floors":[20],"is_endless":false,"potions_floor_spawned":[14,16],"killed_by":"Gremlin Leader","ascension_level":20}