{"gold_per_floor":[112,112,33,44,44,44,77,77,77,88,38,54,89,89,89,186,186,199,199],"floor_reached":19,"playtime":1060,"items_purged":[],"score":270,"play_id":"e8707419-e609-4a4d-b01e-d01a5fc981a5","local_time":"20190213231712","is_ascension_mode":true,"campfire_choices":[{"data":"Defragment","floor":6.0,"key":"SMITH"},{"data":"Hologram","floor":8.0,"key":"SMITH"},{"data":"Creative AI","floor":15.0,"key":"SMITH"}],"neow_cost":"NONE","seed_source_timestamp":209436654115700,"circlet_count":0,"master_deck":["Defend_B","Defend_B","Defend_B","Zap","Dualcast","Cold Snap","FTL","Defragment+1","Cold Snap","Hologram+1","Coolheaded","Creative AI+1","Regret","Multi-Cast","Capacitor+1","Reboot+1","Self Repair+1","Coolheaded"],"special_seed":0,"relics":["Cracked Core","NeowsBlessing","Strawberry","Sundial","Orichalcum","Juzu Bracelet","Astrolabe"],"potions_floor_usage":[],"damage_taken":[{"damage":0.0,"enemies":"Small Slimes","floor":1.0,"turns":1.0},{"damage":0.0,"enemies":"Cultist","floor":4.0,"turns":1.0},{"damage":0.0,"enemies":"Gremlin Nob","floor":7.0,"turns":1.0},{"damage":0.0,"enemies":"Jaw Worm","floor":10.0,"turns":3.0},{"damage":0.0,"enemies":"Exordium Thugs","floor":12.0,"turns":5.0},{"damage":5.0,"enemies":"Lagavulin","floor":13.0,"turns":7.0},{"damage":27.0,"enemies":"The Guardian","floor":16.0,"turns":13.0},{"damage":19.0,"enemies":"Shell Parasite","floor":18.0,"turns":9.0},{"damage":50,"enemies":"Colosseum Slavers","floor":19,"turns":7},{"damage":33,"enemies":"Colosseum Nobs","floor":19,"turns":4}],"seed_played":"-4817320583234030815","potions_obtained":[{"floor":4.0,"key":"Energy Potion"},{"floor":7.0,"key":"Weak Potion"},{"floor":12.0,"key":"Weak Potion"},{"floor":13.0,"key":"SkillPotion"},{"floor":18.0,"key":"SteroidPotion"}],"is_trial":false,"path_per_floor":["M","?","$","M","$","R","E","R","T","M","?","M","E","?","R","B",null,"M","?"],"character_chosen":"DEFECT","items_purchased":["Defragment"],"campfire_rested":0,"item_purchase_floors":[3],"current_hp_per_floor":[68,68,68,68,68,68,75,75,75,75,75,75,70,70,70,43,72,63,0],"gold":199,"neow_bonus":"THREE_ENEMY_KILL","is_prod":false,"is_daily":false,"chose_seed":false,"campfire_upgraded":3,"win_rate":0,"timestamp":1550096232,"path_taken":["M","?","$","?","?","R","E","R","T","M","?","M","E","?","R","BOSS","M","?"],"build_version":"2019-01-23","purchased_purges":0,"victory":false,"max_hp_per_floor":[75,75,75,75,75,75,82,82,82,82,82,82,82,82,82,82,82,82,82],"card_choices":[{"not_picked":["BootSequence","Sweeping Beam"],"picked":"Cold Snap","floor":1.0},{"not_picked":["Beam Cell","Conserve Battery"],"picked":"Cold Snap","floor":4.0},{"not_picked":["Turbo","Compile Driver"],"picked":"Hologram","floor":7.0},{"not_picked":["Compile Driver","BootSequence"],"picked":"Coolheaded","floor":10.0},{"not_picked":["Hello World","Doom and Gloom","Redo"],"picked":"SKIP","floor":12.0},{"not_picked":["Undo","Rainbow"],"picked":"Creative AI","floor":13.0},{"not_picked":["All For One","Thunder Strike"],"picked":"Multi-Cast","floor":16.0},{"not_picked":["Force Field+1","Scrape"],"picked":"Coolheaded","floor":18.0}],"player_experience":171393,"relics_obtained":[{"floor":7.0,"key":"Strawberry"},{"floor":9.0,"key":"Sundial"},{"floor":13.0,"key":"Orichalcum"}],"event_choices":[{"damage_healed":0.0,"max_hp_gain":0.0,"max_hp_loss":0.0,"gold_gain":0.0,"cards_transformed":["Strike_B"],"event_name":"Transmorgrifier","player_choice":"Transformed","floor":2.0,"gold_loss":0.0,"damage_taken":0.0,"cards_obtained":["FTL"]},{"cards_removed":["Strike_B"],"damage_healed":0.0,"max_hp_gain":0.0,"max_hp_loss":0.0,"gold_gain":0.0,"event_name":"The Cleric","player_choice":"Card Removal","floor":11.0,"gold_loss":50.0,"damage_taken":0.0},{"damage_healed":0.0,"max_hp_gain":0.0,"max_hp_loss":0.0,"gold_gain":0.0,"event_name":"Big Fish","player_choice":"Box","floor":14.0,"gold_loss":0.0,"damage_taken":0.0,"relics_obtained":["Juzu Bracelet"],"cards_obtained":["Regret"]},{"damage_healed":0,"gold_gain":0,"player_choice":"Fight","damage_taken":0,"max_hp_gain":0,"max_hp_loss":0,"event_name":"Colosseum","floor":19,"gold_loss":0},{"damage_healed":0,"gold_gain":0,"player_choice":"Fought Nobs","damage_taken":0,"max_hp_gain":0,"max_hp_loss":0,"event_name":"Colosseum","floor":19,"gold_loss":0}],"is_beta":false,"boss_relics":[{"not_picked":["Sozu","Inserter"],"picked":"Astrolabe"}],"items_purged_floors":[],"is_endless":false,"potions_floor_spawned":[4,7,12,13,18],"killed_by":"Colosseum Nobs","ascension_level":7}