{"gold_per_floor":[19,38,38,50,69,69,99,119,144,144,172,172,172,49,49,127,127,145,145,165,90,106,106,121,140,190,190,223,33,33,52,52,131,131,145,156,156,156,156,186,57,88,88,101,119,139,155,190,190,190],"floor_reached":51,"playtime":2534,"items_purged":["Strike_R"],"score":1721,"play_id":"15f02fb8-e2b2-44a7-9498-4e538c2b8464","local_time":"20190113230913","is_ascension_mode":true,"campfire_choices":[{"data":"Carnage","floor":6,"key":"SMITH"},{"data":"True Grit","floor":10,"key":"SMITH"},{"data":"Barricade","floor":13,"key":"SMITH"},{"data":"Disarm","floor":15,"key":"SMITH"},{"data":"Impervious","floor":23,"key":"SMITH"},{"floor":27,"key":"REST"},{"floor":32,"key":"REST"},{"data":"Juggernaut","floor":49,"key":"SMITH"}],"neow_cost":"NO_GOLD","seed_source_timestamp":362671067914748,"circlet_count":0,"master_deck":["AscendersBane","Strike_R","Strike_R","Strike_R","Defend_R","Defend_R","Defend_R","Defend_R","Bash+1","Impervious+1","Shrug It Off","Shrug It Off","Carnage+1","Barricade+1","Rage+1","True Grit+1","Headbutt","Disarm+1","Offering","Body Slam","Entrench","Corruption","Flame Barrier+1","Shrug It Off+1","Impervious+1","Shockwave+1","Shrug It Off+1","Juggernaut+1","Battle Trance+1","Dual Wield+1","Shrug It Off+1"],"relics":["Burning Blood","Mercury Hourglass","PreservedInsect","Happy Flower","Centennial Puzzle","Snecko Eye","Toxic Egg 2","Cursed Key","Bag of Marbles","Ornamental Fan","Bottled Tornado"],"potions_floor_usage":[7,8,16,16,24,24,33,33,44,48],"damage_taken":[{"damage":6,"enemies":"Cultist","floor":1,"turns":4},{"damage":9,"enemies":"2 Louse","floor":2,"turns":3},{"damage":0,"enemies":"Jaw Worm","floor":4,"turns":4},{"damage":13,"enemies":"Blue Slaver","floor":5,"turns":6},{"damage":12,"enemies":"Lagavulin","floor":7,"turns":5},{"damage":17,"enemies":"Lots of Slimes","floor":8,"turns":3},{"damage":16,"enemies":"3 Sentries","floor":11,"turns":10},{"damage":48,"enemies":"Hexaghost","floor":16,"turns":12},{"damage":6,"enemies":"3 Byrds","floor":18,"turns":6},{"damage":0,"enemies":"Shell Parasite","floor":20,"turns":3},{"damage":29,"enemies":"Centurion and Healer","floor":22,"turns":4},{"damage":39,"enemies":"Sentry and Sphere","floor":24,"turns":4},{"damage":6,"enemies":"Snecko","floor":25,"turns":4},{"damage":34,"enemies":"Gremlin Leader","floor":28,"turns":6},{"damage":0,"enemies":"3 Cultists","floor":31,"turns":4},{"damage":20,"enemies":"Automaton","floor":33,"turns":7},{"damage":0,"enemies":"Orb Walker","floor":35,"turns":2},{"damage":6,"enemies":"3 Darklings","floor":36,"turns":5},{"damage":14,"enemies":"Giant Head","floor":40,"turns":2},{"damage":6,"enemies":"Nemesis","floor":42,"turns":3},{"damage":7,"enemies":"Writhing Mass","floor":44,"turns":3},{"damage":4,"enemies":"Jaw Worm Horde","floor":45,"turns":4},{"damage":6,"enemies":"3 Darklings","floor":46,"turns":4},{"damage":6,"enemies":"Spire Growth","floor":47,"turns":5},{"damage":0,"enemies":"Reptomancer","floor":48,"turns":5},{"damage":6,"enemies":"Awakened One","floor":50,"turns":4}],"seed_played":"2164373365638529429","potions_obtained":[{"floor":4,"key":"Fire Potion"},{"floor":7,"key":"Poison Potion"},{"floor":11,"key":"Regen Potion"},{"floor":18,"key":"Explosive Potion"},{"floor":22,"key":"Regen Potion"},{"floor":28,"key":"Energy Potion"},{"floor":40,"key":"PowerPotion"},{"floor":42,"key":"Explosive Potion"},{"floor":47,"key":"FearPotion"},{"floor":48,"key":"Fire Potion"}],"is_trial":false,"path_per_floor":["M","M","?","M","M","R","E","M","T","R","E","?","R","$","R","B",null,"M","?","M","?","M","R","M","M","T","R","E","$","?","M","R","B",null,"M","M","?","?","T","E","$","E","T","M","M","M","M","E","R","B",null],"character_chosen":"IRONCLAD","items_purchased":["Disarm","Regen Potion","Shrug It Off+1","Dexterity Potion","Shockwave+1","Shrug It Off+1"],"campfire_rested":2,"item_purchase_floors":[14,14,29,29,41,41],"current_hp_per_floor":[68,65,65,71,64,64,58,47,47,47,37,37,37,37,37,50,69,69,69,75,75,52,52,28,28,28,50,22,22,22,28,50,36,65,71,71,71,71,71,63,63,63,63,62,64,64,64,70,70,70],"gold":190,"neow_bonus":"THREE_RARE_CARDS","is_prod":false,"is_daily":false,"chose_seed":false,"campfire_upgraded":6,"win_rate":0,"timestamp":1547446153,"path_taken":["M","M","?","M","M","R","E","M","T","R","E","?","R","$","R","BOSS","M","?","M","?","M","R","M","M","T","R","E","$","?","?","R","BOSS","M","M","?","?","?","E","$","E","T","?","M","M","M","E","R","BOSS"],"build_version":"2019-01-10","purchased_purges":1,"victory":true,"max_hp_per_floor":[75,75,75,75,75,75,75,75,75,75,75,75,75,75,75,75,75,75,75,75,75,75,75,75,75,75,75,75,75,75,75,75,75,75,75,75,71,71,71,71,71,71,71,71,71,71,71,71,71,71],"card_choices":[{"not_picked":["Reaper","Barricade"],"picked":"Impervious","floor":0},{"not_picked":["Warcry","Clothesline"],"picked":"Shrug It Off","floor":1},{"not_picked":["Iron Wave","Havoc"],"picked":"Shrug It Off","floor":2},{"not_picked":["Armaments","Headbutt"],"picked":"Carnage","floor":4},{"not_picked":["Clash","Havoc"],"picked":"Barricade","floor":5},{"not_picked":["Warcry","Cleave"],"picked":"Rage","floor":7},{"not_picked":["Evolve","Clash"],"picked":"True Grit","floor":8},{"not_picked":["Perfected Strike","Bloodletting"],"picked":"Headbutt","floor":11},{"not_picked":["Feed","Immolate"],"picked":"Offering","floor":16},{"not_picked":["Wild Strike","Sword Boomerang"],"picked":"Body Slam","floor":18},{"not_picked":["Sever Soul","True Grit","Headbutt"],"picked":"SKIP","floor":20},{"not_picked":["Evolve","Iron Wave","Clash+1"],"picked":"SKIP","floor":22},{"not_picked":["Seeing Red","Headbutt"],"picked":"Corruption","floor":24},{"not_picked":["Bloodletting","Shrug It Off+1"],"picked":"Flame Barrier+1","floor":25},{"not_picked":["Sword Boomerang+1","Flex","Combust"],"picked":"SKIP","floor":28},{"not_picked":["Sword Boomerang","Pummel","Wild Strike+1"],"picked":"SKIP","floor":31},{"not_picked":["Immolate","Reaper"],"picked":"Impervious+1","floor":33},{"not_picked":["Pommel Strike","Metallicize","Blood for Blood+1"],"picked":"SKIP","floor":35},{"not_picked":["Thunderclap","Flex+1","Bloodletting+1"],"picked":"SKIP","floor":36},{"not_picked":["Sword Boomerang+1","Blood for Blood","Wild Strike"],"picked":"SKIP","floor":40},{"not_picked":["Sword Boomerang+1","Blood for Blood","Wild Strike"],"picked":"SKIP","floor":40},{"not_picked":["Spot Weakness+1","Havoc+1"],"picked":"Juggernaut","floor":42},{"not_picked":["Warcry+1","Intimidate+1","Clash"],"picked":"SKIP","floor":44},{"not_picked":["Infernal Blade+1","Havoc+1","Rupture"],"picked":"SKIP","floor":45},{"not_picked":["Havoc+1","Iron Wave"],"picked":"Battle Trance+1","floor":46},{"not_picked":["Spot Weakness+1","Anger+1"],"picked":"Dual Wield+1","floor":47},{"not_picked":["Warcry+1","Uppercut"],"picked":"Shrug It Off+1","floor":48}],"player_experience":1204628,"relics_obtained":[{"floor":7,"key":"Mercury Hourglass"},{"floor":9,"key":"PreservedInsect"},{"floor":11,"key":"Happy Flower"},{"floor":28,"key":"Toxic Egg 2"},{"floor":40,"key":"Bag of Marbles"},{"floor":42,"key":"Ornamental Fan"},{"floor":48,"key":"Bottled Tornado"}],"event_choices":[{"damage_healed":0,"gold_gain":0,"player_choice":"Grow","damage_taken":0,"max_hp_gain":0,"max_hp_loss":0,"event_name":"Living Wall","floor":3,"gold_loss":0,"cards_upgraded":["Bash"]},{"damage_healed":0,"gold_gain":0,"player_choice":"Searched \u00271\u0027 times","damage_taken":0,"relics_obtained":["Centennial Puzzle"],"max_hp_gain":0,"max_hp_loss":0,"event_name":"Dead Adventurer","floor":12,"gold_loss":0},{"damage_healed":0,"gold_gain":0,"player_choice":"Read","damage_taken":0,"max_hp_gain":0,"max_hp_loss":0,"event_name":"The Library","floor":19,"gold_loss":0,"cards_obtained":["Entrench"]},{"cards_removed":["Strike_R"],"damage_healed":0,"gold_gain":0,"player_choice":"Gave Gold","damage_taken":0,"max_hp_gain":0,"max_hp_loss":0,"event_name":"Beggar","floor":21,"gold_loss":75},{"damage_healed":0,"gold_gain":0,"player_choice":"Upgraded","damage_taken":0,"max_hp_gain":0,"max_hp_loss":0,"event_name":"Upgrade Shrine","floor":30,"gold_loss":0,"cards_upgraded":["Rage"]},{"damage_healed":0,"gold_gain":0,"player_choice":"Max HP","damage_taken":0,"max_hp_gain":0,"max_hp_loss":4,"event_name":"Winding Halls","floor":37,"gold_loss":0},{"damage_healed":0,"gold_gain":0,"player_choice":"Ignored","damage_taken":0,"max_hp_gain":0,"max_hp_loss":0,"event_name":"Tomb of Lord Red Mask","floor":38,"gold_loss":0}],"is_beta":true,"boss_relics":[{"not_picked":["Mark of Pain","Orrery"],"picked":"Snecko Eye"},{"not_picked":["Astrolabe","Philosopher\u0027s Stone"],"picked":"Cursed Key"}],"items_purged_floors":[29],"is_endless":false,"potions_floor_spawned":[4,7,11,18,22,28,31,40,42,47,48],"ascension_level":19}