{"gold_per_floor":[119,135,154,79,79,79,106,124,201,201,201,201,235,62,62,133,133,152,152,13,28,38,38,70,70,144,144,144,172,189,21,21,95,95,105,118,130,130,145,207,39,65,65,90,37,37,55,65,65,65,65,65,65,12,12],"floor_reached":55,"playtime":3611,"items_purged":["Strike_B","Strike_B"],"score":2281,"play_id":"8188e95e-e057-4e42-bab1-7fd4b033476e","local_time":"20190127125842","is_ascension_mode":true,"campfire_choices":[{"data":"Zap","floor":6.0,"key":"SMITH"},{"floor":10.0,"key":"REST"},{"data":"Cold Snap","floor":11.0,"key":"SMITH"},{"data":"Conserve Battery","floor":12.0,"key":"SMITH"},{"data":"Ball Lightning","floor":15.0,"key":"SMITH"},{"data":"Darkness","floor":23.0,"key":"SMITH"},{"data":"Sunder","floor":25.0,"key":"SMITH"},{"data":"Hologram","floor":27.0,"key":"SMITH"},{"data":"Thunder Strike","floor":32.0,"key":"SMITH"},{"floor":49,"key":"RECALL"},{"data":"Blizzard","floor":53,"key":"SMITH"}],"neow_cost":"NONE","seed_source_timestamp":0,"circlet_count":0,"master_deck":["AscendersBane","Strike_B","Defend_B","Defend_B","Defend_B","Defend_B","Zap+1","Dualcast","Echo Form","BootSequence","Cold Snap+1","Conserve Battery+1","Undo","Echo Form","Glacier","Ball Lightning+1","Thunder Strike+1","Cold Snap","Darkness+1","Ball Lightning","Sunder+1","Hologram+1","Ball Lightning","Capacitor","Buffer+1","Cold Snap+1","Ball Lightning","Conserve Battery+1","Blizzard+1","Creative AI"],"special_seed":0,"relics":["Cracked Core","WingedGreaves","Bottled Tornado","Snecko Eye","Bag of Preparation","Question Card","Nloth\u0027s Gift","Happy Flower","Lantern","Cursed Key","Tiny Chest","Potion Belt","Gremlin Horn"],"potions_floor_usage":[39,44,50,50,55,55],"damage_taken":[{"damage":1.0,"enemies":"2 Louse","floor":1.0,"turns":3.0},{"damage":9.0,"enemies":"Jaw Worm","floor":2.0,"turns":4.0},{"damage":2.0,"enemies":"Cultist","floor":3.0,"turns":4.0},{"damage":52.0,"enemies":"Gremlin Nob","floor":7.0,"turns":5.0},{"damage":0.0,"enemies":"2 Fungi Beasts","floor":8.0,"turns":4.0},{"damage":0.0,"enemies":"Lagavulin","floor":13.0,"turns":6.0},{"damage":0.0,"enemies":"Slime Boss","floor":16.0,"turns":9.0},{"damage":0.0,"enemies":"Chosen","floor":18.0,"turns":3.0},{"damage":0.0,"enemies":"Spheric Guardian","floor":21.0,"turns":7.0},{"damage":1.0,"enemies":"Snake Plant","floor":22.0,"turns":4.0},{"damage":26.0,"enemies":"Slavers","floor":24.0,"turns":7.0},{"damage":0.0,"enemies":"Gremlin Leader","floor":29.0,"turns":5.0},{"damage":0.0,"enemies":"Centurion and Healer","floor":30.0,"turns":4.0},{"damage":4.0,"enemies":"Collector","floor":33.0,"turns":5.0},{"damage":0,"enemies":"Orb Walker","floor":35,"turns":3},{"damage":0,"enemies":"3 Darklings","floor":36,"turns":4},{"damage":0,"enemies":"Maw","floor":37,"turns":5},{"damage":0,"enemies":"Writhing Mass","floor":39,"turns":9},{"damage":9,"enemies":"Giant Head","floor":40,"turns":6},{"damage":0,"enemies":"Nemesis","floor":42,"turns":5},{"damage":9,"enemies":"Reptomancer","floor":44,"turns":7},{"damage":0,"enemies":"Transient","floor":47,"turns":6},{"damage":0,"enemies":"4 Shapes","floor":48,"turns":5},{"damage":4,"enemies":"Awakened One","floor":50,"turns":11},{"damage":0,"enemies":"Time Eater","floor":51,"turns":9},{"damage":62,"enemies":"Shield and Spear","floor":55,"turns":8}],"seed_played":"7208225345508869967","potions_obtained":[{"floor":1.0,"key":"EssenceOfSteel"},{"floor":3.0,"key":"GamblersBrew"},{"floor":7.0,"key":"Swift Potion"},{"floor":13.0,"key":"FairyPotion"},{"floor":18.0,"key":"Fire Potion"},{"floor":24.0,"key":"SkillPotion"},{"floor":33.0,"key":"Energy Potion"},{"floor":40,"key":"Strength Potion"},{"floor":42,"key":"FearPotion"},{"floor":44,"key":"Energy Potion"}],"is_trial":false,"path_per_floor":["M","M","M","?","?","R","E","M","T","R","R","R","E","$","R","B",null,"M","?","$","M","M","R","E","R","T","R","?","E","M","$","R","B",null,"M","M","M","?","M","E","$","E","T","E","$","?","M","M","R","B","B",null,"R","$","E"],"character_chosen":"DEFECT","items_purchased":["Glacier","Ball Lightning","Darkness","Lantern","FocusPotion","Blizzard","Dexterity Potion","FearPotion"],"campfire_rested":1,"item_purchase_floors":[14,14,20,31,41,41,45,54],"current_hp_per_floor":[63,54,52,52,71,71,19,19,19,40,40,40,40,40,40,40,63,63,59,59,59,58,58,32,32,32,32,32,32,32,32,32,28,60,60,60,60,60,60,51,51,51,51,42,42,42,42,42,42,38,38,61,61,61,0],"gold":12,"neow_bonus":"ONE_RANDOM_RARE_CARD","is_prod":false,"is_daily":false,"chose_seed":false,"campfire_upgraded":9,"win_rate":0,"timestamp":1548619122,"path_taken":["M","M","M","?","?","R","E","?","T","R","R","R","E","$","R","BOSS","M","?","$","?","M","R","E","R","T","R","?","E","M","$","R","BOSS","M","M","?","?","?","E","?","E","T","E","$","?","M","?","R","BOSS","BOSS","R","$","E"],"build_version":"2019-01-23","purchased_purges":2,"victory":false,"max_hp_per_floor":[71,71,71,71,71,71,71,71,71,71,71,71,71,71,71,71,71,71,71,71,71,71,71,71,71,71,71,71,71,71,71,71,71,71,71,71,71,71,71,71,71,71,71,71,71,68,68,68,68,68,68,68,68,68,68],"card_choices":[{"not_picked":["Force Field","Hologram"],"picked":"Melter","floor":1.0},{"not_picked":["Beam Cell","Gash"],"picked":"BootSequence","floor":2.0},{"not_picked":["Recycle","Streamline"],"picked":"Cold Snap","floor":3.0},{"not_picked":["Blizzard","Melter"],"picked":"Conserve Battery","floor":7.0},{"not_picked":["Leap","Steam"],"picked":"Undo","floor":8.0},{"not_picked":["Leap","Loop"],"picked":"Echo Form","floor":13.0},{"not_picked":["Fission","All For One"],"picked":"Thunder Strike","floor":16.0},{"not_picked":["Gash","Rebound"],"picked":"Cold Snap","floor":18.0},{"not_picked":["Cold Snap","Redo"],"picked":"Ball Lightning","floor":21.0},{"not_picked":["Coolheaded","Streamline"],"picked":"Sunder","floor":22.0},{"not_picked":["Leap","Force Field+1"],"picked":"Hologram","floor":24.0},{"not_picked":["Seek","Sweeping Beam","Steam"],"picked":"Ball Lightning","floor":29.0},{"not_picked":["Steam+1","Barrage+1","Reprogram"],"picked":"Capacitor","floor":30.0},{"not_picked":["Biased Cognition","Fission","Rainbow"],"picked":"Buffer","floor":33.0},{"not_picked":["Barrage","BootSequence+1","Streamline"],"picked":"Cold Snap+1","floor":35},{"not_picked":["Seek","Rebound","Gash"],"picked":"Ball Lightning","floor":36},{"not_picked":["Meteor Strike","Capacitor","FTL","Leap"],"picked":"SKIP","floor":37},{"not_picked":["Hello World+1","Compile Driver","Turbo"],"picked":"Conserve Battery+1","floor":39},{"not_picked":["Loop+1","Reinforced Body+1","Stack+1","Gash+1"],"picked":"SKIP","floor":40},{"not_picked":["Echo Form","Rebound","Gash+1"],"picked":"Creative AI","floor":42},{"not_picked":["Ball Lightning","Sweeping Beam+1","Creative AI","Fission"],"picked":"SKIP","floor":44},{"not_picked":["Sweeping Beam","Steam","Coolheaded+1","Conserve Battery"],"picked":"SKIP","floor":47},{"not_picked":["Go for the Eyes","Redo","Streamline","Sweeping Beam+1"],"picked":"SKIP","floor":48}],"player_experience":1262619,"relics_obtained":[{"floor":7.0,"key":"WingedGreaves"},{"floor":9.0,"key":"Bottled Tornado"},{"floor":13.0,"key":"Dream Catcher"},{"floor":24.0,"key":"Bag of Preparation"},{"floor":26.0,"key":"Question Card"},{"floor":29.0,"key":"Happy Flower"},{"floor":40,"key":"Tiny Chest"},{"floor":42,"key":"Potion Belt"},{"floor":44,"key":"Gremlin Horn"}],"event_choices":[{"cards_removed":["Strike_B"],"damage_healed":0.0,"max_hp_gain":0.0,"max_hp_loss":0.0,"gold_gain":0.0,"event_name":"The Cleric","player_choice":"Card Removal","floor":4.0,"gold_loss":75.0,"damage_taken":0.0},{"cards_removed":["Melter"],"damage_healed":19.0,"max_hp_gain":0.0,"max_hp_loss":0.0,"gold_gain":0.0,"event_name":"Bonfire Elementals","player_choice":"Offered Uncommon","floor":5.0,"gold_loss":0.0,"damage_taken":0.0},{"damage_healed":0.0,"max_hp_gain":0.0,"max_hp_loss":0.0,"gold_gain":0.0,"event_name":"The Woman in Blue","player_choice":"Bought 0 Potions","floor":19.0,"gold_loss":0.0,"damage_taken":0.0},{"damage_healed":0.0,"max_hp_gain":0.0,"max_hp_loss":0.0,"gold_gain":0.0,"event_name":"N\u0027loth","player_choice":"Traded Relic","floor":28.0,"relics_lost":["Dream Catcher"],"gold_loss":0.0,"damage_taken":0.0,"relics_obtained":["Nloth\u0027s Gift"]},{"damage_healed":0,"gold_gain":0,"player_choice":"Upgraded","damage_taken":0,"max_hp_gain":0,"max_hp_loss":0,"event_name":"Upgrade Shrine","floor":38,"gold_loss":0,"cards_upgraded":["Buffer"]},{"cards_removed":["Decay","Parasite"],"damage_healed":0,"gold_gain":0,"player_choice":"Removed Curses","damage_taken":0,"max_hp_gain":0,"max_hp_loss":0,"event_name":"Fountain of Cleansing","floor":46,"gold_loss":0}],"is_beta":true,"boss_relics":[{"not_picked":["Busted Crown","Runic Dome"],"picked":"Snecko Eye"},{"not_picked":["Pandora\u0027s Box","FrozenCore"],"picked":"Cursed Key"}],"items_purged_floors":[14,20],"is_endless":false,"potions_floor_spawned":[1,3,7,13,18,22,24,33,40,42,44],"killed_by":"Shield and Spear","ascension_level":20}