{"gold_per_floor":[118,136,155,155,165,165,200,200,200,213,240,268,280,308,320,332],"floor_reached":16,"playtime":742,"items_purged":[],"score":137,"play_id":"10955285-5b45-41c4-a35a-14f2878ca55d","local_time":"20181128191403","is_ascension_mode":true,"campfire_choices":[{"floor":8,"key":"REST"},{"floor":13,"key":"REST"},{"data":"Accuracy","floor":15,"key":"SMITH"}],"neow_cost":"NONE","seed_source_timestamp":12854407872418,"circlet_count":0,"master_deck":["Defend_G","Defend_G","Defend_G","Defend_G","Defend_G","Strike_G","Strike_G","Strike_G","Strike_G","Survivor","Neutralize+1","Bane","Finisher","Deflect","Escape Plan+1","Cloak And Dagger+1","Well Laid Plans","Outmaneuver","Accuracy+1","Dagger Throw"],"relics":["Ring of the Snake","Dodecahedron","Paper Crane","MawBank"],"potions_floor_usage":[7,11,12,16],"damage_taken":[{"damage":8,"enemies":"2 Louse","floor":1,"turns":3},{"damage":0,"enemies":"Small Slimes","floor":2,"turns":5},{"damage":0,"enemies":"Cultist","floor":3,"turns":4},{"damage":2,"enemies":"Red Slaver","floor":5,"turns":3},{"damage":30,"enemies":"3 Sentries","floor":7,"turns":11},{"damage":3,"enemies":"2 Fungi Beasts","floor":10,"turns":4},{"damage":16,"enemies":"Gremlin Nob","floor":11,"turns":5},{"damage":0,"enemies":"Blue Slaver","floor":12,"turns":2},{"damage":1,"enemies":"3 Louse","floor":14,"turns":4},{"damage":39,"enemies":"Hexaghost","floor":16,"turns":16}],"seed_played":"3292741884641816429","potions_obtained":[{"floor":1,"key":"GamblersBrew"},{"floor":3,"key":"PowerPotion"},{"floor":10,"key":"Block Potion"},{"floor":11,"key":"Fire Potion"}],"is_trial":false,"path_per_floor":["M","M","M","?","M","?","E","R","T","M","E","M","R","M","R","B"],"character_chosen":"THE_SILENT","items_purchased":[],"campfire_rested":2,"item_purchase_floors":[],"current_hp_per_floor":[62,62,62,48,46,46,16,37,37,34,18,18,39,38,38,0],"gold":332,"neow_bonus":"TRANSFORM_CARD","is_prod":false,"is_daily":false,"chose_seed":false,"campfire_upgraded":1,"win_rate":0,"timestamp":1543439643,"path_taken":["M","M","M","?","M","?","E","R","T","M","E","M","R","M","R","BOSS"],"build_version":"2018-11-15","purchased_purges":0,"victory":false,"max_hp_per_floor":[70,70,70,70,70,70,70,70,70,70,70,70,70,70,70,70],"card_choices":[{"not_picked":["Setup","Dash"],"picked":"Finisher","floor":1},{"not_picked":["Underhanded Strike","Outmaneuver"],"picked":"Deflect","floor":2},{"not_picked":["Deflect","Predator"],"picked":"Escape Plan","floor":3},{"not_picked":["Deflect","Deadly Poison"],"picked":"Cloak And Dagger","floor":5},{"not_picked":["Calculated Gamble","Prepared"],"picked":"Well Laid Plans","floor":7},{"not_picked":["Eviscerate","Flying Knee"],"picked":"Outmaneuver","floor":10},{"not_picked":["Dodge and Roll","Outmaneuver"],"picked":"Accuracy","floor":11},{"not_picked":["Concentrate","Masterful Stab","Corpse Explosion"],"picked":"SKIP","floor":12},{"not_picked":["Underhanded Strike","Acrobatics"],"picked":"Dagger Throw","floor":14}],"player_experience":181877,"relics_obtained":[{"floor":7,"key":"Dodecahedron"},{"floor":9,"key":"Paper Crane"},{"floor":11,"key":"MawBank"}],"event_choices":[{"damage_healed":0,"gold_gain":0,"player_choice":"Entered Light","damage_taken":14,"max_hp_gain":0,"max_hp_loss":0,"event_name":"Shining Light","floor":4,"gold_loss":0,"cards_upgraded":["Escape Plan","Neutralize"]},{"damage_healed":0,"gold_gain":0,"player_choice":"Upgraded","damage_taken":0,"max_hp_gain":0,"max_hp_loss":0,"event_name":"Upgrade Shrine","floor":6,"gold_loss":0,"cards_upgraded":["Cloak And Dagger"]}],"is_beta":false,"boss_relics":[],"items_purged_floors":[],"is_endless":false,"potions_floor_spawned":[1,3,10,11],"killed_by":"Hexaghost","ascension_level":4}