{"gold_per_floor":[112,10,10,10,24,59,91,68,80,92,81,95,136,155,155,275,275,300,35,55,68,68,68,84,84,84,98,141,141,161,204,204,330,330,355,375,375,23,43,43,43],"floor_reached":41,"playtime":5199,"items_purged":[],"score":518,"play_id":"41f7d61b-c751-4c45-ae76-9802c54afcdf","local_time":"20190123195537","is_ascension_mode":false,"campfire_choices":[{"data":"Chill","floor":10,"key":"SMITH"},{"data":"Heatsinks","floor":15,"key":"SMITH"},{"data":"Capacitor","floor":23,"key":"SMITH"},{"data":"Redo","floor":25,"key":"SMITH"},{"data":"Loop","floor":29,"key":"SMITH"},{"data":"Loop","floor":32,"key":"SMITH"},{"data":"Fusion","floor":40,"key":"SMITH"}],"neow_cost":"NONE","seed_source_timestamp":16045919881796,"circlet_count":0,"master_deck":["Strike_B","Strike_B","Strike_B","Strike_B","Defend_B","Defend_B","Defend_B","Zap","Dualcast+1","Gash","Loop+1","Coolheaded","Regret","Stack+1","Chill+1","Tempest","Ball Lightning","Biased Cognition","Heatsinks+1","Steam","Buffer","Loop+1","Hello World","Ball Lightning","Glacier+1","Cold Snap+1","Capacitor+1","Redo+1","Cold Snap","Redo+1","Scrape","Reprogram+1","Electrodynamics","Parasite","Normality","Decay","Fusion+1","Compile Driver","Iron Wave","Doom and Gloom","Self Repair","Cold Snap"],"relics":["Cracked Core","Golden Idol","Vajra","MawBank","Pantograph","Bag of Marbles","Coffee Dripper","Bronze Scales","Meat on the Bone","Thread and Needle","Darkstone Periapt","Calling Bell","War Paint","Pear","Ice Cream","Kunai"],"potions_floor_usage":[16,16,21,33,33,33,35,41,41],"damage_taken":[{"damage":0,"enemies":"Cultist","floor":1,"turns":3},{"damage":6,"enemies":"2 Louse","floor":5,"turns":2},{"damage":33,"enemies":"Lagavulin","floor":6,"turns":7},{"damage":2,"enemies":"Small Slimes","floor":7,"turns":3},{"damage":3,"enemies":"Looter","floor":12,"turns":2},{"damage":8,"enemies":"Gremlin Nob","floor":13,"turns":3},{"damage":8,"enemies":"Red Slaver","floor":14,"turns":2},{"damage":22,"enemies":"Hexaghost","floor":16,"turns":9},{"damage":6,"enemies":"3 Byrds","floor":18,"turns":4},{"damage":5,"enemies":"Spheric Guardian","floor":20,"turns":4},{"damage":8,"enemies":"Snecko","floor":21,"turns":5},{"damage":14,"enemies":"Chosen and Byrds","floor":24,"turns":4},{"damage":6,"enemies":"Snake Plant","floor":27,"turns":5},{"damage":17,"enemies":"Book of Stabbing","floor":28,"turns":6},{"damage":1,"enemies":"Centurion and Healer","floor":30,"turns":5},{"damage":27,"enemies":"Gremlin Leader","floor":31,"turns":7},{"damage":48,"enemies":"Champ","floor":33,"turns":14},{"damage":0,"enemies":"3 Shapes","floor":35,"turns":5},{"damage":9,"enemies":"Orb Walker","floor":36,"turns":3},{"damage":31,"enemies":"Transient","floor":39,"turns":5},{"damage":79,"enemies":"Giant Head","floor":41,"turns":10}],"seed_played":"2410475780951425289","potions_obtained":[{"floor":7,"key":"Explosive Potion"},{"floor":13,"key":"Fire Potion"},{"floor":14,"key":"Poison Potion"},{"floor":16,"key":"FocusPotion"},{"floor":18,"key":"Strength Potion"},{"floor":27,"key":"Weak Potion"},{"floor":30,"key":"Poison Potion"},{"floor":31,"key":"EssenceOfSteel"},{"floor":33,"key":"Block Potion"},{"floor":36,"key":"SkillPotion"},{"floor":39,"key":"AttackPotion"}],"is_trial":false,"path_per_floor":["?","?","?","?","?","M"],"character_chosen":"DEFECT","items_purchased":["Loop","Coolheaded","Ball Lightning","Hello World","Ball Lightning","Bronze Scales","Doom and Gloom","Kunai","Self Repair"],"campfire_rested":0,"item_purchase_floors":[2,2,11,19,19,19,38,38,38],"current_hp_per_floor":[82,82,62,62,56,23,21,41,41,41,41,38,30,22,22,25,82,76,76,71,63,63,63,49,49,49,43,38,38,49,34,34,23,110,110,101,101,101,77,77,0],"gold":43,"neow_bonus":"TEN_PERCENT_HP_BONUS","is_prod":false,"is_daily":false,"chose_seed":false,"campfire_upgraded":7,"win_rate":0.0,"timestamp":1548269737,"path_taken":["M","$","?","?","M","E","M","?","T","R","$","M","E","M","R","BOSS","M","$","M","M","?","R","M","R","T","M","E","R","M","E","R","BOSS","M","M","?","$","?","R","E"],"build_version":"2019-01-23","purchased_purges":0,"victory":false,"max_hp_per_floor":[82,82,82,82,82,82,82,82,82,82,82,82,82,82,82,82,82,82,82,82,82,82,82,82,82,82,82,82,82,82,82,82,82,110,110,110,110,110,110,110,110],"card_choices":[{"not_picked":["Go for the Eyes","Steam"],"picked":"Gash","floor":1},{"not_picked":["Beam Cell","Cold Snap"],"picked":"Stack","floor":5},{"not_picked":["Hologram","Beam Cell"],"picked":"Chill","floor":6},{"not_picked":["Stack","Glacier"],"picked":"Tempest","floor":7},{"not_picked":["Reprogram","Cold Snap"],"picked":"Biased Cognition","floor":12},{"not_picked":["Hologram","Stack"],"picked":"Heatsinks","floor":13},{"not_picked":["Streamline","Sweeping Beam"],"picked":"Steam","floor":14},{"not_picked":["Fission","Thunder Strike"],"picked":"Buffer","floor":16},{"not_picked":["Hologram","Gash"],"picked":"Loop","floor":18},{"not_picked":["Chaos","Auto Shields"],"picked":"Glacier+1","floor":20},{"not_picked":["Leap+1","Hologram"],"picked":"Cold Snap+1","floor":21},{"not_picked":["Ball Lightning+1","Beam Cell+1"],"picked":"Redo","floor":24},{"not_picked":["Steam+1","Leap"],"picked":"Cold Snap","floor":27},{"not_picked":["Double Energy","Hello World"],"picked":"Redo+1","floor":28},{"not_picked":["Skim","Go for the Eyes"],"picked":"Scrape","floor":30},{"not_picked":["Barrage","Coolheaded"],"picked":"Reprogram+1","floor":31},{"not_picked":["Rainbow","Fission"],"picked":"Electrodynamics","floor":33},{"not_picked":["Aggregate","Genetic Algorithm"],"picked":"Fusion","floor":35},{"not_picked":["Rip and Tear","Heatsinks"],"picked":"Compile Driver","floor":36},{"not_picked":["Rip and Tear+1","Self Repair"],"picked":"Cold Snap","floor":39}],"player_experience":4585,"relics_obtained":[{"floor":6,"key":"MawBank"},{"floor":9,"key":"Pantograph"},{"floor":13,"key":"Bag of Marbles"},{"floor":26,"key":"Meat on the Bone"},{"floor":28,"key":"Thread and Needle"},{"floor":31,"key":"Darkstone Periapt"},{"floor":34,"key":"War Paint"},{"floor":34,"key":"Pear"},{"floor":34,"key":"Ice Cream"}],"event_choices":[{"damage_healed":0,"gold_gain":0,"player_choice":"Take Damage","damage_taken":20,"relics_obtained":["Golden Idol"],"max_hp_gain":0,"max_hp_loss":0,"event_name":"Golden Idol","floor":3,"gold_loss":0},{"damage_healed":0,"gold_gain":0,"player_choice":"Box","damage_taken":0,"relics_obtained":["Vajra"],"max_hp_gain":0,"max_hp_loss":0,"event_name":"Big Fish","floor":4,"gold_loss":0,"cards_obtained":["Regret"]},{"damage_healed":20,"gold_gain":0,"player_choice":"Healed","damage_taken":0,"max_hp_gain":0,"max_hp_loss":0,"event_name":"The Cleric","floor":8,"gold_loss":35},{"damage_healed":0,"gold_gain":0,"player_choice":"Read","damage_taken":0,"max_hp_gain":0,"max_hp_loss":0,"event_name":"The Library","floor":22,"gold_loss":0,"cards_obtained":["Capacitor"]},{"cards_removed":["Defend_B"],"damage_healed":0,"gold_gain":0,"player_choice":"Took Card","damage_taken":0,"max_hp_gain":0,"max_hp_loss":0,"event_name":"NoteForYourself","floor":37,"gold_loss":0,"cards_obtained":["Iron Wave"]}],"is_beta":false,"boss_relics":[{"not_picked":["Eternal Feather","Ectoplasm"],"picked":"Coffee Dripper"},{"not_picked":["Cursed Key","Lizard Tail"],"picked":"Calling Bell"}],"items_purged_floors":[],"is_endless":false,"potions_floor_spawned":[7,13,14,16,18,27,30,31,33,36,39],"killed_by":"Giant Head","ascension_level":0}