{"gold_per_floor":[113,128,203,203,218,218,245,258,313,333,365,365,365],"floor_reached":13,"playtime":505,"items_purged":[],"score":176,"play_id":"daa91473-1524-4fa7-8ad5-e3b3c8a72017","local_time":"20181109170010","is_ascension_mode":true,"campfire_choices":[{"data":"Poisoned Stab","floor":6,"key":"SMITH"}],"neow_cost":"NONE","seed_source_timestamp":1145716990080834,"circlet_count":0,"master_deck":["AscendersBane","Defend_G","Defend_G","Defend_G","Defend_G","Defend_G","Strike_G","Strike_G","Strike_G","Strike_G","Strike_G","Survivor","Neutralize+1","Catalyst","Heel Hook","Poisoned Stab+1","Deflect+1","Deadly Poison+1"],"relics":["Ring of the Snake","Toxic Egg 2","Regal Pillow","Art of War"],"potions_floor_usage":[7,10],"damage_taken":[{"damage":0,"enemies":"2 Louse","floor":1,"turns":3},{"damage":1,"enemies":"Small Slimes","floor":2,"turns":4},{"damage":0,"enemies":"Jaw Worm","floor":5,"turns":5},{"damage":12,"enemies":"Lagavulin","floor":7,"turns":6},{"damage":16,"enemies":"3 Louse","floor":8,"turns":5},{"damage":11,"enemies":"2 Fungi Beasts","floor":10,"turns":3},{"damage":25,"enemies":"3 Sentries","floor":11,"turns":11},{"damage":1,"enemies":"Exordium Wildlife","floor":13,"turns":2}],"seed_played":"5297886692822215871","potions_obtained":[{"floor":5,"key":"Strength Potion"},{"floor":8,"key":"SkillPotion"}],"is_trial":false,"path_per_floor":["M","M","?","?","M","R","E","M","T","M","E","?","M"],"character_chosen":"THE_SILENT","items_purchased":[],"campfire_rested":0,"item_purchase_floors":[],"current_hp_per_floor":[59,58,47,66,66,66,54,38,38,27,2,2,1],"gold":365,"neow_bonus":"UPGRADE_CARD","is_prod":false,"is_daily":false,"chose_seed":false,"campfire_upgraded":1,"win_rate":0,"timestamp":1541808010,"path_taken":["M","M","?","?","M","R","E","M","T","M","E","?","M"],"build_version":"2018-11-08","purchased_purges":0,"victory":false,"max_hp_per_floor":[66,66,66,66,66,66,66,66,66,66,66,66,66],"card_choices":[{"not_picked":["Backflip","Dagger Throw"],"picked":"Catalyst","floor":1},{"not_picked":["Dodge and Roll","Accuracy"],"picked":"Heel Hook","floor":2},{"not_picked":["Skewer","Reflex"],"picked":"Poisoned Stab","floor":5},{"not_picked":["Flechettes","Blade Dance"],"picked":"Deflect","floor":7},{"not_picked":["All Out Attack","Well Laid Plans"],"picked":"Deadly Poison+1","floor":8},{"not_picked":["Eviscerate","Dagger Throw","Quick Slash"],"picked":"SKIP","floor":10},{"not_picked":["Accuracy","Dagger Spray","Blade Dance+1"],"picked":"SKIP","floor":11}],"player_experience":1129718,"relics_obtained":[{"floor":7,"key":"Toxic Egg 2"},{"floor":9,"key":"Regal Pillow"},{"floor":11,"key":"Art of War"}],"event_choices":[{"damage_healed":0,"gold_gain":75,"player_choice":"Gather Gold","damage_taken":11,"max_hp_gain":0,"max_hp_loss":0,"event_name":"World of Goop","floor":3,"gold_loss":0},{"damage_healed":22,"gold_gain":0,"player_choice":"Banana","damage_taken":0,"max_hp_gain":0,"max_hp_loss":0,"event_name":"Big Fish","floor":4,"gold_loss":0},{"damage_healed":0,"gold_gain":0,"player_choice":"Searched \u00270\u0027 times","damage_taken":0,"max_hp_gain":0,"max_hp_loss":0,"event_name":"Dead Adventurer","floor":12,"gold_loss":0}],"is_beta":true,"boss_relics":[],"items_purged_floors":[],"is_endless":false,"potions_floor_spawned":[5,8],"killed_by":"Exordium Wildlife","ascension_level":17}