{"gold_per_floor":[117,130,48,67,81,81,109,109,109,109,138,138,152,184,184,289,289,308,327,327,381,139,168,168,243,311,346,346,107,124,138,138,239,239,249,249,262,48,59,59,0,19,19,119,119,138,149,181,181,181,181,181,6,38,38],"floor_reached":56,"playtime":3251,"items_purged":["Strike_R","Strike_R","Strike_R","Strike_R"],"score":1439,"play_id":"cb69cd72-7215-41b9-82c0-c05e6c46d400","local_time":"20181208112028","is_ascension_mode":true,"campfire_choices":[{"data":"Clothesline","floor":6.0,"key":"SMITH"},{"floor":12.0,"key":"REST"},{"data":"Body Slam","floor":15.0,"key":"SMITH"},{"data":"True Grit","floor":24.0,"key":"SMITH"},{"floor":28,"key":"REST"},{"data":"Dark Embrace","floor":32,"key":"SMITH"},{"floor":40,"key":"RECALL"},{"data":"Pommel Strike","floor":45,"key":"SMITH"},{"floor":49,"key":"REST"},{"data":"Disarm","floor":52,"key":"SMITH"}],"neow_cost":"NONE","seed_source_timestamp":0,"circlet_count":0,"master_deck":["Strike_R","Defend_R","Defend_R","Defend_R","Bash","Anger","Inflame","Disarm+1","Clothesline+1","Heavy Blade","Body Slam+1","Dark Embrace+1","Warcry","Shrug It Off+1","Havoc","True Grit+1","Metallicize","Inflame+1","Corruption+1","Pommel Strike+1","Disarm+1","Whirlwind","Demon Form+1","Evolve+1","Headbutt+1","Shrug It Off+1","Shrug It Off+1","Feel No Pain+1","Shrug It Off+1"],"special_seed":0,"relics":["Burning Blood","Pen Nib","The Courier","Boot","Gremlin Horn","Omamori","Ornamental Fan","Sozu","Orichalcum","Bronze Scales","Dead Branch","Frozen Egg 2","Regal Pillow","Snecko Eye","Lantern","Red Mask","Magic Flower","Dream Catcher","Pantograph"],"potions_floor_usage":[27,55],"damage_taken":[{"damage":0.0,"enemies":"Small Slimes","floor":1.0,"turns":3.0},{"damage":6.0,"enemies":"2 Louse","floor":2.0,"turns":2.0},{"damage":9.0,"enemies":"Jaw Worm","floor":4.0,"turns":3.0},{"damage":12.0,"enemies":"2 Fungi Beasts","floor":5.0,"turns":3.0},{"damage":24.0,"enemies":"Gremlin Nob","floor":7.0,"turns":4.0},{"damage":15.0,"enemies":"3 Sentries","floor":11.0,"turns":6.0},{"damage":0.0,"enemies":"Gremlin Gang","floor":13.0,"turns":3.0},{"damage":35.0,"enemies":"Lagavulin","floor":14.0,"turns":6.0},{"damage":18.0,"enemies":"The Guardian","floor":16.0,"turns":12.0},{"damage":0.0,"enemies":"Spheric Guardian","floor":18.0,"turns":3.0},{"damage":10.0,"enemies":"3 Byrds","floor":19.0,"turns":6.0},{"damage":12.0,"enemies":"Colosseum Slavers","floor":20.0,"turns":4.0},{"damage":26.0,"enemies":"Slavers","floor":23.0,"turns":7.0},{"damage":20,"enemies":"Gremlin Leader","floor":27,"turns":6},{"damage":2,"enemies":"Cultist and Chosen","floor":30,"turns":4},{"damage":4,"enemies":"Snake Plant","floor":31,"turns":4},{"damage":10,"enemies":"Automaton","floor":33,"turns":5},{"damage":24,"enemies":"3 Shapes","floor":35,"turns":4},{"damage":0,"enemies":"3 Darklings","floor":37,"turns":3},{"damage":0,"enemies":"Spire Growth","floor":39,"turns":2},{"damage":7,"enemies":"Transient","floor":42,"turns":5},{"damage":9,"enemies":"Mind Bloom Boss Battle","floor":44,"turns":4},{"damage":6,"enemies":"4 Shapes","floor":46,"turns":3},{"damage":7,"enemies":"Maw","floor":47,"turns":6},{"damage":38,"enemies":"Nemesis","floor":48,"turns":9},{"damage":17,"enemies":"Donu and Deca","floor":50,"turns":5},{"damage":51,"enemies":"Shield and Spear","floor":54,"turns":4},{"damage":47,"enemies":"The Heart","floor":55,"turns":8}],"seed_played":"2101153470129844239","potions_obtained":[{"floor":1.0,"key":"Ancient Potion"},{"floor":4.0,"key":"EssenceOfSteel"},{"floor":7.0,"key":"Dexterity Potion"},{"floor":13.0,"key":"Fire Potion"},{"floor":16.0,"key":"EssenceOfSteel"}],"is_trial":false,"path_per_floor":["M","M","$","M","M","R","E","?","T","?","E","R","M","E","R","B",null,"M","M","?","T","$","E","R","?","T","E","R","$","M","M","R","B",null,"M","?","M","$","M","R","?","M","T","?","R","M","M","E","R","B",null,"R","$","E","B",null],"character_chosen":"IRONCLAD","items_purchased":["Inflame","Bronze Scales","Havoc","True Grit","Inflame+1","Corruption+1","Pommel Strike","Lantern","Feel No Pain+1"],"campfire_rested":3,"item_purchase_floors":[3,22,22,22,29,29,29,38,53],"current_hp_per_floor":[80,80,80,77,71,71,53,35,35,35,26,50,56,27,27,15,80,80,76,70,70,70,50,50,42,42,28,67,67,71,73,73,69,80,62,62,68,68,74,74,74,73,73,70,70,73,75,46,80,72,80,80,80,38,38],"gold":38,"neow_bonus":"RANDOM_COMMON_RELIC","is_prod":false,"is_daily":false,"chose_seed":false,"campfire_upgraded":6,"win_rate":0,"timestamp":1544275228,"path_taken":["M","M","$","M","M","R","E","?","T","?","E","R","M","E","R","BOSS","M","M","?","?","$","E","R","?","T","E","R","$","M","?","R","BOSS","M","?","M","$","M","R","?","M","T","?","R","M","?","E","R","BOSS","R","$","E","BOSS"],"build_version":"2018-12-06","purchased_purges":4,"victory":true,"max_hp_per_floor":[80,80,80,80,80,80,80,80,80,80,80,80,80,80,80,80,80,80,80,80,80,80,80,80,80,80,80,80,80,80,80,80,80,80,80,80,80,80,80,80,80,80,80,80,80,80,80,80,80,80,80,80,80,80,80],"card_choices":[{"not_picked":["Dropkick","Wild Strike","Bloodletting"],"picked":"SKIP","floor":1.0},{"not_picked":["Sentinel","Reckless Charge"],"picked":"Anger","floor":2.0},{"not_picked":["Bloodletting","Burning Pact"],"picked":"Disarm","floor":4.0},{"not_picked":["Shockwave","Whirlwind"],"picked":"Clothesline","floor":5.0},{"not_picked":["Clothesline","Combust","Power Through"],"picked":"SKIP","floor":7.0},{"not_picked":["Iron Wave","Flex"],"picked":"Heavy Blade","floor":11.0},{"not_picked":["Anger","Flex"],"picked":"Body Slam","floor":13.0},{"not_picked":["Blood for Blood","Twin Strike","Body Slam"],"picked":"SKIP","floor":14.0},{"not_picked":["Berserk","Barricade"],"picked":"Dark Embrace","floor":16.0},{"not_picked":["Sentinel","Body Slam"],"picked":"Warcry","floor":18.0},{"not_picked":["Pommel Strike","Infernal Blade"],"picked":"Shrug It Off+1","floor":19.0},{"not_picked":["Headbutt","Havoc+1"],"picked":"Metallicize","floor":23.0},{"not_picked":["Berserk+1","Clash+1","Warcry"],"picked":"SKIP","floor":27},{"not_picked":["Iron Wave","Headbutt+1"],"picked":"Disarm+1","floor":30},{"not_picked":["Heavy Blade+1","Cleave"],"picked":"Whirlwind","floor":31},{"not_picked":["Bludgeon","Juggernaut+1"],"picked":"Demon Form+1","floor":33},{"not_picked":["Intimidate","Headbutt","Inflame+1"],"picked":"SKIP","floor":35},{"not_picked":["Pommel Strike","Heavy Blade","Sword Boomerang"],"picked":"SKIP","floor":37},{"not_picked":["Heavy Blade","Twin Strike"],"picked":"Evolve+1","floor":39},{"not_picked":["Rupture+1","Carnage+1"],"picked":"Headbutt+1","floor":42},{"not_picked":["Thunderclap+1","Iron Wave+1","Exhume"],"picked":"SKIP","floor":46},{"not_picked":["Perfected Strike+1","Heavy Blade+1"],"picked":"Shrug It Off+1","floor":47},{"not_picked":["Iron Wave","Clash"],"picked":"Shrug It Off+1","floor":48},{"not_picked":["Anger","True Grit+1"],"picked":"Shrug It Off+1","floor":54}],"player_experience":197020,"relics_obtained":[{"floor":7.0,"key":"The Courier"},{"floor":9.0,"key":"Gremlin Horn"},{"floor":11.0,"key":"Omamori"},{"floor":14.0,"key":"Ornamental Fan"},{"floor":21.0,"key":"Orichalcum"},{"floor":23.0,"key":"Dead Branch"},{"floor":26,"key":"Frozen Egg 2"},{"floor":27,"key":"Regal Pillow"},{"floor":44,"key":"Magic Flower"},{"floor":48,"key":"Dream Catcher"},{"floor":54,"key":"Pantograph"}],"event_choices":[{"damage_healed":0.0,"max_hp_gain":0.0,"max_hp_loss":0.0,"gold_gain":0.0,"event_name":"Scrap Ooze","player_choice":"Success","floor":8.0,"gold_loss":0.0,"damage_taken":18.0,"relics_obtained":["Boot"]},{"damage_healed":0.0,"max_hp_gain":0.0,"max_hp_loss":0.0,"gold_gain":0.0,"event_name":"Liars Game","player_choice":"Ignored","floor":10.0,"gold_loss":0.0,"damage_taken":0.0},{"damage_healed":0.0,"max_hp_gain":0.0,"max_hp_loss":0.0,"gold_gain":0.0,"event_name":"Colosseum","player_choice":"Fight","floor":20.0,"gold_loss":0.0,"damage_taken":0.0},{"damage_healed":0.0,"max_hp_gain":0.0,"max_hp_loss":0.0,"gold_gain":0.0,"event_name":"Colosseum","player_choice":"Fled From Nobs","floor":20.0,"gold_loss":0.0,"damage_taken":0.0},{"damage_healed":0,"gold_gain":75,"player_choice":"Touch","damage_taken":8,"max_hp_gain":0,"max_hp_loss":0,"event_name":"FaceTrader","floor":25,"gold_loss":0},{"cards_removed":["Defend_R"],"damage_healed":0,"gold_gain":0,"player_choice":"Removed Skill","damage_taken":0,"max_hp_gain":0,"max_hp_loss":0,"event_name":"Falling","floor":36,"gold_loss":0},{"damage_healed":0,"gold_gain":0,"player_choice":"Paid","damage_taken":0,"relics_obtained":["Red Mask"],"max_hp_gain":0,"max_hp_loss":0,"event_name":"Tomb of Lord Red Mask","floor":41,"gold_loss":59},{"damage_healed":0,"gold_gain":0,"player_choice":"Fight","damage_taken":0,"max_hp_gain":0,"max_hp_loss":0,"event_name":"MindBloom","floor":44,"gold_loss":0}],"is_beta":false,"boss_relics":[{"not_picked":["Black Star","Runic Dome"],"picked":"Sozu"},{"not_picked":["Pandora\u0027s Box","White Beast Statue"],"picked":"Snecko Eye"}],"items_purged_floors":[22,29,38,53],"is_endless":false,"potions_floor_spawned":[1,4,7,13,16,19,23,31,33,37,46,48],"ascension_level":3}