{"gold_per_floor":[112,112,112,131,5,32,32,42,67,67,67,81,97,110,110,110],"floor_reached":16,"playtime":392,"items_purged":["Strike_G"],"score":248,"play_id":"653c32ce-6914-4dee-9f8f-efc2be803a6f","local_time":"20190121230803","is_ascension_mode":true,"campfire_choices":[{"data":"A Thousand Cuts","floor":7,"key":"SMITH"},{"data":"Crippling Poison","floor":11,"key":"SMITH"},{"floor":15,"key":"REST"}],"neow_cost":"NONE","seed_source_timestamp":1055983525522680,"circlet_count":0,"master_deck":["AscendersBane","Defend_G","Defend_G","Defend_G","Defend_G+1","Defend_G","Strike_G","Strike_G+1","Strike_G","Strike_G","Survivor","Neutralize+1","Crippling Poison+1","Flying Knee","Deadly Poison","A Thousand Cuts+1","Deadly Poison","Quick Slash","Bullet Time"],"relics":["Ring of the Snake","NeowsBlessing","Smiling Mask","Art of War"],"potions_floor_usage":[16],"damage_taken":[{"damage":0,"enemies":"Jaw Worm","floor":1,"turns":1},{"damage":0,"enemies":"Small Slimes","floor":4,"turns":1},{"damage":0,"enemies":"Lagavulin","floor":6,"turns":1},{"damage":0,"enemies":"2 Louse","floor":8,"turns":4},{"damage":2,"enemies":"Blue Slaver","floor":12,"turns":4},{"damage":11,"enemies":"Red Slaver","floor":13,"turns":4},{"damage":3,"enemies":"3 Louse","floor":14,"turns":3},{"damage":54,"enemies":"Slime Boss","floor":16,"turns":5}],"seed_played":"-7544414675997536234","potions_obtained":[{"floor":6,"key":"PowerPotion"},{"floor":13,"key":"Ancient Potion"}],"is_trial":false,"path_per_floor":["?","?"],"character_chosen":"THE_SILENT","items_purchased":["Deadly Poison"],"campfire_rested":1,"item_purchase_floors":[5],"current_hp_per_floor":[59,59,59,59,59,59,59,59,59,39,39,37,26,23,42,0],"gold":110,"neow_bonus":"THREE_ENEMY_KILL","is_prod":false,"is_daily":false,"chose_seed":false,"campfire_upgraded":2,"win_rate":0,"timestamp":1548137283,"path_taken":["M","?","$","M","$","E","R","M","T","?","R","M","M","M","R","BOSS"],"build_version":"2019-01-20","purchased_purges":1,"victory":false,"max_hp_per_floor":[66,66,66,66,66,66,66,66,66,66,66,66,66,66,66,66],"card_choices":[{"not_picked":["Bane","PiercingWail"],"picked":"Crippling Poison","floor":1},{"not_picked":["Blade Dance","Prepared"],"picked":"Flying Knee","floor":4},{"not_picked":["PiercingWail","Tactician"],"picked":"A Thousand Cuts","floor":6},{"not_picked":["Underhanded Strike","Blade Dance","Acrobatics"],"picked":"SKIP","floor":8},{"not_picked":["Caltrops","Infinite Blades"],"picked":"Deadly Poison","floor":12},{"not_picked":["Sucker Punch","Blade Dance"],"picked":"Quick Slash","floor":13},{"not_picked":["Acrobatics","Dagger Throw"],"picked":"Bullet Time","floor":14}],"player_experience":1243440,"relics_obtained":[{"floor":6,"key":"Smiling Mask"},{"floor":9,"key":"Art of War"}],"event_choices":[{"damage_healed":0,"gold_gain":0,"player_choice":"Grow","damage_taken":0,"max_hp_gain":0,"max_hp_loss":0,"event_name":"Living Wall","floor":2,"gold_loss":0,"cards_upgraded":["Neutralize"]},{"damage_healed":0,"gold_gain":0,"player_choice":"Entered Light","damage_taken":20,"max_hp_gain":0,"max_hp_loss":0,"event_name":"Shining Light","floor":10,"gold_loss":0,"cards_upgraded":["Defend_G","Strike_G"]}],"is_beta":true,"boss_relics":[],"items_purged_floors":[5],"is_endless":false,"potions_floor_spawned":[6,13],"killed_by":"Slime Boss","ascension_level":19}