{"gold_per_floor":[110,110,130,148,168,168,195,195,222,242,273,303,346,373,385,498,510,535,547,559,587,599,611,634,646,684,723,658,703,202,214,214,316,316,332,9,26,39,51,51,51,63,63,82,107,107,120,146,146,146],"floor_reached":51,"playtime":2927,"items_purged":["Strike_G","Strike_G"],"score":1173,"play_id":"08e78d4f-3def-488e-b6a0-55db04d040c9","local_time":"20180731121655","is_ascension_mode":true,"campfire_choices":[{"data":"Dash","floor":6,"key":"SMITH"},{"data":"Neutralize","floor":8,"key":"SMITH"},{"data":"A Thousand Cuts","floor":15,"key":"SMITH"},{"data":"A Thousand Cuts","floor":23,"key":"SMITH"},{"data":"Sucker Punch","floor":25,"key":"SMITH"},{"data":"Noxious Fumes","floor":32,"key":"SMITH"},{"data":"Wraith Form v2","floor":40,"key":"SMITH"},{"data":"Well Laid Plans","floor":46,"key":"SMITH"},{"data":"Infinite Blades","floor":49,"key":"SMITH"}],"neow_cost":"","seed_source_timestamp":525193902052240,"circlet_count":0,"master_deck":["Defend_G","Defend_G+1","Defend_G","Defend_G","Defend_G+1","Strike_G","Strike_G","Survivor","Neutralize+1","Predator","Heel Hook","PiercingWail","Dash+1","Flying Knee","A Thousand Cuts+1","Sucker Punch+1","Dagger Spray","Backstab","Cloak And Dagger+1","A Thousand Cuts+1","Noxious Fumes+1","Infinite Blades+1","Blade Dance+1","Ghostly+1","Ghostly+1","Ghostly+1","Ghostly+1","Ghostly+1","Escape Plan+1","J.A.X.+1","Backflip+1","Blade Dance+1","Noxious Fumes+1","Wraith Form v2+1","Prepared+1","Well Laid Plans+1","Acrobatics+1","Finisher+1","Cloak And Dagger+1","Cloak And Dagger+1","Blur+1","Backflip+1"],"relics":["Ring of the Snake","Blood Vial","Pen Nib","Omamori","MawBank","Toxic Egg 2","Cursed Key","Snake Skull","Strawberry","Smiling Mask","Ninja Scroll","Coffee Dripper","War Paint","Tingsha","Ancient Tea Set","Boot","Pantograph"],"potions_floor_usage":[7,11,13,18,24,50,50,50],"damage_taken":[{"damage":0,"enemies":"2 Louse","floor":1,"turns":3},{"damage":1,"enemies":"Jaw Worm","floor":3,"turns":7},{"damage":0,"enemies":"Small Slimes","floor":4,"turns":2},{"damage":9,"enemies":"Gremlin Gang","floor":5,"turns":7},{"damage":10,"enemies":"Gremlin Nob","floor":7,"turns":4},{"damage":2,"enemies":"Exordium Thugs","floor":10,"turns":5},{"damage":0,"enemies":"Lagavulin","floor":11,"turns":6},{"damage":0,"enemies":"Lots of Slimes","floor":12,"turns":4},{"damage":8,"enemies":"3 Sentries","floor":13,"turns":8},{"damage":1,"enemies":"Exordium Wildlife","floor":14,"turns":2},{"damage":0,"enemies":"Slime Boss","floor":16,"turns":6},{"damage":0,"enemies":"3 Byrds","floor":18,"turns":4},{"damage":5,"enemies":"Spheric Guardian","floor":21,"turns":3},{"damage":0,"enemies":"Centurion and Healer","floor":24,"turns":5},{"damage":0,"enemies":"Book of Stabbing","floor":27,"turns":5},{"damage":3,"enemies":"Gremlin Leader","floor":29,"turns":6},{"damage":0,"enemies":"Cultist and Chosen","floor":31,"turns":4},{"damage":3,"enemies":"Collector","floor":33,"turns":9},{"damage":0,"enemies":"3 Shapes","floor":35,"turns":5},{"damage":1,"enemies":"Orb Walker","floor":37,"turns":4},{"damage":1,"enemies":"4 Shapes","floor":38,"turns":3},{"damage":0,"enemies":"3 Darklings","floor":39,"turns":5},{"damage":0,"floor":41,"turns":7},{"damage":1,"enemies":"Flame Bruiser 2 Orb","floor":42,"turns":5},{"damage":9,"enemies":"Spire Growth","floor":44,"turns":3},{"damage":3,"enemies":"2 Orb Walkers","floor":45,"turns":4},{"damage":2,"enemies":"4 Shapes","floor":47,"turns":4},{"damage":0,"enemies":"Nemesis","floor":48,"turns":5},{"damage":3,"enemies":"Donu and Deca","floor":50,"turns":8}],"seed_played":"8057151589201968535","potions_obtained":[{"floor":1,"key":"LiquidBronze"},{"floor":5,"key":"Weak Potion"},{"floor":7,"key":"Regen Potion"},{"floor":10,"key":"SpeedPotion"},{"floor":12,"key":"EssenceOfSteel"},{"floor":16,"key":"PowerPotion"},{"floor":24,"key":"Energy Potion"},{"floor":29,"key":"FearPotion"},{"floor":33,"key":"SteroidPotion"},{"floor":45,"key":"EssenceOfSteel"},{"floor":47,"key":"EssenceOfSteel"}],"is_trial":false,"path_per_floor":["M","?","M","M","M","R","E","R","T","M","E","M","E","M","R","B",null,"M","?","?","M","?","R","M","R","T","E","?","E","$","M","R","B",null,"M","$","M","M","M","R","?","M","T","M","E","R","M","E","R","B"],"character_chosen":"THE_SILENT","items_purchased":["Blade Dance+1","Ninja Scroll","Noxious Fumes","GhostInAJar","Well Laid Plans","War Paint","Acrobatics+1"],"campfire_rested":0,"item_purchase_floors":[30,30,30,30,36,36,36],"current_hp_per_floor":[70,63,64,66,59,59,51,51,51,51,53,55,64,65,65,67,70,70,70,57,54,37,37,37,37,37,44,44,41,41,43,43,41,44,44,44,43,43,44,44,44,43,43,35,34,34,34,36,36,41],"gold":146,"neow_bonus":"","is_prod":false,"is_daily":false,"chose_seed":false,"campfire_upgraded":9,"win_rate":0,"timestamp":1533061015,"path_taken":["M","?","?","M","M","R","E","R","T","M","E","M","E","M","R","BOSS","M","?","?","M","?","R","M","R","T","E","?","E","$","M","R","BOSS","M","$","M","M","M","R","?","M","T","M","E","R","?","E","R","BOSS"],"build_version":"2018-07-30","purchased_purges":2,"victory":true,"max_hp_per_floor":[70,70,70,70,70,70,70,70,70,70,70,70,70,70,70,70,70,70,70,75,75,37,37,37,37,37,44,44,44,44,44,44,44,44,44,44,44,44,44,44,44,44,44,44,44,44,44,44,44,44],"card_choices":[{"not_picked":["Riddle With Holes","Skewer"],"picked":"Predator","floor":1},{"not_picked":["Acrobatics","Choke"],"picked":"Heel Hook","floor":3},{"not_picked":["Escape Plan","Slice"],"picked":"PiercingWail","floor":4},{"not_picked":["Infinite Blades","Slice"],"picked":"Dash","floor":5},{"not_picked":["Dagger Throw","Underhanded Strike"],"picked":"Flying Knee","floor":7},{"not_picked":["Finisher","Slice"],"picked":"A Thousand Cuts","floor":10},{"not_picked":["Bane","All Out Attack"],"picked":"Sucker Punch","floor":11},{"not_picked":["Deflect","Acrobatics"],"picked":"Dagger Spray","floor":12},{"not_picked":["Dagger Spray","Poisoned Stab"],"picked":"Backstab","floor":13},{"not_picked":["Crippling Poison+1","Caltrops"],"picked":"Cloak And Dagger+1","floor":14},{"not_picked":["Venomology+1","Bullet Time+1"],"picked":"A Thousand Cuts","floor":16},{"not_picked":["Caltrops","Bane"],"picked":"Noxious Fumes+1","floor":18},{"not_picked":["Bane","PiercingWail+1"],"picked":"Blade Dance+1","floor":21},{"not_picked":["Deadly Poison+1","Underhanded Strike","Venomology+1"],"picked":"SKIP","floor":24},{"not_picked":["Skewer","Sucker Punch"],"picked":"Escape Plan+1","floor":27},{"not_picked":["Reflex+1","Outmaneuver+1"],"picked":"Backflip+1","floor":29},{"not_picked":["Outmaneuver+1","Dodge and Roll+1","Dagger Throw"],"picked":"SKIP","floor":31},{"not_picked":["Corpse Explosion+1","Storm of Steel+1"],"picked":"Wraith Form v2","floor":33},{"not_picked":["Skewer+1","Bane"],"picked":"Prepared+1","floor":35},{"not_picked":["Riddle With Holes","Dagger Throw","Dagger Spray"],"picked":"SKIP","floor":37},{"not_picked":["Crippling Poison+1","Skewer"],"picked":"Finisher+1","floor":38},{"not_picked":["Blade Dance+1","Well Laid Plans+1"],"picked":"Cloak And Dagger+1","floor":39},{"not_picked":["Sucker Punch+1","Leg Sweep+1"],"picked":"Cloak And Dagger+1","floor":41},{"not_picked":["Caltrops+1","Outmaneuver+1"],"picked":"Blur+1","floor":42},{"not_picked":["Riddle With Holes+1","Poisoned Stab","Sucker Punch"],"picked":"SKIP","floor":44},{"not_picked":["Outmaneuver+1","Corpse Explosion+1"],"picked":"Backflip+1","floor":45},{"not_picked":["Dodge and Roll+1","Riddle With Holes+1","Flying Knee"],"picked":"SKIP","floor":47},{"not_picked":["Dagger Spray","Skewer","Underhanded Strike+1"],"picked":"SKIP","floor":48}],"player_experience":889033,"relics_obtained":[{"floor":7,"key":"Pen Nib"},{"floor":9,"key":"Omamori"},{"floor":11,"key":"MawBank"},{"floor":13,"key":"Toxic Egg 2"},{"floor":26,"key":"Snake Skull"},{"floor":27,"key":"Strawberry"},{"floor":29,"key":"Smiling Mask"},{"floor":41,"key":"Tingsha"},{"floor":43,"key":"Ancient Tea Set"},{"floor":45,"key":"Boot"},{"floor":48,"key":"Pantograph"}],"event_choices":[{"event_name":"Scrap Ooze","player_choice":"success","floor":2,"damage_taken":7},{"event_name":"Transmorgrifier","player_choice":"Transform","floor":19,"damage_taken":0},{"event_name":"Forgotten Altar","player_choice":"Shed Blood","floor":20,"damage_taken":0},{"event_name":"Ghosts","player_choice":"Became a Ghost","floor":22,"damage_taken":0},{"event_name":"Drug Dealer","player_choice":"Got JAXXED","floor":28,"damage_taken":0},{"event_name":"MindBloom","player_choice":"Fight","floor":41,"damage_taken":0}],"is_beta":true,"boss_relics":[{"not_picked":["White Beast Statue","Eternal Feather"],"picked":"Cursed Key"},{"not_picked":["Black Star","Calling Bell"],"picked":"Coffee Dripper"}],"items_purged_floors":[30,36],"is_endless":false,"potions_floor_spawned":[1,5,7,10,12,16,24,29,33,38,44,45,47],"ascension_level":1}