{"path_per_floor":["M","$","?","$","M","E","R","E","T","R","$","E","R","?","R"],"character_chosen":"THE_SILENT","items_purchased":["Riddle With Holes","Deflect"],"gold_per_floor":[117,8,8,8,18,46,46,81,81,81,36,71,71,71,71,71],"floor_reached":16,"campfire_rested":0,"playtime":491,"item_purchase_floors":[2,11],"current_hp_per_floor":[66,66,66,66,66,42,42,32,32,32,32,32,32,14,14,0],"items_purged":["Strike_G"],"gold":71,"score":146,"play_id":"fd37c494-03c5-45e0-9514-bd207e0d0ce1","local_time":"20180529164718","is_prod":false,"is_daily":false,"chose_seed":false,"is_ascension_mode":true,"campfire_upgraded":4,"win_rate":0,"timestamp":1527634038,"campfire_choices":[{"data":"Neutralize","floor":7,"key":"SMITH"},{"data":"Choke","floor":10,"key":"SMITH"},{"data":"Riddle With Holes","floor":13,"key":"SMITH"},{"data":"Survivor","floor":15,"key":"SMITH"}],"path_taken":["M","$","?","?","M","E","R","E","T","R","?","E","R","?","R","BOSS"],"build_version":"2018-05-28","seed_source_timestamp":438834762747567,"purchased_purges":1,"victory":false,"master_deck":["Defend_G","Defend_G","Defend_G","Defend_G","Defend_G","Strike_G","Strike_G","Strike_G","Survivor+1","Neutralize+1","Slice","Riddle With Holes+1","Backstab","Venomology","Choke+1","Deflect","Dagger Throw"],"max_hp_per_floor":[70,70,70,70,70,70,70,70,70,70,70,70,70,70,70,70],"relics":["Ring of the Snake","Sundial","Bag of Marbles","Torii","Turnip","Bag of Preparation"],"card_choices":[{"not_picked":["Deadly Poison","Bane"],"picked":"Slice","floor":1},{"not_picked":["Quick Slash","Slice"],"picked":"Backstab","floor":5},{"not_picked":["Dagger Throw","Acrobatics"],"picked":"Venomology","floor":6},{"not_picked":["Poisoned Stab","Deadly Poison"],"picked":"Choke","floor":8},{"not_picked":["Dash","Prepared"],"picked":"Dagger Throw","floor":12}],"player_experience":642549,"potions_floor_usage":[8,12,16,16],"damage_taken":[{"damage":4,"enemies":"2 Louse","floor":1,"turns":3},{"damage":0,"enemies":"Cultist","floor":5,"turns":3},{"damage":24,"enemies":"Gremlin Nob","floor":6,"turns":5},{"damage":10,"enemies":"Lagavulin","floor":8,"turns":6},{"damage":0,"enemies":"Gremlin Nob","floor":12,"turns":3},{"damage":15,"enemies":"Hexaghost","floor":16,"turns":10}],"relics_obtained":[{"floor":6,"key":"Sundial"},{"floor":8,"key":"Bag of Marbles"},{"floor":9,"key":"Torii"},{"floor":12,"key":"Turnip"}],"event_choices":[{"event_name":"Wheel of Change","player_choice":"Card Removal","floor":3,"damage_taken":0},{"event_name":"Scrap Ooze","player_choice":"success","floor":14,"damage_taken":18}],"boss_relics":[],"items_purged_floors":[2],"potions_floor_spawned":[6],"seed_played":"-8796477462312782530","killed_by":"Hexaghost","ascension_level":1,"potions_obtained":[{"floor":6,"key":"Strength Potion"}],"is_trial":false}