{"gold_per_floor":[99,99,18,18,18,18,18,18,18,18,18,18,18,18],"floor_reached":14,"playtime":898,"items_purged":[],"score":88,"play_id":"d34dfb16-ced4-4e83-b4b5-22eae770112c","local_time":"20190203142639","is_ascension_mode":false,"campfire_choices":[{"floor":6,"key":"REST"},{"data":"Defragment","floor":8,"key":"SMITH"},{"data":"Zap","floor":10,"key":"SMITH"}],"neow_cost":"NONE","seed_source_timestamp":1319507457167455,"circlet_count":0,"master_deck":["Strike_B","Strike_B","Strike_B","Strike_B","Defend_B","Defend_B","Defend_B","Defend_B","Zap+1","Dualcast","Defragment+1","Hologram","Thunder Strike","Regret","Amplify","Leap","Skim"],"relics":["Ectoplasm","Golden Idol","FossilizedHelix","Dodecahedron","Lantern"],"potions_floor_usage":[],"damage_taken":[{"damage":0,"enemies":"Small Slimes","floor":1,"turns":3},{"damage":5,"enemies":"2 Louse","floor":2,"turns":3},{"damage":0,"enemies":"Jaw Worm","floor":11,"turns":3},{"damage":55,"enemies":"Gremlin Nob","floor":12,"turns":5},{"damage":6,"enemies":"Blue Slaver","floor":13,"turns":4},{"damage":14,"enemies":"Gremlin Gang","floor":14,"turns":3}],"seed_played":"4755082068364142579","potions_obtained":[{"floor":1,"key":"Dexterity Potion"},{"floor":2,"key":"EssenceOfSteel"},{"floor":13,"key":"SkillPotion"}],"is_trial":false,"path_per_floor":["M","M","$","?","?","R","?","R","T","R","M","E","M","M"],"character_chosen":"DEFECT","items_purchased":["Thunder Strike"],"campfire_rested":1,"item_purchase_floors":[3],"current_hp_per_floor":[75,70,70,70,52,74,74,74,74,74,74,19,13,0],"gold":18,"neow_bonus":"BOSS_RELIC","is_prod":false,"is_daily":false,"chose_seed":false,"campfire_upgraded":2,"win_rate":0.0,"timestamp":1549203999,"path_taken":["M","M","$","?","?","R","?","R","T","R","M","E","M","?"],"build_version":"2019-01-23","purchased_purges":0,"victory":false,"max_hp_per_floor":[75,75,75,75,75,75,75,75,75,75,75,75,75,75],"card_choices":[{"not_picked":["Scrape","Streamline"],"picked":"Defragment","floor":1},{"not_picked":["Sweeping Beam","Steam"],"picked":"Hologram","floor":2},{"not_picked":["Cold Snap","Rip and Tear"],"picked":"Amplify","floor":11},{"not_picked":["Reprogram","Beam Cell"],"picked":"Leap","floor":12},{"not_picked":["Barrage","Beam Cell"],"picked":"Skim","floor":13}],"player_experience":160155,"relics_obtained":[{"floor":9,"key":"Dodecahedron"},{"floor":12,"key":"Lantern"}],"event_choices":[{"damage_healed":0,"gold_gain":0,"player_choice":"Ignored","damage_taken":0,"max_hp_gain":0,"max_hp_loss":0,"event_name":"Liars Game","floor":4,"gold_loss":0},{"damage_healed":0,"gold_gain":0,"player_choice":"Take Damage","damage_taken":18,"relics_obtained":["Golden Idol"],"max_hp_gain":0,"max_hp_loss":0,"event_name":"Golden Idol","floor":5,"gold_loss":0},{"damage_healed":0,"gold_gain":0,"player_choice":"Box","damage_taken":0,"relics_obtained":["FossilizedHelix"],"max_hp_gain":0,"max_hp_loss":0,"event_name":"Big Fish","floor":7,"gold_loss":0,"cards_obtained":["Regret"]}],"is_beta":false,"boss_relics":[],"items_purged_floors":[],"is_endless":false,"potions_floor_spawned":[1,2,13],"killed_by":"Gremlin Gang","ascension_level":0}