{"gold_per_floor":[119,44,62,12,30,30,56,56,82,109,133,220,232,255,267,374,386,409,321,303,303,178,178],"floor_reached":23,"playtime":699,"items_purged":["Strike_B","Strike_B","Defend_B"],"score":209,"play_id":"7ff51c55-cbc7-4f1e-92fe-4d760dc70f6c","local_time":"20190203144519","is_ascension_mode":true,"campfire_choices":[{"data":"Defragment","floor":6,"key":"SMITH"},{"data":"Zap","floor":13,"key":"SMITH"},{"data":"Hologram","floor":15,"key":"SMITH"}],"neow_cost":"NONE","seed_source_timestamp":329037214624871,"circlet_count":0,"master_deck":["Defend_B","Defend_B","Zap+1","Dualcast","Defragment+1","Gash","Hologram+1","BootSequence","Rainbow"],"relics":["Cracked Core","NeowsBlessing","Anchor","Vajra","MawBank","Cursed Key"],"potions_floor_usage":[7,10,16],"damage_taken":[{"damage":0,"enemies":"Small Slimes","floor":1,"turns":1},{"damage":0,"enemies":"Jaw Worm","floor":3,"turns":1},{"damage":0,"enemies":"Cultist","floor":5,"turns":1},{"damage":8,"enemies":"Lagavulin","floor":7,"turns":6},{"damage":17,"enemies":"3 Sentries","floor":10,"turns":6},{"damage":0,"enemies":"Large Slime","floor":11,"turns":4},{"damage":0,"enemies":"3 Louse","floor":14,"turns":3},{"damage":30,"enemies":"Hexaghost","floor":16,"turns":10},{"damage":18,"enemies":"3 Byrds","floor":18,"turns":4},{"damage":5,"enemies":"2 Thieves","floor":20,"turns":4},{"damage":53,"enemies":"Slavers","floor":23,"turns":5}],"seed_played":"2191888713090796004","potions_obtained":[{"floor":1,"key":"Dexterity Potion"},{"floor":7,"key":"FocusPotion"},{"floor":10,"key":"SpeedPotion"},{"floor":16,"key":"Energy Potion"},{"floor":20,"key":"Energy Potion"}],"is_trial":false,"path_per_floor":["M","$","M","?","M","R","E","$","T","E","M","?","R","M","R","B",null,"M","$","M","?","$","E"],"character_chosen":"DEFECT","items_purchased":[],"campfire_rested":0,"item_purchase_floors":[],"current_hp_per_floor":[75,75,75,75,75,75,67,67,67,50,50,39,39,39,39,9,75,57,57,52,52,52,0],"gold":178,"neow_bonus":"THREE_ENEMY_KILL","is_prod":false,"is_daily":false,"chose_seed":false,"campfire_upgraded":3,"win_rate":0,"timestamp":1549230319,"path_taken":["M","$","M","?","M","R","E","$","T","E","M","?","R","?","R","BOSS","M","$","M","?","$","E"],"build_version":"2019-01-23","purchased_purges":3,"victory":false,"max_hp_per_floor":[75,75,75,75,75,75,75,75,75,75,75,75,75,75,75,75,75,75,75,75,75,75,75],"card_choices":[{"not_picked":["Scrape","Turbo"],"picked":"Defragment","floor":1},{"not_picked":["Aggregate","Fusion","Skim"],"picked":"SKIP","floor":3},{"not_picked":["Storm","Turbo"],"picked":"Gash","floor":5},{"not_picked":["Static Discharge","Sunder","Beam Cell"],"picked":"SKIP","floor":7},{"not_picked":["Conserve Battery","Stack"],"picked":"Hologram","floor":10},{"not_picked":["Darkness","Recycle","Barrage"],"picked":"SKIP","floor":11},{"not_picked":["Sweeping Beam","Tempest","Fusion"],"picked":"SKIP","floor":14},{"not_picked":["Gash","Streamline+1","Tempest"],"picked":"SKIP","floor":18},{"not_picked":["Streamline","Force Field+1","Redo+1"],"picked":"SKIP","floor":20}],"player_experience":1301942,"relics_obtained":[{"floor":7,"key":"Anchor"},{"floor":9,"key":"Vajra"},{"floor":10,"key":"MawBank"}],"event_choices":[{"cards_removed":["Strike_B"],"damage_healed":0,"gold_gain":0,"player_choice":"Card Removal","damage_taken":0,"max_hp_gain":0,"max_hp_loss":0,"event_name":"The Cleric","floor":4,"gold_loss":50},{"damage_healed":0,"gold_gain":75,"player_choice":"Gather Gold","damage_taken":11,"max_hp_gain":0,"max_hp_loss":0,"event_name":"World of Goop","floor":12,"gold_loss":0},{"damage_healed":0,"gold_gain":0,"cards_transformed":["Strike_B","Defend_B"],"player_choice":"Became Test Subject","damage_taken":0,"max_hp_gain":0,"max_hp_loss":0,"event_name":"Drug Dealer","floor":21,"gold_loss":0,"cards_obtained":["BootSequence","Rainbow"]}],"is_beta":true,"boss_relics":[{"not_picked":["Philosopher\u0027s Stone","Tiny House"],"picked":"Cursed Key"}],"items_purged_floors":[2,19,22],"is_endless":false,"potions_floor_spawned":[1,7,10,16,20],"killed_by":"Slavers","ascension_level":1}