{"gold_per_floor":[110,110,43,56,70,70,99,99,99,132,146,162,162,180,180,284,284,300,314,35,45,45,73,73,103,103,103,303,303,329,152,152,152],"floor_reached":33,"playtime":1335,"items_purged":["Strike_B","Strike_B"],"score":376,"play_id":"c7fb870f-f805-4686-8ed3-dd1eb8144923","local_time":"20190201025807","is_ascension_mode":true,"campfire_choices":[{"data":"Sunder","floor":6,"key":"SMITH"},{"data":"Sunder","floor":8,"key":"SMITH"},{"data":"Reboot","floor":13,"key":"SMITH"},{"data":"Recycle","floor":15,"key":"SMITH"},{"data":"Meteor Strike","floor":24,"key":"SMITH"},{"data":"Steam Power","floor":27,"key":"SMITH"},{"floor":29,"key":"REST"},{"data":"Hologram","floor":32,"key":"SMITH"}],"neow_cost":"NONE","seed_source_timestamp":736515596262916,"circlet_count":0,"master_deck":["Strike_B","Strike_B+1","Defend_B","Defend_B","Defend_B","Defend_B","Zap","Dualcast","Sunder+1","Sunder+1","Steam Power+1","Genetic Algorithm","Meteor Strike+1","Reboot+1","Hologram+1","Turbo","Recycle+1","Meteor Strike+1","Reboot+1","BootSequence","Rebound","Auto Shields"],"relics":["Sozu","Question Card","Bronze Scales","Blood Vial","Busted Crown","DollysMirror","Whetstone","Juzu Bracelet","Bottled Flame","Bag of Preparation"],"potions_floor_usage":[],"damage_taken":[{"damage":4,"enemies":"2 Louse","floor":1,"turns":3},{"damage":0,"enemies":"Cultist","floor":4,"turns":3},{"damage":7,"enemies":"Jaw Worm","floor":5,"turns":3},{"damage":26,"enemies":"Lagavulin","floor":7,"turns":5},{"damage":12,"enemies":"Gremlin Nob","floor":10,"turns":3},{"damage":0,"enemies":"Lots of Slimes","floor":11,"turns":4},{"damage":10,"enemies":"Blue Slaver","floor":12,"turns":3},{"damage":13,"enemies":"Large Slime","floor":14,"turns":2},{"damage":4,"enemies":"Slime Boss","floor":16,"turns":6},{"damage":12,"enemies":"Chosen","floor":18,"turns":3},{"damage":0,"enemies":"Spheric Guardian","floor":19,"turns":2},{"damage":10,"enemies":"Snecko","floor":21,"turns":4},{"damage":17,"enemies":"Book of Stabbing","floor":23,"turns":4},{"damage":30,"enemies":"Slavers","floor":25,"turns":4},{"damage":4,"enemies":"Book of Stabbing","floor":30,"turns":3},{"damage":54,"enemies":"Collector","floor":33,"turns":6}],"seed_played":"3196921410938832163","potions_obtained":[],"is_trial":false,"path_per_floor":["M","?","$","M","M","R","E","R","T","E","M","M","R","M","R","B",null,"M","M","$","M","$","E","R","E","T","R","?","R","E","$","R","B"],"character_chosen":"DEFECT","items_purchased":["Sunder","DollysMirror","Auto Shields"],"campfire_rested":1,"item_purchase_floors":[3,20,31],"current_hp_per_floor":[71,71,71,71,64,64,38,38,38,26,28,20,20,9,9,7,75,63,65,65,57,57,42,42,14,14,14,14,36,34,34,34,0],"gold":152,"neow_bonus":"BOSS_RELIC","is_prod":false,"is_daily":false,"chose_seed":false,"campfire_upgraded":7,"win_rate":0,"timestamp":1548986287,"path_taken":["M","?","$","M","M","R","E","R","T","E","?","M","R","M","R","BOSS","M","M","$","M","$","E","R","E","T","R","?","R","E","$","R","BOSS"],"build_version":"2019-01-23","purchased_purges":2,"victory":false,"max_hp_per_floor":[75,75,75,75,75,75,75,75,75,75,75,75,75,75,75,75,75,75,75,75,75,75,75,75,75,75,75,75,75,75,75,75,75],"card_choices":[{"not_picked":["Sweeping Beam","Gash"],"picked":"Sunder","floor":1},{"not_picked":["Rebound","Storm"],"picked":"Steam Power","floor":4},{"not_picked":["Reprogram","Hologram"],"picked":"Genetic Algorithm","floor":5},{"not_picked":["Cold Snap","Buffer"],"picked":"Meteor Strike","floor":7},{"not_picked":["Beam Cell","Cold Snap","Hologram"],"picked":"Reboot","floor":10},{"not_picked":["Melter","Capacitor","Steam"],"picked":"Hologram","floor":11},{"not_picked":["Go for the Eyes","Sunder","Chaos"],"picked":"Turbo","floor":12},{"not_picked":["Defragment","Go for the Eyes","Aggregate"],"picked":"Recycle","floor":14},{"not_picked":["Core Surge","Creative AI","Multi-Cast"],"picked":"Meteor Strike","floor":16},{"not_picked":["Aggregate","Gash+1"],"picked":"SKIP","floor":18},{"not_picked":["Barrage","Consume"],"picked":"SKIP","floor":19},{"not_picked":["Rebound"],"picked":"BootSequence","floor":21},{"not_picked":["Compile Driver","Melter"],"picked":"SKIP","floor":23},{"not_picked":["Barrage"],"picked":"Rebound","floor":25},{"not_picked":["Loop","Capacitor"],"picked":"SKIP","floor":30}],"player_experience":116551,"relics_obtained":[{"floor":7,"key":"Question Card"},{"floor":9,"key":"Bronze Scales"},{"floor":10,"key":"Blood Vial"},{"floor":23,"key":"Whetstone"},{"floor":25,"key":"Juzu Bracelet"},{"floor":26,"key":"Bottled Flame"},{"floor":30,"key":"Bag of Preparation"}],"event_choices":[{"damage_healed":0,"gold_gain":0,"player_choice":"Ignored","damage_taken":0,"max_hp_gain":0,"max_hp_loss":0,"event_name":"WeMeetAgain","floor":2,"gold_loss":0},{"damage_healed":0,"gold_gain":200,"player_choice":"Gold","damage_taken":0,"max_hp_gain":0,"max_hp_loss":0,"event_name":"Wheel of Change","floor":28,"gold_loss":0}],"is_beta":false,"boss_relics":[{"not_picked":["Inserter","Astrolabe"],"picked":"Busted Crown"}],"items_purged_floors":[20,31],"is_endless":false,"potions_floor_spawned":[4,5,7,10,12,14,19,23,30],"killed_by":"Collector","ascension_level":4}