{"gold_per_floor":[110,123,198,208,227,227,67,79,103,89,89,8,64,77,77,174,174,188,188,162,181,35,35,48,48,48,148,148,160,259,276,276,276],"floor_reached":33,"playtime":1435,"items_purged":["Strike_B"],"score":266,"play_id":"2c3980ef-d423-4c79-9c7a-a010751b4158","local_time":"20190131234417","is_ascension_mode":false,"campfire_choices":[{"data":"Zap","floor":6.0,"key":"SMITH"},{"data":"Sweeping Beam","floor":11.0,"key":"SMITH"},{"data":"Defragment","floor":15,"key":"SMITH"},{"floor":23,"key":"REST"},{"data":"Hologram","floor":25,"key":"SMITH"},{"data":"Echo Form","floor":28,"key":"SMITH"},{"data":"Conserve Battery","floor":32,"key":"SMITH"}],"neow_cost":"NONE","seed_source_timestamp":101427093707991,"circlet_count":0,"master_deck":["Strike_B","Strike_B","Strike_B","Defend_B","Defend_B","Defend_B","Defend_B","Zap+1","Dualcast","Echo Form+1","Leap","Sweeping Beam+1","Leap","Compile Driver","Auto Shields","Leap","Self Repair","Defragment+1","FTL","Conserve Battery+1","Seek","Conserve Battery+1","Ghostly","Ghostly","Ghostly","Ghostly","Ghostly","Ball Lightning","Hologram+1","All For One","Gash"],"special_seed":0,"relics":["Cracked Core"],"potions_floor_usage":[18,33,33],"damage_taken":[{"damage":0.0,"enemies":"Small Slimes","floor":1.0,"turns":3.0},{"damage":1.0,"enemies":"Cultist","floor":2.0,"turns":3.0},{"damage":11.0,"enemies":"Jaw Worm","floor":4.0,"turns":3.0},{"damage":11.0,"enemies":"3 Louse","floor":5.0,"turns":3.0},{"damage":10.0,"enemies":"Exordium Wildlife","floor":8.0,"turns":3.0},{"damage":4.0,"enemies":"Exordium Thugs","floor":10.0,"turns":5.0},{"damage":14.0,"enemies":"Gremlin Nob","floor":13.0,"turns":4.0},{"damage":2,"enemies":"Large Slime","floor":14,"turns":5},{"damage":24,"enemies":"Slime Boss","floor":16,"turns":10},{"damage":23,"enemies":"3 Byrds","floor":18,"turns":6},{"damage":1,"enemies":"2 Thieves","floor":20,"turns":5},{"damage":25,"enemies":"Sentry and Sphere","floor":21,"turns":8},{"damage":3,"enemies":"Snake Plant","floor":24,"turns":5},{"damage":2,"enemies":"3 Cultists","floor":29,"turns":6},{"damage":7,"enemies":"Centurion and Healer","floor":31,"turns":12},{"damage":60,"enemies":"Champ","floor":33,"turns":16}],"seed_played":"4333409446625244890","potions_obtained":[{"floor":5.0,"key":"Swift Potion"},{"floor":8.0,"key":"Fire Potion"},{"floor":13,"key":"SpeedPotion"},{"floor":16,"key":"AttackPotion"},{"floor":20,"key":"EssenceOfSteel"},{"floor":31,"key":"SkillPotion"}],"is_trial":false,"path_per_floor":["M","M","?","M","M","R","$","M","T","M","R","$","?","M","R","B",null,"M","?","M","M","$","R","M","R","T","?","R","M","?","M","R","B"],"character_chosen":"DEFECT","items_purchased":["Auto Shields","AttackPotion","Defragment","All For One"],"campfire_rested":1,"item_purchase_floors":[7,7,12,22],"current_hp_per_floor":[75,74,67,56,45,45,45,35,35,31,31,31,24,29,29,5,75,52,37,36,18,18,29,26,26,26,26,26,31,31,31,31,0],"gold":276,"neow_bonus":"ONE_RANDOM_RARE_CARD","is_prod":false,"is_daily":false,"chose_seed":false,"campfire_upgraded":6,"win_rate":0,"timestamp":1549003457,"path_taken":["M","M","?","M","M","R","$","?","T","M","R","$","?","M","R","BOSS","M","?","M","M","$","R","M","R","T","?","R","?","?","M","R","BOSS"],"build_version":"2019-01-23","purchased_purges":1,"victory":false,"max_hp_per_floor":[75,75,75,75,75,75,75,75,75,75,75,75,75,75,75,75,75,75,37,37,37,37,37,37,37,37,37,37,37,37,37,37,37],"card_choices":[{"not_picked":["Turbo","Coolheaded"],"picked":"Leap","floor":1.0},{"not_picked":["Hologram","Scrape"],"picked":"Sweeping Beam","floor":2.0},{"not_picked":["Recycle","Redo"],"picked":"Leap","floor":4.0},{"not_picked":["Scrape","Lockon"],"picked":"Compile Driver","floor":5.0},{"not_picked":["Redo","Melter"],"picked":"Leap","floor":8.0},{"not_picked":["Barrage","Melter"],"picked":"Self Repair","floor":10.0},{"not_picked":["Barrage","Turbo"],"picked":"FTL","floor":13},{"not_picked":["Rebound","Hyperbeam"],"picked":"Conserve Battery","floor":14},{"not_picked":["Hyperbeam","Core Surge"],"picked":"Seek","floor":16},{"not_picked":["Sweeping Beam+1","Gash"],"picked":"Conserve Battery+1","floor":18},{"not_picked":["Turbo","Rebound"],"picked":"Ball Lightning","floor":20},{"not_picked":["Redo+1","Barrage+1"],"picked":"Hologram","floor":21},{"not_picked":["Streamline","Loop","Rebound"],"picked":"SKIP","floor":24},{"not_picked":["Skim","Stack","White Noise"],"picked":"SKIP","floor":29},{"not_picked":["Turbo+1","Self Repair"],"picked":"Gash","floor":31}],"player_experience":1290259,"relics_obtained":[],"event_choices":[{"damage_healed":0.0,"max_hp_gain":0.0,"max_hp_loss":0.0,"gold_gain":75.0,"event_name":"FaceTrader","player_choice":"Touch","floor":3.0,"gold_loss":0.0,"damage_taken":7.0},{"damage_healed":0.0,"max_hp_gain":0.0,"max_hp_loss":0.0,"gold_gain":0.0,"event_name":"Dead Adventurer","player_choice":"Searched \u00271\u0027 times","floor":13.0,"gold_loss":0.0,"damage_taken":0.0},{"damage_healed":0,"gold_gain":0,"player_choice":"Became a Ghost","damage_taken":0,"max_hp_gain":0,"max_hp_loss":38,"event_name":"Ghosts","floor":19,"gold_loss":0,"cards_obtained":["Ghostly","Ghostly","Ghostly","Ghostly","Ghostly"]},{"damage_healed":0,"gold_gain":100,"player_choice":"Pray","damage_taken":0,"max_hp_gain":0,"max_hp_loss":0,"event_name":"Golden Shrine","floor":27,"gold_loss":0},{"damage_healed":0,"gold_gain":99,"player_choice":"Stole From Cult","damage_taken":0,"max_hp_gain":0,"max_hp_loss":0,"event_name":"Nest","floor":30,"gold_loss":0}],"is_beta":true,"boss_relics":[{"not_picked":["Pandora\u0027s Box","Nuclear Battery","Tiny House"]}],"items_purged_floors":[7],"is_endless":false,"potions_floor_spawned":[5,8,13,16,20,24,31],"killed_by":"Champ","ascension_level":0}