{"gold_per_floor":[109,109,59,59,70,97,97,131,131,131,147,174,184,214,214,214],"floor_reached":16,"playtime":1608,"items_purged":[],"score":277,"play_id":"efc87dbb-4f2f-4b0f-808f-489284c25693","local_time":"20190217190939","is_ascension_mode":true,"campfire_choices":[{"floor":7.0,"key":"REST"},{"floor":10.0,"key":"REST"},{"floor":15.0,"key":"REST"}],"neow_cost":"TEN_PERCENT_HP_LOSS","seed_source_timestamp":58779008424452,"circlet_count":0,"master_deck":["AscendersBane","Strike_R","Strike_R","Defend_R","Defend_R+1","Defend_R","Defend_R","Bash","Rage","Bloodletting+1","Cleave","Rampage","Clothesline","Corruption","Barricade"],"special_seed":0,"relics":["Burning Blood","Pantograph","Charon\u0027s Ashes","Torii","Potion Belt"],"potions_floor_usage":[16],"damage_taken":[{"damage":9.0,"enemies":"Cultist","floor":1.0,"turns":5.0},{"damage":0.0,"enemies":"2 Louse","floor":5.0,"turns":3.0},{"damage":48.0,"enemies":"Lagavulin","floor":6.0,"turns":7.0},{"damage":37.0,"enemies":"3 Sentries","floor":8.0,"turns":10.0},{"damage":1.0,"enemies":"Jaw Worm","floor":11.0,"turns":3.0},{"damage":15.0,"enemies":"Gremlin Nob","floor":12.0,"turns":4.0},{"damage":7.0,"enemies":"Lots of Slimes","floor":13.0,"turns":3.0},{"damage":64,"enemies":"Hexaghost","floor":16,"turns":14}],"seed_played":"-1041214102240131703","potions_obtained":[{"floor":5.0,"key":"SkillPotion"},{"floor":12.0,"key":"BloodPotion"},{"floor":13.0,"key":"FearPotion"}],"is_trial":false,"path_per_floor":["M","?","?","?","M","E","R","E","T","R","M","E","M","?","R","B"],"character_chosen":"IRONCLAD","items_purchased":[],"campfire_rested":3,"item_purchase_floors":[],"current_hp_per_floor":[69,55,55,55,61,19,40,9,9,30,35,26,25,25,46,7],"gold":214,"neow_bonus":"TRANSFORM_TWO_CARDS","is_prod":false,"is_daily":false,"chose_seed":false,"campfire_upgraded":0,"win_rate":0,"timestamp":1550452179,"path_taken":["M","?","?","?","?","E","R","E","T","R","M","E","?","?","R","BOSS"],"build_version":"2019-01-23","purchased_purges":0,"victory":false,"max_hp_per_floor":[72,72,72,72,72,72,72,72,72,72,72,72,72,72,72,72],"card_choices":[{"not_picked":["Body Slam","Combust"],"picked":"Cleave","floor":1.0},{"not_picked":["Dual Wield","Armaments"],"picked":"Rampage","floor":5.0},{"not_picked":["Feel No Pain","Havoc","Sever Soul"],"picked":"SKIP","floor":6.0},{"not_picked":["Searing Blow","Blood for Blood"],"picked":"Clothesline","floor":8.0},{"not_picked":["Headbutt","Fire Breathing"],"picked":"Corruption","floor":11.0},{"not_picked":["Intimidate","Thunderclap","Heavy Blade"],"picked":"SKIP","floor":12.0},{"not_picked":["Sever Soul","Clothesline"],"picked":"Barricade","floor":13.0}],"player_experience":403804,"relics_obtained":[{"floor":6.0,"key":"Pantograph"},{"floor":8.0,"key":"Charon\u0027s Ashes"},{"floor":9.0,"key":"Torii"},{"floor":12.0,"key":"Potion Belt"}],"event_choices":[{"damage_healed":0.0,"max_hp_gain":0.0,"max_hp_loss":0.0,"gold_gain":0.0,"event_name":"Shining Light","player_choice":"Entered Light","floor":2.0,"gold_loss":0.0,"damage_taken":14.0,"cards_upgraded":["Defend_R","Bloodletting"]},{"cards_removed":["Strike_R"],"damage_healed":0.0,"max_hp_gain":0.0,"max_hp_loss":0.0,"gold_gain":0.0,"event_name":"The Cleric","player_choice":"Card Removal","floor":3.0,"gold_loss":50.0,"damage_taken":0.0},{"damage_healed":0.0,"max_hp_gain":0.0,"max_hp_loss":0.0,"gold_gain":0.0,"event_name":"Liars Game","player_choice":"Ignored","floor":4.0,"gold_loss":0.0,"damage_taken":0.0},{"damage_healed":0.0,"max_hp_gain":0.0,"max_hp_loss":0.0,"gold_gain":30.0,"event_name":"Dead Adventurer","player_choice":"Searched \u00271\u0027 times","floor":14.0,"gold_loss":0.0,"damage_taken":0.0}],"is_beta":false,"boss_relics":[],"items_purged_floors":[],"is_endless":false,"potions_floor_spawned":[5,12,13],"killed_by":"Hexaghost","ascension_level":13}