{"gold_per_floor":[118,43,54,70,82,82,115,115,140,174,74,93,93,58,58,58],"floor_reached":16,"playtime":652,"items_purged":["Strike_B","Defend_B"],"score":116,"play_id":"6babdbb3-70a8-49fb-b714-1e8d0e9abf73","local_time":"20190213200722","is_ascension_mode":true,"campfire_choices":[{"data":"Zap","floor":6.0,"key":"SMITH"},{"data":"Dualcast","floor":8.0,"key":"SMITH"},{"floor":15,"key":"REST"}],"neow_cost":"NONE","seed_source_timestamp":5263917640929,"circlet_count":0,"master_deck":["Strike_B","Strike_B","Strike_B","Defend_B","Defend_B","Defend_B","Zap+1","Dualcast+1","Coolheaded","Coolheaded","Gash"],"special_seed":0,"relics":["Cracked Core","Art of War","Oddly Smooth Stone","Dream Catcher"],"potions_floor_usage":[12],"damage_taken":[{"damage":2.0,"enemies":"Small Slimes","floor":1.0,"turns":2.0},{"damage":7.0,"enemies":"2 Louse","floor":3.0,"turns":3.0},{"damage":1.0,"enemies":"Jaw Worm","floor":4.0,"turns":3.0},{"damage":8.0,"enemies":"2 Fungi Beasts","floor":5.0,"turns":3.0},{"damage":24.0,"enemies":"3 Sentries","floor":7.0,"turns":10.0},{"damage":39.0,"enemies":"Gremlin Nob","floor":10.0,"turns":6.0},{"damage":0,"enemies":"Blue Slaver","floor":12,"turns":3},{"damage":51,"enemies":"Slime Boss","floor":16,"turns":13}],"seed_played":"-8080630424815613058","potions_obtained":[{"floor":4.0,"key":"PowerPotion"},{"floor":7.0,"key":"Dexterity Potion"}],"is_trial":false,"path_per_floor":["M","$","M","M","M","R","E","R","T","E","$","M","?","?","R","B"],"character_chosen":"DEFECT","items_purchased":[],"campfire_rested":1,"item_purchase_floors":[],"current_hp_per_floor":[80,80,73,72,64,64,40,40,40,1,1,1,1,21,45,0],"gold":58,"neow_bonus":"TEN_PERCENT_HP_BONUS","is_prod":false,"is_daily":false,"chose_seed":false,"campfire_upgraded":2,"win_rate":0,"timestamp":1550095642,"path_taken":["M","$","M","M","M","R","E","R","T","E","$","M","?","?","R","BOSS"],"build_version":"2019-01-23","purchased_purges":2,"victory":false,"max_hp_per_floor":[82,82,82,82,82,82,82,82,82,82,82,82,82,82,82,82],"card_choices":[{"not_picked":["Redo","Ball Lightning","Chaos"],"picked":"SKIP","floor":1.0},{"not_picked":["Steam","Defragment","Streamline"],"picked":"SKIP","floor":3.0},{"not_picked":["Turbo","Chill","Redo"],"picked":"SKIP","floor":4.0},{"not_picked":["Rebound","Leap"],"picked":"Coolheaded","floor":5.0},{"not_picked":["Multi-Cast","Turbo","Barrage"],"picked":"SKIP","floor":7.0},{"not_picked":["Sweeping Beam","Go for the Eyes"],"picked":"Coolheaded","floor":10.0},{"not_picked":["Beam Cell","Auto Shields","Sweeping Beam"],"picked":"SKIP","floor":12},{"not_picked":["Conserve Battery","Reinforced Body"],"picked":"Gash","floor":15}],"player_experience":324497,"relics_obtained":[{"floor":7.0,"key":"Art of War"},{"floor":9.0,"key":"Oddly Smooth Stone"},{"floor":10.0,"key":"Dream Catcher"}],"event_choices":[{"damage_healed":0,"gold_gain":0,"player_choice":"Ignored","damage_taken":0,"max_hp_gain":0,"max_hp_loss":0,"event_name":"Liars Game","floor":13,"gold_loss":0},{"damage_healed":20,"gold_gain":0,"player_choice":"Healed","damage_taken":0,"max_hp_gain":0,"max_hp_loss":0,"event_name":"The Cleric","floor":14,"gold_loss":35}],"is_beta":false,"boss_relics":[],"items_purged_floors":[2,11],"is_endless":false,"potions_floor_spawned":[4,7],"killed_by":"Slime Boss","ascension_level":1}