{"gold_per_floor":[114,124,135,150,167,167,92,124,124,24,35,0,31,31,31,31],"floor_reached":16,"playtime":537,"items_purged":["Strike_B","Strike_B"],"score":224,"play_id":"14e6f8e0-ed0b-4178-8b55-d6e57817c05d","local_time":"20190114212555","is_ascension_mode":true,"campfire_choices":[{"data":"Ball Lightning","floor":6,"key":"SMITH"},{"data":"Biased Cognition","floor":15,"key":"SMITH"}],"neow_cost":"NONE","seed_source_timestamp":444910451932992,"circlet_count":0,"master_deck":["AscendersBane","Strike_B","Defend_B","Defend_B","Defend_B","Defend_B","Zap+1","Dualcast","Glacier","Ball Lightning+1","Coolheaded","Ball Lightning","Undo","Self Repair","Biased Cognition+1"],"relics":["Cracked Core","Mango","Boot","Pen Nib"],"potions_floor_usage":[5,8,16],"damage_taken":[{"damage":1,"enemies":"Cultist","floor":1,"turns":3},{"damage":0,"enemies":"2 Louse","floor":2,"turns":3},{"damage":7,"enemies":"Jaw Worm","floor":3,"turns":4},{"damage":2,"enemies":"2 Fungi Beasts","floor":4,"turns":5},{"damage":2,"enemies":"Lots of Slimes","floor":5,"turns":3},{"damage":28,"enemies":"Gremlin Nob","floor":8,"turns":4},{"damage":9,"enemies":"Exordium Wildlife","floor":11,"turns":5},{"damage":4,"enemies":"Lagavulin","floor":13,"turns":6},{"damage":25,"enemies":"Hexaghost","floor":16,"turns":9}],"seed_played":"496267368340314427","potions_obtained":[{"floor":3,"key":"Strength Potion"},{"floor":5,"key":"GamblersBrew"},{"floor":11,"key":"LiquidBronze"}],"is_trial":false,"path_per_floor":["M","M","M","M","M","R","$","E","T","$","M","?","E","?","R","B"],"character_chosen":"DEFECT","items_purchased":[],"campfire_rested":0,"item_purchase_floors":[],"current_hp_per_floor":[63,63,56,54,52,52,52,38,38,38,29,29,32,25,25,0],"gold":31,"neow_bonus":"UPGRADE_CARD","is_prod":false,"is_daily":false,"chose_seed":false,"campfire_upgraded":2,"win_rate":0,"timestamp":1547526355,"path_taken":["M","M","?","M","M","R","$","E","T","$","M","?","E","?","R","BOSS"],"build_version":"2019-01-10","purchased_purges":2,"victory":false,"max_hp_per_floor":[71,71,71,71,71,71,71,85,85,85,85,85,85,85,85,85],"card_choices":[{"not_picked":["Redo","Gash"],"picked":"Glacier","floor":1},{"not_picked":["Coolheaded","Chaos"],"picked":"Ball Lightning","floor":2},{"not_picked":["Tempest","Steam Power"],"picked":"Coolheaded","floor":3},{"not_picked":["Hologram","Barrage"],"picked":"Ball Lightning","floor":4},{"not_picked":["Hologram","Recycle"],"picked":"Undo","floor":5},{"not_picked":["Darkness","Sweeping Beam","Reprogram"],"picked":"SKIP","floor":8},{"not_picked":["Sweeping Beam","Redo"],"picked":"Self Repair","floor":11},{"not_picked":["BootSequence","Conserve Battery"],"picked":"Biased Cognition","floor":13}],"player_experience":1209703,"relics_obtained":[{"floor":8,"key":"Mango"},{"floor":9,"key":"Boot"},{"floor":13,"key":"Pen Nib"}],"event_choices":[{"damage_healed":0,"gold_gain":0,"player_choice":"Left Gold","damage_taken":0,"max_hp_gain":0,"max_hp_loss":0,"event_name":"World of Goop","floor":12,"gold_loss":35},{"cards_removed":["Strike_B"],"damage_healed":0,"gold_gain":0,"player_choice":"Card Removal","damage_taken":7,"max_hp_gain":0,"max_hp_loss":0,"event_name":"Golden Wing","floor":14,"gold_loss":0}],"is_beta":true,"boss_relics":[],"items_purged_floors":[7,10],"is_endless":false,"potions_floor_spawned":[3,5,11],"killed_by":"Hexaghost","ascension_level":20}