{"gold_per_floor":[118,138,151,151,161,190,190,225,248,283,283,295,311,333,333,428,428,444,894,908,927,937,965,153,172,223,223,240,275,275,290,290,389,389,406,406,420,57,68,100,120,146,146,166,166,181,197,0,0,0],"floor_reached":51,"playtime":1144,"items_purged":[],"score":1401,"play_id":"56512e16-2788-49dc-a3b6-f2bb67909d3b","local_time":"20180702144602","daily_mods":["Draft","Hoarder"],"is_ascension_mode":true,"campfire_choices":[{"data":"Perfected Strike","floor":7,"key":"SMITH"},{"data":"Perfected Strike","floor":11,"key":"SMITH"},{"data":"Perfected Strike","floor":15,"key":"SMITH"},{"data":"Perfected Strike","floor":27,"key":"SMITH"},{"data":"Perfected Strike","floor":30,"key":"SMITH"},{"data":"Perfected Strike","floor":32,"key":"SMITH"},{"data":"Perfected Strike","floor":45,"key":"SMITH"},{"data":"Perfected Strike","floor":49,"key":"SMITH"}],"neow_cost":"","seed_source_timestamp":0,"circlet_count":0,"master_deck":["Headbutt","Headbutt","Headbutt","Inflame","Inflame","Inflame","Wild Strike","Wild Strike","Wild Strike","Shrug It Off","Shrug It Off","Shrug It Off","Evolve","Evolve","Evolve","Spot Weakness","Spot Weakness","Spot Weakness","Iron Wave","Iron Wave","Iron Wave","Perfected Strike","Perfected Strike","Perfected Strike+1","Metallicize","Metallicize","Metallicize","Pummel","Pummel","Pummel","Twin Strike","Twin Strike","Twin Strike","Pommel Strike","Pommel Strike","Pommel Strike","Havoc","Havoc","Havoc","Shockwave","Shockwave","Shockwave","Twin Strike","Twin Strike","Twin Strike","Twin Strike","Twin Strike","Twin Strike+1","Perfected Strike+1","Perfected Strike+1","Perfected Strike+1","Metallicize","Metallicize","Metallicize","Wild Strike","Wild Strike","Wild Strike","Pommel Strike","Pommel Strike","Pommel Strike","Perfected Strike","Perfected Strike+1","Perfected Strike+1","Wild Strike","Wild Strike","Wild Strike","Twin Strike","Twin Strike","Twin Strike","Shrug It Off","Shrug It Off","Shrug It Off","Pommel Strike+1","Pommel Strike","Pommel Strike","Bludgeon","Bludgeon","Bludgeon","Clothesline+1","Clothesline+1","Clothesline+1","Corruption","Corruption","Corruption","Perfected Strike","Perfected Strike+1","Perfected Strike","Master of Strategy+1","Master of Strategy+1","Master of Strategy+1","Feel No Pain","Feel No Pain","Feel No Pain","Shrug It Off+1","Shrug It Off+1","Shrug It Off+1","Havoc+1","Havoc+1","Havoc+1","Armaments+1","Armaments+1","Armaments+1","Twin Strike","Twin Strike","Twin Strike","Havoc+1","Havoc+1","Havoc+1","Perfected Strike","Perfected Strike","Perfected Strike","Master of Strategy+1","Master of Strategy+1","Master of Strategy+1","Pommel Strike+1","Pommel Strike+1","Pommel Strike+1","Twin Strike+1","Twin Strike+1","Twin Strike+1","Perfected Strike+1","Perfected Strike","Perfected Strike"],"special_seed":17714,"relics":["Snecko Eye","Turnip","Regal Pillow","Oddly Smooth Stone","Pen Nib","Odd Mushroom","Runic Dome","Whetstone","Toxic Egg 2","Torii","Bag of Marbles","Boot","Orrery","Lantern","Ice Cream","Red Skull","Shuriken","Red Mask"],"potions_floor_usage":[23,29,33,33,50,50,50],"damage_taken":[{"damage":0,"enemies":"Jaw Worm","floor":1,"turns":1},{"damage":0,"enemies":"Small Slimes","floor":2,"turns":2},{"damage":0,"enemies":"2 Louse","floor":3,"turns":2},{"damage":0,"enemies":"Blue Slaver","floor":5,"turns":1},{"damage":0,"enemies":"Lagavulin","floor":6,"turns":2},{"damage":0,"enemies":"Gremlin Nob","floor":8,"turns":1},{"damage":0,"enemies":"Lagavulin","floor":10,"turns":1},{"damage":0,"enemies":"Looter","floor":12,"turns":1},{"damage":0,"enemies":"Lots of Slimes","floor":13,"turns":2},{"damage":68,"floor":14,"turns":6},{"damage":0,"enemies":"Hexaghost","floor":16,"turns":2},{"damage":0,"enemies":"Chosen","floor":18,"turns":2},{"damage":0,"enemies":"2 Thieves","floor":20,"turns":1},{"damage":0,"enemies":"Centurion and Healer","floor":21,"turns":1},{"damage":0,"enemies":"Snecko","floor":22,"turns":2},{"damage":0,"enemies":"Book of Stabbing","floor":23,"turns":1},{"damage":0,"enemies":"Snake Plant","floor":25,"turns":1},{"damage":0,"enemies":"Chosen and Byrds","floor":28,"turns":2},{"damage":0,"enemies":"Slavers","floor":29,"turns":2},{"damage":0,"enemies":"Centurion and Healer","floor":31,"turns":1},{"damage":0,"enemies":"Collector","floor":33,"turns":2},{"damage":3,"enemies":"3 Shapes","floor":35,"turns":1},{"damage":0,"enemies":"Orb Walker","floor":37,"turns":1},{"damage":0,"enemies":"Flame Bruiser 2 Orb","floor":39,"turns":1},{"damage":0,"enemies":"2 Orb Walkers","floor":40,"turns":2},{"damage":0,"enemies":"Maw","floor":41,"turns":1},{"damage":0,"enemies":"Nemesis","floor":42,"turns":1},{"damage":0,"enemies":"Transient","floor":44,"turns":4},{"damage":0,"enemies":"Flame Bruiser 2 Orb","floor":46,"turns":1},{"damage":0,"enemies":"Spire Growth","floor":47,"turns":1},{"damage":52,"enemies":"Awakened One","floor":50,"turns":3}],"seed_played":"-6832723304606467041","potions_obtained":[{"floor":3,"key":"Energy Potion"},{"floor":5,"key":"Dexterity Potion"},{"floor":8,"key":"Fire Potion"},{"floor":12,"key":"Explosive Potion"},{"floor":23,"key":"SkillPotion"},{"floor":28,"key":"PowerPotion"},{"floor":29,"key":"SkillPotion"},{"floor":37,"key":"Regen Potion"},{"floor":39,"key":"BloodPotion"},{"floor":44,"key":"EntropicBrew"}],"is_trial":true,"path_per_floor":["M","M","M","?","M","E","R","E","T","E","R","M","M","?","R","B",null,"M","?","M","M","M","E","$","M","T","R","M","E","R","M","R","B",null,"M","?","M","$","M","E","M","E","T","M","R","M","M","?","R","B"],"character_chosen":"IRONCLAD","items_purchased":["Toxic Egg 2","Master of Strategy","Torii","Feel No Pain","Perfected Strike","Lantern","Master of Strategy+1"],"campfire_rested":0,"item_purchase_floors":[24,24,24,24,38,38,38],"current_hp_per_floor":[80,80,80,85,85,85,85,85,85,85,85,85,85,17,17,17,85,85,37,37,37,37,37,37,37,37,37,37,37,37,37,37,37,85,82,85,85,85,85,85,85,85,85,85,85,85,85,85,85,33],"gold":0,"neow_bonus":"","is_prod":false,"is_daily":false,"chose_seed":false,"campfire_upgraded":8,"win_rate":0,"timestamp":1530564362,"path_taken":["M","M","M","?","M","E","R","E","T","E","R","M","M","?","R","BOSS","M","?","M","M","M","E","$","?","T","R","M","E","R","M","R","BOSS","M","?","M","$","M","E","M","E","T","M","R","?","M","?","R","BOSS"],"build_version":"2018-06-29","purchased_purges":0,"victory":true,"max_hp_per_floor":[80,80,80,85,85,85,85,85,85,85,85,85,85,85,85,85,85,85,85,85,85,85,85,85,85,85,85,85,85,85,85,85,85,85,85,85,85,85,85,85,85,85,85,85,85,85,85,85,85,85],"card_choices":[{"not_picked":["Havoc","Combust"],"picked":"Headbutt","floor":0},{"not_picked":["Wild Strike","Clothesline"],"picked":"Inflame","floor":0},{"not_picked":["Headbutt","Intimidate"],"picked":"Wild Strike","floor":0},{"not_picked":["Burning Pact","Thunderclap"],"picked":"Shrug It Off","floor":0},{"not_picked":["Anger","Fire Breathing"],"picked":"Evolve","floor":0},{"not_picked":["Iron Wave","Dropkick"],"picked":"Spot Weakness","floor":0},{"not_picked":["Combust","Flex"],"picked":"Iron Wave","floor":0},{"not_picked":["Power Through","Clothesline"],"picked":"Perfected Strike","floor":0},{"not_picked":["Flex","Dropkick"],"picked":"Metallicize","floor":0},{"not_picked":["Warcry","Iron Wave"],"picked":"Pummel","floor":0},{"not_picked":["Sword Boomerang","Entrench"],"picked":"Twin Strike","floor":0},{"not_picked":["Clothesline","Whirlwind"],"picked":"Pommel Strike","floor":0},{"not_picked":["Disarm","True Grit"],"picked":"Havoc","floor":0},{"not_picked":["Sentinel","Clash"],"picked":"Shockwave","floor":0},{"not_picked":["Combust","Havoc"],"picked":"Twin Strike","floor":0},{"not_picked":["Evolve","Clash"],"picked":"Twin Strike","floor":1},{"not_picked":["Cleave","Iron Wave"],"picked":"Perfected Strike","floor":2},{"not_picked":["Shrug It Off","True Grit"],"picked":"Metallicize","floor":3},{"not_picked":["Iron Wave","Warcry"],"picked":"Wild Strike","floor":5},{"not_picked":["Intimidate","Headbutt"],"picked":"Pommel Strike","floor":6},{"not_picked":["Exhume","Heavy Blade"],"picked":"Perfected Strike","floor":8},{"not_picked":["Iron Wave","Anger"],"picked":"Wild Strike","floor":10},{"not_picked":["Sword Boomerang","Ghostly Armor"],"picked":"Twin Strike","floor":12},{"not_picked":["Havoc","Rampage"],"picked":"Shrug It Off","floor":13},{"not_picked":["Disarm","Burning Pact"],"picked":"Pommel Strike","floor":14},{"not_picked":["Exhume","Feed"],"picked":"Bludgeon","floor":16},{"not_picked":["Clash","Cleave","Iron Wave"],"picked":"SKIP","floor":18},{"not_picked":["Rupture","Bloodletting+1","Iron Wave"],"picked":"SKIP","floor":20},{"not_picked":["Clash","Warcry"],"picked":"Clothesline+1","floor":21},{"not_picked":["Armaments","Havoc"],"picked":"Corruption","floor":22},{"not_picked":["Anger","Thunderclap"],"picked":"Perfected Strike","floor":23},{"not_picked":["Headbutt","Entrench+1","Uppercut"],"picked":"SKIP","floor":25},{"not_picked":["Iron Wave+1","Berserk"],"picked":"Shrug It Off+1","floor":28},{"not_picked":["Rage+1","Headbutt+1","Anger"],"picked":"SKIP","floor":29},{"not_picked":["Whirlwind","Flex+1"],"picked":"Havoc+1","floor":31},{"not_picked":["Headbutt","Body Slam"],"picked":"Armaments+1","floor":34},{"not_picked":["Flame Barrier+1","Infernal Blade+1"],"picked":"Twin Strike","floor":35},{"not_picked":["Heavy Blade+1","Thunderclap"],"picked":"Havoc+1","floor":37},{"not_picked":["Exhume+1","Heavy Blade"],"picked":"Pommel Strike+1","floor":39},{"not_picked":["Metallicize+1","Feed","Sword Boomerang"],"picked":"SKIP","floor":40},{"not_picked":["Cleave","Corruption","Headbutt"],"picked":"SKIP","floor":41},{"not_picked":["Blood for Blood+1","Inflame","True Grit+1"],"picked":"SKIP","floor":42},{"not_picked":["Burning Pact+1","Iron Wave","Headbutt+1"],"picked":"SKIP","floor":44},{"not_picked":["Carnage","Shrug It Off+1"],"picked":"Twin Strike+1","floor":46},{"not_picked":["Fire Breathing+1","Flex+1"],"picked":"Perfected Strike","floor":47}],"player_experience":744460,"relics_obtained":[{"floor":6,"key":"Turnip"},{"floor":8,"key":"Regal Pillow"},{"floor":9,"key":"Oddly Smooth Stone"},{"floor":10,"key":"Pen Nib"},{"floor":14,"key":"Odd Mushroom"},{"floor":23,"key":"Whetstone"},{"floor":26,"key":"Bag of Marbles"},{"floor":29,"key":"Boot"},{"floor":40,"key":"Ice Cream"},{"floor":42,"key":"Red Skull"},{"floor":43,"key":"Shuriken"}],"event_choices":[{"event_name":"Big Fish","player_choice":"Donut","floor":4,"damage_taken":0},{"event_name":"Mushrooms","player_choice":"Fought Mushrooms","floor":14,"damage_taken":0},{"event_name":"Knowing Skull","player_choice":"GOLD GOLD GOLD GOLD GOLD ","floor":19,"damage_taken":0},{"event_name":"Wheel of Change","player_choice":"Full Heal","floor":36,"damage_taken":0},{"event_name":"Tomb of Lord Red Mask","player_choice":"Paid","floor":48,"damage_taken":0}],"boss_relics":[{"not_picked":["Astrolabe","Runic Cube"],"picked":"Runic Dome"},{"not_picked":["Empty Cage","Eternal Feather"],"picked":"Orrery"}],"items_purged_floors":[],"is_endless":false,"potions_floor_spawned":[3,5,8,12,14,16,21,23,28,29,37,39,42,44],"ascension_level":1}