{"gold_per_floor":[11,34,45,145,158,185,21,39,39,39,58,58,77,89,89,189,189,207,207,207,223,239,239,267,267,267,302,314,314,143,156,156,261,311,323,323,342,352,202,232,232,259,282,312,312,412,439,450,450,450,450,450,62,88,88],"floor_reached":56,"playtime":2574,"items_purged":["Strike_R","Strike_R"],"score":1562,"play_id":"d0059829-1860-4f7f-a0d0-cba904528d9e","local_time":"20181106135424","is_ascension_mode":true,"campfire_choices":[{"data":"Armaments","floor":10,"key":"SMITH"},{"data":"Flex","floor":12,"key":"SMITH"},{"floor":15,"key":"RECALL"},{"floor":23,"key":"DIG"},{"floor":25,"key":"DIG"},{"floor":29,"key":"DIG"},{"data":"Body Slam","floor":32,"key":"SMITH"},{"floor":41,"key":"DIG"},{"data":"Barricade","floor":45,"key":"SMITH"},{"floor":49,"key":"DIG"},{"floor":52,"key":"DIG"}],"neow_cost":"NO_GOLD","seed_source_timestamp":872842720079038,"circlet_count":0,"master_deck":["Strike_R","Strike_R","Strike_R","Defend_R","Defend_R","Defend_R","Defend_R","Bash","Clothesline","Pummel","Armaments+1","Shockwave","Offering+1","Ghostly Armor","Flex+1","Twin Strike","Iron Wave","Feed+1","Flame Barrier+1","Feel No Pain+1","Pummel+1","Shrug It Off","Havoc+1","Body Slam+1","Body Slam+1","Barricade+1","Whirlwind","Seeing Red","Finesse","Ghostly Armor+1","Sword Boomerang","Disarm+1","Second Wind+1","Exhume+1","Battle Trance+1","Exhume","Seeing Red+1"],"relics":["Burning Blood","Ginger","Shovel","Coffee Dripper","Self Forming Clay","Bottled Lightning","Oddly Smooth Stone","Shuriken","Mercury Hourglass","Dead Branch","Pantograph","Tiny House","Thread and Needle","Art of War","Centennial Puzzle","Lantern","Darkstone Periapt","Mango","War Paint","Question Card","Ornamental Fan","Kunai","Unceasing Top"],"potions_floor_usage":[6,24,27,28,33,33,40,44,54],"damage_taken":[{"damage":5,"enemies":"Cultist","floor":1,"turns":4},{"damage":10,"enemies":"Small Slimes","floor":3,"turns":4},{"damage":0,"enemies":"2 Louse","floor":5,"turns":4},{"damage":35,"enemies":"Lagavulin","floor":6,"turns":10},{"damage":8,"enemies":"Looter","floor":8,"turns":3},{"damage":8,"enemies":"3 Louse","floor":11,"turns":4},{"damage":6,"enemies":"Blue Slaver","floor":13,"turns":2},{"damage":1,"enemies":"2 Fungi Beasts","floor":14,"turns":4},{"damage":8,"enemies":"Slime Boss","floor":16,"turns":11},{"damage":9,"enemies":"Shell Parasite","floor":18,"turns":4},{"damage":13,"enemies":"2 Thieves","floor":21,"turns":4},{"damage":18,"enemies":"3 Cultists","floor":22,"turns":5},{"damage":8,"enemies":"Book of Stabbing","floor":24,"turns":4},{"damage":7,"enemies":"Gremlin Leader","floor":27,"turns":6},{"damage":0,"enemies":"Sentry and Sphere","floor":28,"turns":3},{"damage":0,"enemies":"Snecko","floor":31,"turns":3},{"damage":24,"enemies":"Collector","floor":33,"turns":8},{"damage":6,"enemies":"3 Darklings","floor":35,"turns":2},{"damage":0,"enemies":"3 Shapes","floor":37,"turns":3},{"damage":6,"enemies":"Spire Growth","floor":38,"turns":2},{"damage":27,"enemies":"Reptomancer","floor":40,"turns":8},{"damage":18,"enemies":"Nemesis","floor":42,"turns":3},{"damage":17,"enemies":"Reptomancer","floor":44,"turns":3},{"damage":20,"enemies":"Mind Bloom Boss Battle","floor":46,"turns":5},{"damage":4,"enemies":"3 Darklings","floor":48,"turns":3},{"damage":21,"enemies":"Awakened One","floor":50,"turns":5},{"damage":32,"enemies":"Shield and Spear","floor":54,"turns":3},{"damage":10,"enemies":"The Heart","floor":55,"turns":10}],"seed_played":"8176092267498732903","potions_obtained":[{"floor":3,"key":"Swift Potion"},{"floor":5,"key":"SkillPotion"},{"floor":11,"key":"Weak Potion"},{"floor":13,"key":"LiquidBronze"},{"floor":18,"key":"Strength Potion"},{"floor":24,"key":"EssenceOfSteel"},{"floor":33,"key":"Poison Potion"},{"floor":34,"key":"BloodPotion"},{"floor":38,"key":"BloodPotion"},{"floor":40,"key":"Explosive Potion"},{"floor":48,"key":"AttackPotion"}],"is_trial":false,"path_per_floor":["M","T","M","?","M","E","$","M","T","R","M","R","M","M","R","B",null,"M","T","?","M","M","R","E","R","T","E","M","R","$","M","R","B",null,"M","?","M","M","$","E","R","E","T","E","R","?","T","M","R","B",null,"R","$","E","B",null],"character_chosen":"IRONCLAD","items_purchased":["Offering","Body Slam","Dexterity Potion","SteroidPotion","Kunai","Exhume"],"campfire_rested":0,"item_purchase_floors":[7,30,30,39,53,53],"current_hp_per_floor":[96,96,92,92,96,67,67,65,65,65,63,63,63,68,68,66,96,96,96,96,89,80,80,78,78,78,77,86,86,86,95,95,90,113,113,113,113,113,113,92,92,80,80,73,73,98,98,100,100,110,131,131,131,105,126],"gold":88,"neow_bonus":"TWENTY_PERCENT_HP_BONUS","is_prod":false,"is_daily":false,"chose_seed":false,"campfire_upgraded":4,"win_rate":0,"timestamp":1541537664,"path_taken":["M","?","?","?","M","E","$","M","T","R","M","R","M","M","R","BOSS","M","?","?","M","M","R","E","R","T","E","M","R","$","M","R","BOSS","M","?","M","M","$","E","R","E","T","E","R","?","?","M","R","BOSS","R","$","E","BOSS"],"build_version":"2018-11-05","purchased_purges":2,"victory":true,"max_hp_per_floor":[96,96,96,96,96,96,96,96,96,96,96,96,96,96,96,96,96,99,99,99,99,102,102,102,102,102,102,105,105,105,108,108,108,113,113,113,113,113,113,113,113,113,113,117,117,131,131,131,131,131,131,131,131,131,131],"card_choices":[{"not_picked":["Sword Boomerang","Evolve"],"picked":"Clothesline","floor":1},{"not_picked":["Heavy Blade","Iron Wave"],"picked":"Pummel","floor":3},{"not_picked":["Headbutt","Thunderclap"],"picked":"Armaments","floor":5},{"not_picked":["Flex","Body Slam"],"picked":"Shockwave","floor":6},{"not_picked":["Perfected Strike","Pommel Strike"],"picked":"Ghostly Armor","floor":8},{"not_picked":["Warcry","Thunderclap"],"picked":"Flex","floor":11},{"not_picked":["Fire Breathing","Havoc"],"picked":"Twin Strike","floor":13},{"not_picked":["Clash","Carnage"],"picked":"Iron Wave","floor":14},{"not_picked":["Offering","Berserk"],"picked":"Feed","floor":16},{"not_picked":["Reckless Charge","Havoc"],"picked":"Flame Barrier+1","floor":18},{"not_picked":["Burning Pact+1","Intimidate+1"],"picked":"Feel No Pain+1","floor":21},{"not_picked":["Entrench","Wild Strike"],"picked":"Pummel+1","floor":22},{"not_picked":["Clothesline","Disarm"],"picked":"Shrug It Off","floor":24},{"not_picked":["Cleave","Dropkick"],"picked":"Havoc+1","floor":27},{"not_picked":["Burning Pact","Wild Strike+1"],"picked":"Body Slam+1","floor":28},{"not_picked":["Sever Soul+1","Havoc","Wild Strike+1"],"picked":"SKIP","floor":31},{"not_picked":["Fiend Fire","Juggernaut"],"picked":"Barricade","floor":33},{"not_picked":["Evolve","Shockwave"],"picked":"Whirlwind","floor":34},{"not_picked":["Metallicize","Searing Blow+1"],"picked":"Seeing Red","floor":35},{"not_picked":["Panacea","Good Instincts"],"picked":"Finesse","floor":36},{"not_picked":["Warcry","Clothesline"],"picked":"Ghostly Armor+1","floor":37},{"not_picked":["Bloodletting","Headbutt+1"],"picked":"Sword Boomerang","floor":38},{"not_picked":["Pommel Strike","Clash"],"picked":"Disarm+1","floor":40},{"not_picked":["Rage","Clash","Rupture"],"picked":"SKIP","floor":42},{"not_picked":["Dropkick","Thunderclap"],"picked":"Second Wind+1","floor":44},{"not_picked":["Entrench+1","Wild Strike+1"],"picked":"Exhume","floor":46},{"not_picked":["Perfected Strike+1","Carnage+1"],"picked":"Battle Trance+1","floor":48},{"not_picked":["Second Wind+1","Havoc","Armaments+1"],"picked":"Seeing Red+1","floor":54}],"player_experience":1119109,"relics_obtained":[{"floor":6,"key":"Ginger"},{"floor":9,"key":"Shovel"},{"floor":19,"key":"Self Forming Clay"},{"floor":23,"key":"Bottled Lightning"},{"floor":24,"key":"Oddly Smooth Stone"},{"floor":25,"key":"Shuriken"},{"floor":26,"key":"Mercury Hourglass"},{"floor":27,"key":"Dead Branch"},{"floor":29,"key":"Pantograph"},{"floor":40,"key":"Thread and Needle"},{"floor":41,"key":"Art of War"},{"floor":42,"key":"Centennial Puzzle"},{"floor":43,"key":"Lantern"},{"floor":44,"key":"Darkstone Periapt"},{"floor":46,"key":"Mango"},{"floor":47,"key":"War Paint"},{"floor":49,"key":"Question Card"},{"floor":52,"key":"Ornamental Fan"},{"floor":54,"key":"Unceasing Top"}],"event_choices":[{"damage_healed":0,"gold_gain":100,"player_choice":"Pray","damage_taken":0,"max_hp_gain":0,"max_hp_loss":0,"event_name":"Golden Shrine","floor":4,"gold_loss":0},{"damage_healed":0,"gold_gain":0,"player_choice":"Ignored","damage_taken":0,"max_hp_gain":0,"max_hp_loss":0,"event_name":"Ghosts","floor":20,"gold_loss":0},{"damage_healed":0,"gold_gain":0,"player_choice":"Memory 1","damage_taken":0,"max_hp_gain":0,"max_hp_loss":0,"event_name":"SensoryStone","floor":36,"gold_loss":0},{"damage_healed":0,"gold_gain":0,"player_choice":"Fight","damage_taken":0,"max_hp_gain":0,"max_hp_loss":0,"event_name":"MindBloom","floor":46,"gold_loss":0}],"is_beta":true,"boss_relics":[{"not_picked":["Busted Crown","Black Blood"],"picked":"Coffee Dripper"},{"not_picked":["Calling Bell","Eternal Feather"],"picked":"Tiny House"}],"items_purged_floors":[30,39],"is_endless":false,"potions_floor_spawned":[3,5,11,13,18,24,33,38,40,42,48],"ascension_level":1}