{"gold_per_floor":[215,229,229,241,259,259,293,293,293,310,48,123,139,164,164,260,260,276,191,191,191,209,238,253,253,253,287,287,307,342,44,44,142,142,159,259,259,269,269,269,300,300,300,320,346,74,74,87,87,87,87,87,37,66,66],"floor_reached":56,"playtime":3194,"items_purged":["Strike_G","Strike_G"],"score":1644,"play_id":"3b784449-ba41-4804-ae40-bee6424bca63","local_time":"20181229202453","is_ascension_mode":true,"campfire_choices":[{"data":"Noxious Fumes","floor":6.0,"key":"SMITH"},{"floor":15.0,"key":"REST"},{"data":"Well Laid Plans","floor":25.0,"key":"SMITH"},{"data":"Backflip","floor":28.0,"key":"SMITH"},{"data":"Backflip","floor":32.0,"key":"SMITH"},{"data":"Survivor","floor":40.0,"key":"SMITH"},{"data":"Defend_G","floor":42.0,"key":"SMITH"},{"floor":47,"key":"RECALL"},{"data":"Defend_G","floor":49,"key":"SMITH"},{"data":"Defend_G","floor":52,"key":"SMITH"}],"neow_cost":"NONE","seed_source_timestamp":2058652145916381,"circlet_count":0,"master_deck":["Defend_G","Defend_G","Defend_G+1","Defend_G+1","Defend_G+1","Strike_G","Strike_G+1","Survivor+1","Neutralize+1","Backflip+1","Dagger Spray+1","Noxious Fumes+1","Dagger Throw","Backflip+1","Quick Slash","Phantasmal Killer+1","Well Laid Plans+1","Malaise+1","PiercingWail+1","Footwork+1","Catalyst+1","Sucker Punch+1","Slice+1","PiercingWail+1","Glass Knife+1","Setup+1","Cloak And Dagger+1","Sucker Punch+1","Footwork","Acrobatics+1","Catalyst+1"],"special_seed":0,"relics":["Ring of the Snake","Pantograph","Smiling Mask","Mercury Hourglass","Toxic Egg 2","Snake Skull","Coffee Dripper","Paper Crane","Molten Egg 2","Blue Candle","Whetstone","WingedGreaves","Kunai","Busted Crown","Nunchaku","Dream Catcher","Vajra","Membership Card","Anchor"],"potions_floor_usage":[55,55,55],"damage_taken":[{"damage":0.0,"enemies":"Cultist","floor":1.0,"turns":3.0},{"damage":0.0,"enemies":"Jaw Worm","floor":2.0,"turns":8.0},{"damage":0.0,"enemies":"2 Louse","floor":4.0,"turns":2.0},{"damage":0.0,"enemies":"2 Fungi Beasts","floor":5.0,"turns":3.0},{"damage":12.0,"enemies":"Gremlin Nob","floor":7.0,"turns":4.0},{"damage":10.0,"enemies":"Exordium Wildlife","floor":10.0,"turns":5.0},{"damage":0.0,"enemies":"Exordium Thugs","floor":13.0,"turns":4.0},{"damage":12.0,"enemies":"3 Sentries","floor":14.0,"turns":5.0},{"damage":15.0,"enemies":"Slime Boss","floor":16.0,"turns":5.0},{"damage":0.0,"enemies":"Chosen","floor":18.0,"turns":6.0},{"damage":1.0,"enemies":"3 Byrds","floor":22.0,"turns":3.0},{"damage":2.0,"enemies":"Book of Stabbing","floor":23.0,"turns":9.0},{"damage":0.0,"enemies":"Snake Plant","floor":24.0,"turns":6.0},{"damage":13.0,"enemies":"Gremlin Leader","floor":27.0,"turns":7.0},{"damage":2.0,"enemies":"3 Cultists","floor":29.0,"turns":5.0},{"damage":11.0,"enemies":"Slavers","floor":30.0,"turns":5.0},{"damage":12.0,"enemies":"Automaton","floor":33.0,"turns":9.0},{"damage":0.0,"enemies":"3 Shapes","floor":35.0,"turns":5.0},{"damage":0.0,"enemies":"Mind Bloom Boss Battle","floor":36.0,"turns":6.0},{"damage":0.0,"enemies":"3 Darklings","floor":38.0,"turns":5.0},{"damage":17.0,"enemies":"Giant Head","floor":41.0,"turns":11.0},{"damage":32.0,"enemies":"Transient","floor":44.0,"turns":5.0},{"damage":0.0,"enemies":"Nemesis","floor":45.0,"turns":9.0},{"damage":2,"enemies":"Sphere and 2 Shapes","floor":48,"turns":5},{"damage":9,"enemies":"Time Eater","floor":50,"turns":16},{"damage":0,"enemies":"Shield and Spear","floor":54,"turns":7},{"damage":56,"enemies":"The Heart","floor":55,"turns":8}],"seed_played":"-4503302111103007482","potions_obtained":[{"floor":2.0,"key":"Swift Potion"},{"floor":4.0,"key":"FearPotion"},{"floor":10.0,"key":"AttackPotion"},{"floor":14.0,"key":"LiquidBronze"},{"floor":27.0,"key":"GamblersBrew"},{"floor":29.0,"key":"LiquidBronze"},{"floor":30.0,"key":"PowerPotion"}],"is_trial":false,"path_per_floor":["M","M","?","M","M","R","E","?","T","M","$","?","M","E","R","B",null,"M","?","?","?","M","E","M","R","T","E","R","M","E","$","R","B",null,"M","?","?","M","?","R","E","R","T","M","E","$","R","M","R","B",null,"R","$","E","B",null],"character_chosen":"THE_SILENT","items_purchased":["Toxic Egg 2","Kunai","Membership Card","Cloak And Dagger+1","Footwork","Acrobatics+1"],"campfire_rested":1,"item_purchase_floors":[11,31,46,46,53,53],"current_hp_per_floor":[63,63,63,63,63,63,51,44,44,34,34,23,23,11,32,42,63,63,63,63,63,62,60,60,60,60,47,47,45,34,34,34,47,64,64,70,70,70,70,70,53,53,53,21,21,21,21,19,19,35,61,61,61,61,14],"gold":66,"neow_bonus":"HUNDRED_GOLD","is_prod":false,"is_daily":false,"chose_seed":false,"campfire_upgraded":8,"win_rate":0,"timestamp":1546122293,"path_taken":["M","?","?","M","M","R","E","?","T","M","$","?","?","E","R","BOSS","M","?","?","?","M","E","M","R","T","E","R","M","E","$","R","BOSS","M","?","?","M","?","R","E","R","T","M","E","$","R","M","R","BOSS","R","$","E","BOSS"],"build_version":"2018-12-20","purchased_purges":2,"victory":true,"max_hp_per_floor":[70,70,70,70,70,70,70,70,70,70,70,70,70,70,70,70,70,70,70,70,70,70,70,70,70,70,70,70,70,70,70,70,70,70,70,70,70,70,70,70,70,70,70,70,70,70,70,70,70,70,70,70,70,70,70],"card_choices":[{"not_picked":["Distraction","Catalyst"],"picked":"Backflip","floor":1.0},{"not_picked":["Underhanded Strike","Deflect"],"picked":"Dagger Spray","floor":2.0},{"not_picked":["Heel Hook","Dodge and Roll"],"picked":"Noxious Fumes","floor":4.0},{"not_picked":["Outmaneuver","Dagger Spray"],"picked":"Dagger Throw","floor":5.0},{"not_picked":["Dodge and Roll","Choke"],"picked":"Backflip","floor":7.0},{"not_picked":["Acrobatics","Bouncing Flask"],"picked":"Quick Slash","floor":10.0},{"not_picked":["Poisoned Stab","Underhanded Strike"],"picked":"Phantasmal Killer+1","floor":13.0},{"not_picked":["Dash","Acrobatics+1"],"picked":"Well Laid Plans","floor":14.0},{"not_picked":["Bullet Time+1","Adrenaline+1"],"picked":"Malaise+1","floor":16.0},{"not_picked":["Underhanded Strike","Dagger Throw"],"picked":"PiercingWail+1","floor":18.0},{"not_picked":["Finisher+1","Deadly Poison+1"],"picked":"Footwork+1","floor":22.0},{"not_picked":["Skewer","Deflect+1"],"picked":"Catalyst+1","floor":23.0},{"not_picked":["Quick Slash+1","Tactician+1"],"picked":"Sucker Punch+1","floor":24.0},{"not_picked":["Noxious Fumes+1","Skewer+1"],"picked":"Slice+1","floor":27.0},{"not_picked":["Accuracy","Outmaneuver+1"],"picked":"PiercingWail+1","floor":29.0},{"not_picked":["Skewer+1","Crippling Poison+1","Dagger Throw+1"],"picked":"SKIP","floor":30.0},{"not_picked":["Venomology+1","Grand Finale+1"],"picked":"Glass Knife+1","floor":33.0},{"not_picked":["Quick Slash+1"],"picked":"SKIP","floor":35.0},{"not_picked":[],"picked":"Setup+1","floor":36.0},{"not_picked":["Flechettes+1"],"picked":"SKIP","floor":38.0},{"not_picked":["Prepared+1"],"picked":"SKIP","floor":41.0},{"not_picked":["Infinite Blades"],"picked":"SKIP","floor":44.0},{"not_picked":["Doppelganger+1"],"picked":"SKIP","floor":45.0},{"not_picked":[],"picked":"Sucker Punch+1","floor":48},{"not_picked":[],"picked":"Catalyst+1","floor":54}],"player_experience":274427,"relics_obtained":[{"floor":7.0,"key":"Pantograph"},{"floor":9.0,"key":"Mercury Hourglass"},{"floor":14.0,"key":"Snake Skull"},{"floor":23.0,"key":"Molten Egg 2"},{"floor":26.0,"key":"Blue Candle"},{"floor":27.0,"key":"Whetstone"},{"floor":30.0,"key":"WingedGreaves"},{"floor":36.0,"key":"Nunchaku"},{"floor":41.0,"key":"Dream Catcher"},{"floor":45.0,"key":"Vajra"},{"floor":54,"key":"Anchor"}],"event_choices":[{"damage_healed":0.0,"max_hp_gain":0.0,"max_hp_loss":0.0,"gold_gain":0.0,"event_name":"Living Wall","player_choice":"Grow","floor":3.0,"gold_loss":0.0,"damage_taken":0.0,"cards_upgraded":["Neutralize"]},{"damage_healed":0.0,"max_hp_gain":0.0,"max_hp_loss":0.0,"gold_gain":0.0,"event_name":"Scrap Ooze","player_choice":"Success","floor":8.0,"gold_loss":0.0,"damage_taken":7.0,"relics_obtained":["Smiling Mask"]},{"damage_healed":0.0,"max_hp_gain":0.0,"max_hp_loss":0.0,"gold_gain":75.0,"event_name":"World of Goop","player_choice":"Gather Gold","floor":12.0,"gold_loss":0.0,"damage_taken":11.0},{"damage_healed":0.0,"max_hp_gain":0.0,"max_hp_loss":0.0,"gold_gain":0.0,"event_name":"Addict","player_choice":"Obtained Relic","floor":19.0,"gold_loss":85.0,"damage_taken":0.0,"relics_obtained":["Paper Crane"]},{"damage_healed":0.0,"max_hp_gain":0.0,"max_hp_loss":0.0,"gold_gain":0.0,"event_name":"Forgotten Altar","player_choice":"Smashed Altar","floor":20.0,"gold_loss":0.0,"damage_taken":0.0,"cards_obtained":["Decay"]},{"cards_removed":["Decay"],"damage_healed":0.0,"max_hp_gain":0.0,"max_hp_loss":0.0,"gold_gain":0.0,"event_name":"Back to Basics","player_choice":"Elegance","floor":21.0,"gold_loss":0.0,"damage_taken":0.0},{"damage_healed":0.0,"max_hp_gain":0.0,"max_hp_loss":0.0,"gold_gain":0.0,"event_name":"MindBloom","player_choice":"Fight","floor":36.0,"gold_loss":0.0,"damage_taken":0.0},{"cards_removed":["Strike_G"],"damage_healed":0.0,"max_hp_gain":0.0,"max_hp_loss":0.0,"gold_gain":0.0,"event_name":"Falling","player_choice":"Removed Attack","floor":37.0,"gold_loss":0.0,"damage_taken":0.0},{"damage_healed":0.0,"max_hp_gain":0.0,"max_hp_loss":0.0,"gold_gain":0.0,"event_name":"Tomb of Lord Red Mask","player_choice":"Ignored","floor":39.0,"gold_loss":0.0,"damage_taken":0.0}],"is_beta":false,"boss_relics":[{"not_picked":["Lizard Tail","Empty Cage"],"picked":"Coffee Dripper"},{"not_picked":["HoveringKite","Snecko Eye"],"picked":"Busted Crown"}],"items_purged_floors":[31,46],"is_endless":false,"potions_floor_spawned":[2,4,10,14,27,29,30,35,41,44],"ascension_level":6}