{"gold_per_floor":[111,126,51,126,140,170,170,181,181,193,143,143,143,153,153,251,251,266,277,295,51,51],"floor_reached":22,"playtime":725,"items_purged":["Strike_R","Defend_R"],"score":197,"play_id":"96340a7d-b5c2-43a2-b38e-d84bcb41ead6","local_time":"20190201175829","is_ascension_mode":true,"campfire_choices":[{"data":"Shrug It Off","floor":7,"key":"SMITH"},{"data":"Defend_R","floor":12,"key":"SMITH"},{"data":"Strike_R","floor":15,"key":"SMITH"}],"neow_cost":"NONE","seed_source_timestamp":36521874007769,"circlet_count":0,"master_deck":["Strike_R","Strike_R","Strike_R+1","Defend_R","Defend_R","Defend_R+1","Bash+1","Shrug It Off+1","Dropkick","Rage"],"special_seed":0,"relics":["Burning Blood","Darkstone Periapt","Pantograph","Sundial","Orrery","PreservedInsect"],"potions_floor_usage":[10,20,22],"damage_taken":[{"damage":4.0,"enemies":"Jaw Worm","floor":1.0,"turns":4.0},{"damage":1.0,"enemies":"Cultist","floor":2.0,"turns":3.0},{"damage":0,"enemies":"Small Slimes","floor":5,"turns":3},{"damage":30,"enemies":"Gremlin Nob","floor":6,"turns":5},{"damage":6,"enemies":"3 Louse","floor":8,"turns":5},{"damage":14,"enemies":"Exordium Thugs","floor":10,"turns":3},{"damage":7,"enemies":"Exordium Wildlife","floor":14,"turns":6},{"damage":37,"enemies":"The Guardian","floor":16,"turns":15},{"damage":35,"enemies":"Spheric Guardian","floor":18,"turns":8},{"damage":20,"enemies":"3 Byrds","floor":19,"turns":7},{"damage":22,"enemies":"Snake Plant","floor":20,"turns":5},{"damage":28,"enemies":"3 Cultists","floor":22,"turns":4}],"seed_played":"2654109343448069464","potions_obtained":[{"floor":8,"key":"Explosive Potion"},{"floor":10,"key":"Poison Potion"},{"floor":16,"key":"SpeedPotion"},{"floor":18,"key":"GamblersBrew"},{"floor":19,"key":"FearPotion"},{"floor":20,"key":"SpeedPotion"}],"is_trial":false,"path_per_floor":["M","M","$","?","M","E","R","M","T","M","?","R","?","M","R","B",null,"M","M","M","$","M"],"character_chosen":"IRONCLAD","items_purchased":["PreservedInsect"],"campfire_rested":0,"item_purchase_floors":[21],"current_hp_per_floor":[80,80,80,72,78,54,54,54,54,46,46,46,46,45,45,39,80,51,37,21,21,0],"gold":51,"neow_bonus":"UPGRADE_CARD","is_prod":false,"is_daily":false,"chose_seed":false,"campfire_upgraded":3,"win_rate":0,"timestamp":1549051109,"path_taken":["M","M","$","?","?","E","R","M","T","M","?","R","?","?","R","BOSS","M","M","M","$","M"],"build_version":"2019-01-23","purchased_purges":2,"victory":false,"max_hp_per_floor":[80,80,80,80,80,80,80,80,80,80,80,80,80,80,80,80,80,80,80,80,80,80],"card_choices":[{"not_picked":["Armaments","Infernal Blade","Perfected Strike"],"picked":"SKIP","floor":1.0},{"not_picked":["True Grit","Headbutt"],"picked":"Shrug It Off","floor":2.0},{"not_picked":["Rampage","Iron Wave","Carnage"],"picked":"SKIP","floor":5},{"not_picked":["Body Slam","Infernal Blade","Berserk"],"picked":"SKIP","floor":6},{"not_picked":["Warcry","Clash","Body Slam"],"picked":"SKIP","floor":8},{"not_picked":["Perfected Strike","Shrug It Off","Reckless Charge"],"picked":"SKIP","floor":10},{"not_picked":["Wild Strike","Perfected Strike","Spot Weakness"],"picked":"SKIP","floor":14},{"not_picked":["True Grit","Cleave"],"picked":"Dropkick","floor":17},{"not_picked":["Heavy Blade","Metallicize"],"picked":"Rage","floor":17},{"not_picked":["Havoc","True Grit","Disarm"],"picked":"SKIP","floor":18},{"not_picked":["Infernal Blade","Entrench","Heavy Blade+1"],"picked":"SKIP","floor":19},{"not_picked":["Sentinel","Headbutt","Bloodletting"],"picked":"SKIP","floor":20}],"player_experience":299199,"relics_obtained":[{"floor":6,"key":"Darkstone Periapt"},{"floor":9,"key":"Pantograph"}],"event_choices":[{"damage_healed":0,"gold_gain":75,"player_choice":"Touch","damage_taken":8,"max_hp_gain":0,"max_hp_loss":0,"event_name":"FaceTrader","floor":4,"gold_loss":0},{"cards_removed":["Strike_R"],"damage_healed":0,"gold_gain":0,"player_choice":"Card Removal","damage_taken":0,"max_hp_gain":0,"max_hp_loss":0,"event_name":"The Cleric","floor":11,"gold_loss":50},{"damage_healed":0,"gold_gain":0,"player_choice":"Gave Potion","damage_taken":0,"relics_obtained":["Sundial"],"max_hp_gain":0,"max_hp_loss":0,"event_name":"WeMeetAgain","floor":13,"gold_loss":0}],"is_beta":false,"boss_relics":[{"not_picked":["Snecko Eye","Lizard Tail"],"picked":"Orrery"}],"items_purged_floors":[3,21],"is_endless":false,"potions_floor_spawned":[8,10,16,18,19,20],"killed_by":"3 Cultists","ascension_level":1}