{"gold_per_floor":[118,132,147,147,147,147,176,176,246,246,19,19,69,69,69,173,173,191,201,216,228,228,228,255,162,162,180,49,49,66,80,80,177,177,191,210,265,265,280,280,280,294,294,294,61,73,90,102,102,102],"floor_reached":51,"playtime":2490,"items_purged":["Strike_B"],"score":1054,"play_id":"1eb74f96-6759-43ca-bc84-f395f50af621","local_time":"20190217194503","is_ascension_mode":true,"campfire_choices":[{"data":"Go for the Eyes","floor":6,"key":"SMITH"},{"data":"Zap","floor":8,"key":"SMITH"},{"data":"Dualcast","floor":10,"key":"SMITH"},{"data":"Barrage","floor":12,"key":"SMITH"},{"floor":15,"key":"REST"},{"floor":23,"key":"REST"},{"floor":29,"key":"REST"},{"floor":32,"key":"REST"},{"floor":40,"key":"REST"},{"data":"Consume","floor":44,"key":"SMITH"},{"floor":49,"key":"REST"}],"neow_cost":"NONE","seed_source_timestamp":42677028688028,"circlet_count":0,"master_deck":["AscendersBane","Defend_B","Defend_B","Defend_B","Defend_B","Zap+1","Dualcast+1","Go for the Eyes+1","Gash","Gash","Coolheaded","Barrage+1","Leap","Gash","Genetic Algorithm","Creative AI","All For One","Defragment","Gash","Ball Lightning","Steam","Conserve Battery","Gash","Defragment","Heatsinks","Hologram","Glacier","Rebound+1","Core Surge","Conserve Battery","Chill+1","Ball Lightning+1","Parasite","Consume+1","Panacea","Hologram+1","Compile Driver","Defragment+1"],"relics":["Cracked Core","Oddly Smooth Stone","Singing Bowl","Regal Pillow","Nuclear Battery","Pear","Mummified Hand","Inserter","Turnip","Pocketwatch","OrangePellets"],"potions_floor_usage":[16,21,24,27,50,50],"damage_taken":[{"damage":2,"enemies":"Jaw Worm","floor":1,"turns":3},{"damage":0,"enemies":"2 Louse","floor":2,"turns":2},{"damage":0,"enemies":"Small Slimes","floor":3,"turns":2},{"damage":17,"enemies":"3 Sentries","floor":7,"turns":8},{"damage":33,"enemies":"Hexaghost","floor":16,"turns":12},{"damage":18,"enemies":"Chosen","floor":18,"turns":5},{"damage":11,"enemies":"Spheric Guardian","floor":19,"turns":4},{"damage":27,"enemies":"Centurion and Healer","floor":20,"turns":6},{"damage":0,"enemies":"Snecko","floor":21,"turns":5},{"damage":34,"enemies":"Slavers","floor":24,"turns":5},{"damage":21,"enemies":"Cultist and Chosen","floor":27,"turns":6},{"damage":20,"enemies":"Chosen and Byrds","floor":30,"turns":5},{"damage":3,"enemies":"3 Cultists","floor":31,"turns":5},{"damage":29,"enemies":"Champ","floor":33,"turns":9},{"damage":7,"enemies":"Orb Walker","floor":35,"turns":4},{"damage":2,"enemies":"3 Shapes","floor":36,"turns":10},{"damage":43,"enemies":"2 Orb Walkers","floor":37,"turns":6},{"damage":4,"enemies":"Writhing Mass","floor":39,"turns":8},{"damage":8,"enemies":"Sphere and 2 Shapes","floor":42,"turns":7},{"damage":9,"enemies":"Jaw Worm Horde","floor":46,"turns":6},{"damage":19,"enemies":"4 Shapes","floor":47,"turns":5},{"damage":0,"enemies":"3 Darklings","floor":48,"turns":5},{"damage":18,"enemies":"Time Eater","floor":50,"turns":10}],"seed_played":"1836560021660297890","potions_obtained":[{"floor":7,"key":"Regen Potion"},{"floor":19,"key":"GamblersBrew"},{"floor":20,"key":"FocusPotion"},{"floor":24,"key":"Swift Potion"},{"floor":31,"key":"FearPotion"},{"floor":37,"key":"Explosive Potion"},{"floor":47,"key":"EssenceOfSteel"},{"floor":48,"key":"Ancient Potion"}],"is_trial":false,"path_per_floor":["M","M","M","?","?","R","E","R","T","R","$","R","T","?","R","B",null,"M","M","M","M","?","R","E","$","T","M","$","R","M","M","R","B",null,"M","M","?","?","M","R","?","M","T","R","$","M","M","M","R","B",null],"character_chosen":"DEFECT","items_purchased":["Leap","Gash","Genetic Algorithm","Conserve Battery","Gash","Heatsinks","Hologram","OrangePellets","Compile Driver"],"campfire_rested":6,"item_purchase_floors":[11,11,11,25,25,28,28,45,45],"current_hp_per_floor":[66,66,66,51,44,44,27,27,27,27,27,27,27,27,64,46,68,50,41,14,14,14,52,28,28,28,7,7,48,28,25,66,37,75,68,66,23,23,19,60,60,52,52,52,52,45,26,28,70,52],"gold":102,"neow_bonus":"THREE_CARDS","is_prod":false,"is_daily":false,"chose_seed":false,"campfire_upgraded":5,"win_rate":0,"timestamp":1550443503,"path_taken":["M","M","M","?","?","R","E","R","T","R","$","R","?","?","R","BOSS","M","?","M","M","?","R","E","$","T","M","$","R","M","?","R","BOSS","M","?","?","?","M","R","?","M","T","R","$","M","?","M","R","BOSS"],"build_version":"2019-01-23","purchased_purges":1,"victory":true,"max_hp_per_floor":[75,75,75,75,75,75,75,75,75,75,75,75,75,75,75,75,75,75,77,77,77,77,77,87,87,87,87,87,87,87,87,87,87,87,87,87,87,87,87,87,87,87,87,87,87,89,89,91,91,91],"card_choices":[{"not_picked":["Lockon","Gash"],"picked":"Go for the Eyes","floor":0},{"not_picked":["Sweeping Beam","Beam Cell"],"picked":"Gash","floor":1},{"not_picked":["Chill","Fusion"],"picked":"Gash","floor":2},{"not_picked":["Sweeping Beam","Chill"],"picked":"Coolheaded","floor":3},{"not_picked":["Beam Cell","Lockon"],"picked":"Barrage","floor":7},{"not_picked":["Seek","Machine Learning"],"picked":"All For One","floor":16},{"not_picked":["Beam Cell+1","Go for the Eyes+1"],"picked":"Defragment","floor":18},{"not_picked":["Redo","Streamline","Recycle"],"picked":"Singing Bowl","floor":19},{"not_picked":["FTL","Rebound"],"picked":"Gash","floor":20},{"not_picked":["Reprogram","Beam Cell"],"picked":"Ball Lightning","floor":21},{"not_picked":["Double Energy","Recycle"],"picked":"Steam","floor":24},{"not_picked":["Turbo","Core Surge"],"picked":"Defragment","floor":27},{"not_picked":["Cold Snap+1","Doom and Gloom"],"picked":"Glacier","floor":30},{"not_picked":["Leap","Chill"],"picked":"Rebound+1","floor":31},{"not_picked":["Amplify","Multi-Cast"],"picked":"Core Surge","floor":33},{"not_picked":["Compile Driver","Beam Cell"],"picked":"Conserve Battery","floor":35},{"not_picked":["Compile Driver","White Noise"],"picked":"Chill+1","floor":36},{"not_picked":["Barrage","Turbo"],"picked":"Ball Lightning+1","floor":37},{"not_picked":["Compile Driver","Redo"],"picked":"Consume","floor":39},{"not_picked":["Madness","Bandage Up"],"picked":"Panacea","floor":41},{"not_picked":["Gash+1","Thunder Strike"],"picked":"Hologram+1","floor":42},{"not_picked":["Chaos+1","Hologram+1","Rebound"],"picked":"Singing Bowl","floor":46},{"not_picked":["Self Repair+1","Doom and Gloom+1"],"picked":"Defragment+1","floor":47},{"not_picked":["Melter","Sweeping Beam","Redo"],"picked":"Singing Bowl","floor":48}],"player_experience":341044,"relics_obtained":[{"floor":7,"key":"Oddly Smooth Stone"},{"floor":9,"key":"Singing Bowl"},{"floor":13,"key":"Regal Pillow"},{"floor":24,"key":"Pear"},{"floor":26,"key":"Mummified Hand"},{"floor":37,"key":"Turnip"},{"floor":43,"key":"Pocketwatch"}],"event_choices":[{"damage_healed":0,"gold_gain":0,"player_choice":"Entered Light","damage_taken":15,"max_hp_gain":0,"max_hp_loss":0,"event_name":"Shining Light","floor":4,"gold_loss":0,"cards_upgraded":["Strike_B","Strike_B"]},{"cards_removed":["Strike_B"],"damage_healed":0,"gold_gain":0,"player_choice":"Card Removal","damage_taken":7,"max_hp_gain":0,"max_hp_loss":0,"event_name":"Golden Wing","floor":5,"gold_loss":0},{"damage_healed":0,"gold_gain":0,"cards_transformed":["Strike_B"],"player_choice":"Transformed","damage_taken":0,"max_hp_gain":0,"max_hp_loss":0,"event_name":"Transmorgrifier","floor":14,"gold_loss":0,"cards_obtained":["Creative AI"]},{"cards_removed":["Strike_B"],"damage_healed":0,"gold_gain":0,"player_choice":"Purged","damage_taken":0,"max_hp_gain":0,"max_hp_loss":0,"event_name":"Purifier","floor":22,"gold_loss":0},{"damage_healed":0,"gold_gain":0,"player_choice":"Fight","damage_taken":0,"max_hp_gain":0,"max_hp_loss":0,"event_name":"Mysterious Sphere","floor":37,"gold_loss":0},{"damage_healed":0,"gold_gain":0,"player_choice":"Ignored","damage_taken":0,"max_hp_gain":0,"max_hp_loss":0,"event_name":"Tomb of Lord Red Mask","floor":38,"gold_loss":0},{"damage_healed":0,"gold_gain":0,"player_choice":"Memory 1","damage_taken":0,"max_hp_gain":0,"max_hp_loss":0,"event_name":"SensoryStone","floor":41,"gold_loss":0}],"is_beta":false,"boss_relics":[{"not_picked":["Lizard Tail","FrozenCore"],"picked":"Nuclear Battery"},{"not_picked":["Black Star","Empty Cage"],"picked":"Inserter"}],"items_purged_floors":[11],"is_endless":false,"potions_floor_spawned":[7,19,20,24,31,37,47,48],"ascension_level":10}