{"gold_per_floor":[114,125,74,93,18,18,44,56,56,66,82,47,47,60,60,60],"floor_reached":16,"playtime":587,"items_purged":["Strike_B"],"score":208,"play_id":"2d1f084c-f9f9-4791-aba5-a393c67f1249","local_time":"20190127181701","is_ascension_mode":true,"campfire_choices":[{"data":"Zap","floor":6,"key":"SMITH"},{"data":"Beam Cell","floor":13,"key":"SMITH"},{"data":"Sunder","floor":15,"key":"SMITH"}],"neow_cost":"NONE","seed_source_timestamp":1556725459111237,"circlet_count":0,"master_deck":["AscendersBane","Strike_B","Strike_B","Strike_B","Defend_B","Defend_B","Defend_B","Defend_B","Zap+1","Dualcast","Undo","White Noise","Ball Lightning","Cold Snap","Steam","Sunder+1","Genetic Algorithm","Conserve Battery","Skim","Beam Cell+1","BootSequence","Gash"],"relics":["Cracked Core","Lantern","Gambling Chip","Prayer Wheel"],"potions_floor_usage":[16,16],"damage_taken":[{"damage":7,"enemies":"Cultist","floor":1,"turns":4},{"damage":1,"enemies":"2 Louse","floor":2,"turns":3},{"damage":0,"enemies":"Small Slimes","floor":4,"turns":3},{"damage":20,"enemies":"3 Sentries","floor":7,"turns":8},{"damage":1,"enemies":"Blue Slaver","floor":8,"turns":4},{"damage":0,"enemies":"3 Louse","floor":10,"turns":3},{"damage":0,"enemies":"2 Fungi Beasts","floor":11,"turns":3},{"damage":12,"enemies":"Red Slaver","floor":14,"turns":3},{"damage":27,"enemies":"Hexaghost","floor":16,"turns":9}],"seed_played":"7147118639024804808","potions_obtained":[{"floor":7,"key":"SkillPotion"},{"floor":14,"key":"SneckoOil"}],"is_trial":false,"path_per_floor":["M","M","$","M","$","R","E","M","T","M","M","?","R","M","R","B"],"character_chosen":"DEFECT","items_purchased":["Ball Lightning"],"campfire_rested":0,"item_purchase_floors":[3],"current_hp_per_floor":[57,56,56,56,56,56,36,35,35,35,35,52,52,40,40,13],"gold":60,"neow_bonus":"RANDOM_COMMON_RELIC","is_prod":false,"is_daily":false,"chose_seed":false,"campfire_upgraded":3,"win_rate":0,"timestamp":1548638221,"path_taken":["M","M","$","M","?","R","E","M","T","M","M","?","R","M","R","BOSS"],"build_version":"2019-01-23","purchased_purges":1,"victory":false,"max_hp_per_floor":[71,71,71,71,71,71,71,71,71,71,71,71,71,71,71,71],"card_choices":[{"not_picked":["Coolheaded","Sweeping Beam"],"picked":"Undo","floor":1},{"not_picked":["Streamline","Rebound"],"picked":"White Noise","floor":2},{"not_picked":["Blizzard","Undo"],"picked":"Cold Snap","floor":4},{"not_picked":["Reprogram","Scrape"],"picked":"Steam","floor":7},{"not_picked":["Stack","Loop"],"picked":"Sunder","floor":8},{"not_picked":["Melter","Reinforced Body"],"picked":"Genetic Algorithm","floor":10},{"not_picked":["Hyperbeam","Double Energy"],"picked":"Conserve Battery","floor":10},{"not_picked":["Compile Driver","Heatsinks"],"picked":"Skim","floor":11},{"not_picked":["Steam","Compile Driver"],"picked":"Beam Cell","floor":11},{"not_picked":["Conserve Battery","Sunder"],"picked":"BootSequence","floor":14},{"not_picked":["Redo","Double Energy"],"picked":"Gash","floor":14}],"player_experience":1274674,"relics_obtained":[{"floor":7,"key":"Gambling Chip"},{"floor":9,"key":"Prayer Wheel"}],"event_choices":[{"damage_healed":17,"gold_gain":0,"player_choice":"Healed","damage_taken":0,"max_hp_gain":0,"max_hp_loss":0,"event_name":"The Cleric","floor":12,"gold_loss":35}],"is_beta":true,"boss_relics":[],"items_purged_floors":[5],"is_endless":false,"potions_floor_spawned":[7,14],"killed_by":"Hexaghost","ascension_level":20}