{"gold_per_floor":[110,130,143,68,82,82,82,120,144,144,168,168,168,207,207,207],"floor_reached":16,"playtime":876,"items_purged":["Strike_R"],"score":116,"play_id":"073a55de-72eb-4d73-b9f4-f9ca8e62bf1b","local_time":"20181020112911","is_ascension_mode":true,"campfire_choices":[{"data":"Bash","floor":6,"key":"SMITH"},{"data":"True Grit","floor":10,"key":"SMITH"},{"data":"Metallicize","floor":12,"key":"SMITH"},{"floor":15,"key":"REST"}],"neow_cost":"NONE","seed_source_timestamp":12643848304799,"circlet_count":0,"master_deck":["Strike_R","Strike_R","Defend_R","Defend_R","Defend_R","Defend_R","Bash+1","Shrug It Off","True Grit+1","Limit Break","Metallicize+1"],"relics":["Burning Blood","Golden Idol","Strawberry","Lantern","Anchor"],"potions_floor_usage":[14,16],"damage_taken":[{"damage":10,"enemies":"Jaw Worm","floor":1,"turns":5},{"damage":0,"enemies":"2 Louse","floor":2,"turns":3},{"damage":0,"enemies":"Small Slimes","floor":3,"turns":3},{"damage":21,"enemies":"Gremlin Gang","floor":5,"turns":11},{"damage":40,"enemies":"3 Sentries","floor":8,"turns":16},{"damage":0,"enemies":"3 Louse","floor":11,"turns":5},{"damage":22,"enemies":"Lagavulin","floor":14,"turns":9},{"damage":53,"enemies":"Hexaghost","floor":16,"turns":21}],"seed_played":"-4087475853439829917","potions_obtained":[{"floor":5,"key":"FearPotion"},{"floor":8,"key":"EssenceOfSteel"},{"floor":11,"key":"Energy Potion"}],"is_trial":false,"path_per_floor":["M","M","M","$","M","R","?","E","T","R","M","R","?","E","R"],"character_chosen":"IRONCLAD","items_purchased":[],"campfire_rested":1,"item_purchase_floors":[],"current_hp_per_floor":[76,80,80,80,65,65,65,38,38,38,44,44,44,28,52,0],"gold":207,"neow_bonus":"REMOVE_CARD","is_prod":false,"is_daily":false,"chose_seed":false,"campfire_upgraded":3,"win_rate":0,"timestamp":1540045751,"path_taken":["M","M","M","$","M","R","?","E","T","R","M","R","?","E","R","BOSS"],"build_version":"2018-10-18","purchased_purges":1,"victory":false,"max_hp_per_floor":[80,80,80,80,80,80,74,81,81,81,81,81,81,81,81,81],"card_choices":[{"not_picked":["Heavy Blade","Anger"],"picked":"Shrug It Off","floor":1},{"not_picked":["Thunderclap","Sword Boomerang"],"picked":"True Grit","floor":2},{"not_picked":["Second Wind","Armaments","Thunderclap"],"picked":"SKIP","floor":3},{"not_picked":["True Grit","Anger","Hemokinesis"],"picked":"SKIP","floor":5},{"not_picked":["True Grit","Thunderclap"],"picked":"Limit Break","floor":8},{"not_picked":["Dropkick","Sword Boomerang"],"picked":"Metallicize","floor":11},{"not_picked":["Double Tap","Searing Blow","Twin Strike"],"picked":"SKIP","floor":14}],"player_experience":96803,"relics_obtained":[{"floor":8,"key":"Strawberry"},{"floor":9,"key":"Lantern"},{"floor":14,"key":"Anchor"}],"event_choices":[{"damage_healed":0,"gold_gain":0,"player_choice":"Lose Max HP","damage_taken":0,"relics_obtained":["Golden Idol"],"max_hp_gain":0,"max_hp_loss":6,"event_name":"Golden Idol","floor":7,"gold_loss":0},{"cards_removed":["Strike_R"],"damage_healed":0,"gold_gain":0,"player_choice":"Purged","damage_taken":0,"max_hp_gain":0,"max_hp_loss":0,"event_name":"Purifier","floor":13,"gold_loss":0}],"is_beta":false,"boss_relics":[],"items_purged_floors":[4],"is_endless":false,"potions_floor_spawned":[5,8,11],"killed_by":"Hexaghost","ascension_level":1}