{"gold_per_floor":[116,116,191,211,229,229,263,263,315,315,331,347,347,358,358,358],"floor_reached":16,"playtime":641,"items_purged":[],"score":189,"play_id":"b2d437c2-69b5-45f4-89e7-3dba55394b8e","local_time":"20180830162809","is_ascension_mode":true,"campfire_choices":[{"data":"Blade Dance","floor":6,"key":"SMITH"},{"data":"Dagger Spray","floor":10,"key":"SMITH"},{"data":"Blur","floor":13,"key":"SMITH"},{"data":"Survivor","floor":15,"key":"SMITH"}],"neow_cost":"NONE","seed_source_timestamp":1357796655177687,"circlet_count":0,"master_deck":["Defend_G","Defend_G","Defend_G","Defend_G","Defend_G","Strike_G","Strike_G","Strike_G","Strike_G","Survivor+1","Neutralize+1","AscendersBane","Blade Dance+1","Blur+1","Dagger Spray+1","Dagger Spray","All Out Attack"],"relics":["Ring of the Snake","Centennial Puzzle","Dream Catcher"],"potions_floor_usage":[7],"damage_taken":[{"damage":2,"enemies":"2 Louse","floor":1,"turns":3},{"damage":8,"enemies":"Jaw Worm","floor":4,"turns":7},{"damage":4,"enemies":"Cultist","floor":5,"turns":4},{"damage":27,"enemies":"Lagavulin","floor":7,"turns":15},{"damage":0,"enemies":"Large Slime","floor":11,"turns":5},{"damage":32,"enemies":"Gremlin Gang","floor":12,"turns":4},{"damage":0,"enemies":"2 Fungi Beasts","floor":14,"turns":3},{"damage":39,"enemies":"Hexaghost","floor":16,"turns":12}],"seed_played":"-2206616576521392278","potions_obtained":[{"floor":5,"key":"Dexterity Potion"},{"floor":11,"key":"Explosive Potion"}],"is_trial":false,"path_per_floor":["M","?","?","M","M","R","E","?","T","R","M","M","R","M","R"],"character_chosen":"THE_SILENT","items_purchased":[],"campfire_rested":0,"item_purchase_floors":[],"current_hp_per_floor":[57,57,46,38,34,34,7,66,66,66,66,34,34,34,34,0],"gold":358,"neow_bonus":"UPGRADE_CARD","is_prod":false,"is_daily":false,"chose_seed":false,"campfire_upgraded":4,"win_rate":0,"timestamp":1535668089,"path_taken":["M","?","?","M","M","R","E","?","T","R","M","?","R","M","R","BOSS"],"build_version":"2018-08-29","purchased_purges":0,"victory":false,"max_hp_per_floor":[66,66,66,66,66,66,66,66,66,66,66,66,66,66,66,66],"card_choices":[{"not_picked":["PiercingWail","Bane"],"picked":"Endless Agony","floor":1},{"not_picked":["Dodge and Roll","Acrobatics"],"picked":"Blade Dance","floor":4},{"not_picked":["Dodge and Roll","PiercingWail"],"picked":"Blur","floor":5},{"not_picked":["Unload","Poisoned Stab"],"picked":"Dagger Spray","floor":7},{"not_picked":["PiercingWail","Acrobatics"],"picked":"Dagger Spray","floor":11},{"not_picked":["Prepared","Flechettes","Underhanded Strike"],"picked":"SKIP","floor":12},{"not_picked":["Quick Slash","Venomology"],"picked":"All Out Attack","floor":14}],"player_experience":1005092,"relics_obtained":[{"floor":7,"key":"Centennial Puzzle"},{"floor":9,"key":"Dream Catcher"}],"event_choices":[{"event_name":"Living Wall","player_choice":"Forget","floor":2,"damage_taken":0},{"event_name":"World of Goop","player_choice":"Gather Gold","floor":3,"damage_taken":0},{"event_name":"Bonfire Elementals","player_choice":"UNCOMMON","floor":8,"damage_taken":0}],"is_beta":true,"boss_relics":[],"items_purged_floors":[],"is_endless":false,"potions_floor_spawned":[5,11],"killed_by":"Hexaghost","ascension_level":17}