{"gold_per_floor":[114,189,364,4,14,39,39,14,14,28,20,20,20,55,55,151,151,137,157,157,174,11,44,44,44],"floor_reached":25,"playtime":1217,"items_purged":[],"score":240,"play_id":"d3ea56a3-533b-4dfb-be49-de536e3a7514","local_time":"20181106130336","is_ascension_mode":true,"campfire_choices":[{"data":"Heavy Blade","floor":7,"key":"SMITH"},{"data":"True Grit","floor":12,"key":"SMITH"},{"data":"Body Slam","floor":15,"key":"SMITH"},{"data":"Limit Break","floor":24,"key":"SMITH"}],"neow_cost":"PERCENT_DAMAGE","seed_source_timestamp":871610292459416,"circlet_count":0,"master_deck":["Strike_R","Strike_R","Strike_R","Strike_R","Strike_R","Defend_R","Defend_R","Defend_R","Defend_R","Bash","Armaments","Doubt","Heavy Blade+1","Burning Pact","Shockwave","Shrug It Off","True Grit+1","Body Slam+1","Body Slam","Double Tap","Injury","Doubt","Pain","Sword Boomerang","Anger","Sword Boomerang","Limit Break+1","Dark Embrace"],"relics":["Burning Blood","Magic Flower","Du-Vu Doll","Champion Belt","Meat on the Bone","Sundial","Calling Bell","Lantern","Pantograph","Nunchaku","Question Card"],"potions_floor_usage":[11,16,16,23],"damage_taken":[{"damage":2,"enemies":"2 Louse","floor":1,"turns":3},{"damage":0,"enemies":"Small Slimes","floor":5,"turns":3},{"damage":52,"enemies":"Gremlin Nob","floor":6,"turns":6},{"damage":1,"enemies":"Jaw Worm","floor":10,"turns":3},{"damage":1,"enemies":"Exordium Thugs","floor":11,"turns":5},{"damage":28,"enemies":"3 Sentries","floor":14,"turns":16},{"damage":6,"enemies":"Hexaghost","floor":16,"turns":13},{"damage":18,"enemies":"2 Thieves","floor":18,"turns":4},{"damage":0,"enemies":"3 Byrds","floor":19,"turns":4},{"damage":27,"enemies":"3 Cultists","floor":21,"turns":7},{"damage":48,"enemies":"Book of Stabbing","floor":23,"turns":6},{"damage":34,"enemies":"Gremlin Leader","floor":25,"turns":7}],"seed_played":"5008850656638322158","potions_obtained":[{"floor":6,"key":"FearPotion"},{"floor":10,"key":"PowerPotion"},{"floor":14,"key":"PowerPotion"},{"floor":18,"key":"SneckoOil"}],"is_trial":false,"path_per_floor":["M","?","?","$","M","E","R","$","T","M","M","R","?","E","R","B",null,"M","M","?","M","$","E","R","E"],"character_chosen":"IRONCLAD","items_purchased":["Du-Vu Doll","Heavy Blade","Shrug It Off","Limit Break"],"campfire_rested":0,"item_purchase_floors":[4,4,8,22],"current_hp_per_floor":[63,52,52,52,61,18,18,18,18,44,52,52,52,51,51,54,80,71,80,80,62,62,41,41,7],"gold":44,"neow_bonus":"ONE_RARE_RELIC","is_prod":false,"is_daily":false,"chose_seed":false,"campfire_upgraded":4,"win_rate":0,"timestamp":1541534616,"path_taken":["M","?","?","$","M","E","R","$","T","M","M","R","?","E","R","BOSS","M","M","?","M","?","E","R","E"],"build_version":"2018-11-05","purchased_purges":0,"victory":false,"max_hp_per_floor":[80,80,80,80,80,80,80,80,80,80,80,80,80,80,80,80,80,80,80,80,80,80,80,80,80],"card_choices":[{"not_picked":["Warcry","Wild Strike"],"picked":"Armaments","floor":1},{"not_picked":["Rage","Wild Strike"],"picked":"Burning Pact","floor":5},{"not_picked":["Second Wind","Corruption"],"picked":"Shockwave","floor":6},{"not_picked":["Fire Breathing","Blood for Blood"],"picked":"True Grit","floor":10},{"not_picked":["Cleave","Warcry"],"picked":"Body Slam","floor":11},{"not_picked":["Sever Soul","Corruption"],"picked":"Body Slam","floor":14},{"not_picked":["Brutality","Berserk"],"picked":"Double Tap","floor":16},{"not_picked":["Sever Soul","Heavy Blade"],"picked":"Sword Boomerang","floor":18},{"not_picked":["Heavy Blade","Sword Boomerang+1"],"picked":"Anger","floor":19},{"not_picked":["Evolve+1","Pommel Strike"],"picked":"Sword Boomerang","floor":21},{"not_picked":["Warcry","Rampage"],"picked":"Dark Embrace","floor":23}],"player_experience":1117892,"relics_obtained":[{"floor":6,"key":"Champion Belt"},{"floor":9,"key":"Meat on the Bone"},{"floor":14,"key":"Sundial"},{"floor":17,"key":"Lantern"},{"floor":17,"key":"Pantograph"},{"floor":17,"key":"Nunchaku"},{"floor":23,"key":"Question Card"}],"event_choices":[{"damage_healed":0,"gold_gain":75,"player_choice":"Gather Gold","damage_taken":11,"max_hp_gain":0,"max_hp_loss":0,"event_name":"World of Goop","floor":2,"gold_loss":0},{"damage_healed":0,"gold_gain":175,"player_choice":"AGREE","damage_taken":0,"max_hp_gain":0,"max_hp_loss":0,"event_name":"Liars Game","floor":3,"gold_loss":0,"cards_obtained":["Doubt"]},{"damage_healed":0,"gold_gain":0,"player_choice":"Leave","damage_taken":0,"max_hp_gain":0,"max_hp_loss":0,"event_name":"The Cleric","floor":13,"gold_loss":0},{"damage_healed":0,"gold_gain":0,"player_choice":"Ignored","damage_taken":0,"max_hp_gain":0,"max_hp_loss":0,"event_name":"Fountain of Cleansing","floor":20,"gold_loss":0}],"is_beta":true,"boss_relics":[{"not_picked":["Tiny House","Sozu"],"picked":"Calling Bell"}],"items_purged_floors":[],"is_endless":false,"potions_floor_spawned":[6,10,14,18],"killed_by":"Gremlin Leader","ascension_level":1}