{"gold_per_floor":[110,123,136,156,106,139,139,170,196,231,249,249,324,27,27,128,128,138,138,148,176,193,193,53,73,73,85,127,139,151],"floor_reached":30,"playtime":1455,"items_purged":[],"score":454,"play_id":"f873757e-6806-4720-9197-62e55de77aad","local_time":"20190213144626","is_ascension_mode":true,"campfire_choices":[{"floor":7,"key":"REST"},{"data":"Sunder","floor":12,"key":"SMITH"},{"data":"Go for the Eyes","floor":15,"key":"SMITH"},{"floor":23,"key":"REST"}],"neow_cost":"NONE","seed_source_timestamp":792643947375330,"circlet_count":0,"master_deck":["AscendersBane","Strike_B","Defend_B","Defend_B","Defend_B","Defend_B","Zap+1","Dualcast","Cold Snap","Go for the Eyes+1","Rebound","Sweeping Beam","Rip and Tear","Sunder+1","Finesse","Electrodynamics","Streamline","Leap","BootSequence","Leap","Fission","Machine Learning","Double Energy"],"relics":["Cracked Core","Matryoshka","Oddly Smooth Stone","Anchor","Strawberry","StoneCalendar","Lee\u0027s Waffle","Empty Cage","Red Mask","MawBank","Frozen Egg 2","Boot"],"potions_floor_usage":[8,8,18,21,21,25,30],"damage_taken":[{"damage":1,"enemies":"Cultist","floor":1,"turns":3},{"damage":2,"enemies":"Jaw Worm","floor":2,"turns":3},{"damage":2,"enemies":"Small Slimes","floor":3,"turns":4},{"damage":0,"enemies":"Exordium Thugs","floor":4,"turns":5},{"damage":34,"enemies":"Lagavulin","floor":6,"turns":6},{"damage":20,"enemies":"3 Sentries","floor":8,"turns":6},{"damage":19,"enemies":"Lagavulin","floor":10,"turns":5},{"damage":0,"enemies":"Large Slime","floor":11,"turns":3},{"damage":46,"enemies":"The Guardian","floor":16,"turns":8},{"damage":2,"enemies":"Chosen","floor":18,"turns":5},{"damage":5,"enemies":"3 Byrds","floor":20,"turns":3},{"damage":27,"enemies":"Masked Bandits","floor":21,"turns":4},{"damage":0,"enemies":"Centurion and Healer","floor":22,"turns":5},{"damage":25,"enemies":"Snake Plant","floor":25,"turns":7},{"damage":65,"enemies":"Book of Stabbing","floor":28,"turns":7},{"damage":52,"enemies":"Gremlin Leader","floor":30,"turns":7}],"seed_played":"-1248416967123385474","potions_obtained":[{"floor":1,"key":"EssenceOfSteel"},{"floor":4,"key":"SteroidPotion"},{"floor":8,"key":"GamblersBrew"},{"floor":11,"key":"SmokeBomb"},{"floor":16,"key":"Regen Potion"},{"floor":18,"key":"EssenceOfSteel"},{"floor":22,"key":"Regen Potion"},{"floor":28,"key":"Weak Potion"}],"is_trial":false,"path_per_floor":["M","M","M","M","?","E","R","E","T","E","M","R","?","$","R","B",null,"M","?","M","?","M","R","$","M","T","?","E","?","E"],"character_chosen":"DEFECT","items_purchased":["Lee\u0027s Waffle","Finesse","Fission"],"campfire_rested":2,"item_purchase_floors":[14,14,24],"current_hp_per_floor":[74,72,70,70,70,36,60,40,47,28,28,28,17,96,96,50,85,83,83,78,63,63,91,91,78,78,78,13,45,0],"gold":151,"neow_bonus":"TEN_PERCENT_HP_BONUS","is_prod":false,"is_daily":false,"chose_seed":false,"campfire_upgraded":2,"win_rate":0,"timestamp":1550047586,"path_taken":["M","M","M","?","?","E","R","E","T","E","M","R","?","$","R","BOSS","M","?","?","?","M","R","?","M","T","?","E","?","E"],"build_version":"2019-01-23","purchased_purges":0,"victory":false,"max_hp_per_floor":[82,82,82,82,82,82,82,82,89,89,89,89,89,96,96,96,96,96,96,96,96,96,96,96,96,96,96,96,96,96],"card_choices":[{"not_picked":["Hello World","Chaos","Turbo"],"picked":"SKIP","floor":1},{"not_picked":["Hologram","Redo"],"picked":"Cold Snap","floor":2},{"not_picked":["Gash","Conserve Battery"],"picked":"Go for the Eyes","floor":3},{"not_picked":["Rip and Tear","Coolheaded"],"picked":"Rebound","floor":4},{"not_picked":["Amplify","Conserve Battery"],"picked":"Sweeping Beam","floor":6},{"not_picked":["Hello World","Sweeping Beam"],"picked":"Rip and Tear","floor":8},{"not_picked":["Turbo","Redo","Heatsinks"],"picked":"SKIP","floor":10},{"not_picked":["Stack","Turbo"],"picked":"Sunder","floor":11},{"not_picked":["Core Surge","All For One"],"picked":"Electrodynamics","floor":16},{"not_picked":["Stack","Compile Driver"],"picked":"Streamline","floor":18},{"not_picked":["Go for the Eyes","Redo"],"picked":"Leap","floor":20},{"not_picked":["Redo","Reprogram"],"picked":"BootSequence","floor":21},{"not_picked":["Stack","Turbo+1"],"picked":"Leap","floor":22},{"not_picked":["Self Repair","Go for the Eyes"],"picked":"Machine Learning","floor":25},{"not_picked":["Meteor Strike","Streamline"],"picked":"Double Energy","floor":28}],"player_experience":799116,"relics_obtained":[{"floor":6,"key":"Matryoshka"},{"floor":8,"key":"Oddly Smooth Stone"},{"floor":9,"key":"Anchor"},{"floor":9,"key":"Strawberry"},{"floor":10,"key":"StoneCalendar"},{"floor":21,"key":"Red Mask"},{"floor":26,"key":"MawBank"},{"floor":26,"key":"Frozen Egg 2"},{"floor":28,"key":"Boot"}],"event_choices":[{"cards_removed":["Strike_B"],"damage_healed":0,"gold_gain":0,"player_choice":"Card Removal","damage_taken":0,"max_hp_gain":0,"max_hp_loss":0,"event_name":"The Cleric","floor":5,"gold_loss":50},{"damage_healed":0,"gold_gain":75,"player_choice":"Gather Gold","damage_taken":11,"max_hp_gain":0,"max_hp_loss":0,"event_name":"World of Goop","floor":13,"gold_loss":0},{"damage_healed":0,"gold_gain":0,"player_choice":"Upgraded","damage_taken":0,"max_hp_gain":0,"max_hp_loss":0,"event_name":"Upgrade Shrine","floor":19,"gold_loss":0,"cards_upgraded":["Zap"]},{"damage_healed":0,"gold_gain":0,"player_choice":"Fought Bandits","damage_taken":0,"max_hp_gain":0,"max_hp_loss":0,"event_name":"Masked Bandits","floor":21,"gold_loss":0},{"damage_healed":0,"gold_gain":0,"player_choice":"Ignored","damage_taken":0,"max_hp_gain":0,"max_hp_loss":0,"event_name":"Ghosts","floor":27,"gold_loss":0},{"damage_healed":32,"gold_gain":0,"player_choice":"Heal","damage_taken":0,"max_hp_gain":0,"max_hp_loss":0,"event_name":"The Library","floor":29,"gold_loss":0}],"is_beta":false,"boss_relics":[{"not_picked":["Fusion Hammer","Ectoplasm"],"picked":"Empty Cage"}],"items_purged_floors":[],"is_endless":false,"potions_floor_spawned":[1,4,8,11,16,18,22,28],"killed_by":"Gremlin Leader","ascension_level":12}