{"gold_per_floor":[118,118,118,145,157,169,195,242,326,366,378,415,437,465,477,561,573,570,132,132,0,16,16,33,33,60,60,76,86,86,100,100,176,176,186,198,6,6,6,38,38,73,73,88,104,104,116,141,141,141],"floor_reached":51,"playtime":3360,"items_purged":["Strike_G","Strike_G+1"],"score":1356,"play_id":"9861912d-ee3c-4c0d-8492-44e6048017c6","local_time":"20180730184434","is_ascension_mode":true,"campfire_choices":[{"data":"Neutralize","floor":6,"key":"SMITH"},{"data":"Survivor","floor":11,"key":"SMITH"},{"data":"Malaise","floor":15,"key":"SMITH"},{"data":"Blade Dance","floor":23,"key":"SMITH"},{"data":"Footwork","floor":25,"key":"SMITH"},{"data":"Night Terror","floor":27,"key":"SMITH"},{"floor":32,"key":"REST"},{"floor":41,"key":"REST"},{"floor":49,"key":"REST"}],"neow_cost":"NONE","seed_source_timestamp":461622872012950,"circlet_count":0,"master_deck":["Defend_G+1","Defend_G+1","Defend_G+1","Defend_G+1","Defend_G+1","Strike_G+1","Survivor+1","Neutralize+1","AscendersBane","Deflect","Flying Knee","Flying Knee","Expertise","Flying Knee","Malaise+1","Footwork+1","Flying Knee","Night Terror+1","Blade Dance+1","Blur","Flechettes","Dagger Spray","Slice","Dagger Throw","Cloak And Dagger","Predator","Adrenaline","Quick Slash","Backflip+1","Skewer+1","Backflip","Bullet Time","Outmaneuver+1","Endless Agony+1","Footwork","Flying Knee"],"relics":["Ring of the Serpent","MawBank","Bag of Preparation","Shuriken","Strawberry","Tingsha","Bottled Tornado","Centennial Puzzle","Fusion Hammer","Bottled Lightning","Oddly Smooth Stone","Ninja Scroll","Bottled Flame"],"potions_floor_usage":[4,8,14,24,33,36,40,50,50],"damage_taken":[{"damage":0,"enemies":"Jaw Worm","floor":1,"turns":6},{"damage":0,"enemies":"Small Slimes","floor":4,"turns":6},{"damage":0,"enemies":"2 Louse","floor":7,"turns":5},{"damage":13,"enemies":"3 Sentries","floor":8,"turns":10},{"damage":12,"enemies":"Gremlin Nob","floor":10,"turns":5},{"damage":5,"enemies":"3 Sentries","floor":12,"turns":9},{"damage":0,"enemies":"2 Fungi Beasts","floor":13,"turns":3},{"damage":1,"enemies":"Exordium Wildlife","floor":14,"turns":6},{"damage":7,"enemies":"Hexaghost","floor":16,"turns":13},{"damage":16,"enemies":"2 Thieves","floor":18,"turns":4},{"damage":8,"enemies":"Spheric Guardian","floor":22,"turns":4},{"damage":10,"enemies":"Snake Plant","floor":24,"turns":8},{"damage":5,"enemies":"Centurion and Healer","floor":28,"turns":7},{"damage":1,"enemies":"Sentry and Sphere","floor":29,"turns":4},{"damage":0,"enemies":"Snecko","floor":31,"turns":6},{"damage":36,"enemies":"Champ","floor":33,"turns":13},{"damage":0,"enemies":"Orb Walker","floor":35,"turns":3},{"damage":6,"enemies":"3 Darklings","floor":36,"turns":5},{"damage":50,"enemies":"Giant Head","floor":40,"turns":9},{"damage":7,"enemies":"2 Orb Walkers","floor":42,"turns":5},{"damage":0,"enemies":"4 Shapes","floor":44,"turns":9},{"damage":0,"enemies":"Sphere and 2 Shapes","floor":45,"turns":8},{"damage":0,"enemies":"3 Darklings","floor":47,"turns":5},{"damage":0,"enemies":"Giant Head","floor":48,"turns":6},{"damage":24,"enemies":"Time Eater","floor":50,"turns":13}],"seed_played":"6962026638075090349","potions_obtained":[{"floor":1,"key":"Regen Potion"},{"floor":4,"key":"EssenceOfSteel"},{"floor":12,"key":"Fire Potion"},{"floor":18,"key":"SteroidPotion"},{"floor":28,"key":"AttackPotion"},{"floor":33,"key":"FairyPotion"},{"floor":35,"key":"EssenceOfSteel"},{"floor":36,"key":"Weak Potion"},{"floor":44,"key":"Fire Potion"},{"floor":48,"key":"AttackPotion"}],"is_trial":false,"path_per_floor":["M","?","?","M","$","R","M","E","T","E","R","E","M","M","R","B",null,"M","$","?","?","M","R","M","R","T","R","M","M","?","M","R","B",null,"M","M","$","?","$","E","R","E","T","M","M","?","M","E","R","B"],"character_chosen":"THE_SILENT","items_purchased":["Blur","Flechettes","Bottled Tornado","Skewer","Backflip"],"campfire_rested":3,"item_purchase_floors":[19,19,19,37,37],"current_hp_per_floor":[59,39,28,43,43,43,43,30,30,25,25,20,20,19,19,12,58,42,42,42,42,34,34,24,24,24,24,19,18,18,18,39,3,56,56,50,50,50,50,7,28,21,21,21,21,21,21,21,42,18],"gold":141,"neow_bonus":"REMOVE_CARD","is_prod":false,"is_daily":false,"chose_seed":false,"campfire_upgraded":6,"win_rate":0,"timestamp":1532997874,"path_taken":["M","?","?","?","$","R","M","E","T","E","R","E","M","M","R","BOSS","M","$","?","?","M","R","?","R","T","R","M","?","?","M","R","BOSS","M","M","$","?","?","E","R","E","T","M","M","?","M","E","R","BOSS"],"build_version":"2018-07-26","purchased_purges":2,"victory":true,"max_hp_per_floor":[66,66,66,66,66,66,66,66,66,73,73,73,73,73,73,73,73,73,73,73,73,73,73,73,73,73,73,73,73,73,73,73,73,73,73,73,73,73,73,73,73,73,73,73,73,73,73,73,73,73],"card_choices":[{"not_picked":["Underhanded Strike","Prepared"],"picked":"Deflect","floor":1},{"not_picked":["Backflip","Quick Slash"],"picked":"Flying Knee","floor":4},{"not_picked":["Prepared","Slice"],"picked":"Flying Knee","floor":7},{"not_picked":["Dagger Throw","Outmaneuver"],"picked":"Expertise","floor":8},{"not_picked":["Backflip","Deadly Poison"],"picked":"Flying Knee","floor":10},{"not_picked":["Backflip","Bouncing Flask"],"picked":"Malaise","floor":12},{"not_picked":["Dagger Throw","Backflip"],"picked":"Footwork","floor":13},{"not_picked":["Deadly Poison","Concentrate"],"picked":"Flying Knee","floor":14},{"not_picked":["Phantasmal Killer","Venomology"],"picked":"Night Terror","floor":16},{"not_picked":["Outmaneuver","Deadly Poison+1"],"picked":"Blade Dance","floor":18},{"not_picked":["Acrobatics","Predator"],"picked":"Dagger Spray","floor":22},{"not_picked":["Poisoned Stab","Crippling Poison"],"picked":"Slice","floor":24},{"not_picked":["Prepared","Unload"],"picked":"Dagger Throw","floor":28},{"not_picked":["Sucker Punch","PiercingWail"],"picked":"Cloak And Dagger","floor":29},{"not_picked":["Prepared","Acrobatics"],"picked":"Predator","floor":31},{"not_picked":["Venomology","Phantasmal Killer"],"picked":"Adrenaline","floor":33},{"not_picked":["Deadly Poison","Masterful Stab"],"picked":"Quick Slash","floor":35},{"not_picked":["Reflex+1","Flying Knee+1"],"picked":"Backflip+1","floor":36},{"not_picked":["Footwork","Calculated Gamble"],"picked":"Bullet Time","floor":40},{"not_picked":["Sucker Punch","Acrobatics+1"],"picked":"Outmaneuver+1","floor":42},{"not_picked":["Poisoned Stab+1","Bane","Dodge and Roll"],"picked":"SKIP","floor":44},{"not_picked":["Bane","Backstab+1"],"picked":"Endless Agony+1","floor":45},{"not_picked":["Tactician","Dagger Spray"],"picked":"Footwork","floor":47},{"not_picked":["Prepared","Sucker Punch"],"picked":"Flying Knee","floor":48}],"player_experience":878167,"relics_obtained":[{"floor":8,"key":"Bag of Preparation"},{"floor":9,"key":"Shuriken"},{"floor":10,"key":"Strawberry"},{"floor":12,"key":"Tingsha"},{"floor":26,"key":"Centennial Puzzle"},{"floor":40,"key":"Bottled Lightning"},{"floor":42,"key":"Oddly Smooth Stone"},{"floor":43,"key":"Ninja Scroll"},{"floor":48,"key":"Bottled Flame"}],"event_choices":[{"event_name":"Shining Light","player_choice":"Entered Light","floor":2,"damage_taken":0},{"event_name":"Scrap Ooze","player_choice":"success","floor":3,"damage_taken":11},{"event_name":"Back to Basics","player_choice":"Simplicity","floor":20,"damage_taken":0},{"event_name":"Masked Bandits","player_choice":"Paid Bandits 132 gold","floor":21,"damage_taken":0},{"event_name":"The Mausoleum","player_choice":"No","floor":30,"damage_taken":0},{"event_name":"Purifier","player_choice":"One Purge","floor":38,"damage_taken":0},{"event_name":"Upgrade Shrine","player_choice":"Upgraded","floor":46,"damage_taken":0}],"is_beta":true,"boss_relics":[{"not_picked":["Pandora\u0027s Box","White Beast Statue"],"picked":"Ring of the Serpent"},{"not_picked":["Eternal Feather","Lizard Tail"],"picked":"Fusion Hammer"}],"items_purged_floors":[19,37],"is_endless":false,"potions_floor_spawned":[1,4,12,18,28,33,35,36,44,48],"ascension_level":15}