{"gold_per_floor":[19,19,38,55,74,74,98,98,98,123,143,68,86,100,100,177,177,188,206,256,272,283,283,316,316,316,336,336,346,357,377,377,450,450,467,94,94,113,132,132,167,167,167,179,191,14,32,32,32,32],"floor_reached":51,"playtime":1929,"items_purged":["Strike_B","Double Energy","Rip and Tear"],"score":1252,"play_id":"18f67fc3-5635-4f00-9cc9-feb4915a2193","local_time":"20180721140946","is_ascension_mode":true,"campfire_choices":[{"data":"Zap","floor":6,"key":"SMITH"},{"data":"Sunder","floor":8,"key":"SMITH"},{"data":"Creative AI","floor":15,"key":"SMITH"},{"data":"Storm","floor":23,"key":"SMITH"},{"data":"Storm","floor":25,"key":"SMITH"},{"data":"Biased Cognition","floor":32,"key":"SMITH"},{"data":"Heatsinks","floor":40,"key":"SMITH"},{"data":"Defragment","floor":42,"key":"SMITH"},{"floor":49,"key":"DIG"}],"neow_cost":"NO_GOLD","seed_source_timestamp":915721256491355,"circlet_count":0,"master_deck":["Zap+1","Dualcast+1","AscendersBane","Sunder+1","Ball Lightning+1","Self Repair+1","Conserve Battery+1","Creative AI+1","Cold Snap+1","Electrodynamics+1","Heatsinks+1","Biased Cognition+1","Leap+1","Reinforced Body+1","Storm+1","Compile Driver+1","Storm+1","Undo+1","BootSequence+1","Echo Form+1","Ball Lightning+1","Conserve Battery+1","Steam+1","Hologram+1","Melter+1","Conserve Battery+1","Self Repair+1","Coolheaded+1","Static Discharge+1","Defragment+1","Defragment+1","Static Discharge+1"],"relics":["Cracked Core","Shovel","Dream Catcher","Peace Pipe","Anchor","Velvet Choker","Red Mask","Darkstone Periapt","Pandora\u0027s Box","Art of War","Oddly Smooth Stone","Nunchaku","Mark of the Bloom","Pear"],"potions_floor_usage":[10,11,16,29,29,33,35,38,41,50,50],"damage_taken":[{"damage":0,"enemies":"Small Slimes","floor":1,"turns":3},{"damage":0,"enemies":"Cultist","floor":3,"turns":3},{"damage":7,"enemies":"Jaw Worm","floor":4,"turns":2},{"damage":12,"enemies":"Looter","floor":5,"turns":3},{"damage":21,"enemies":"Gremlin Nob","floor":10,"turns":4},{"damage":6,"enemies":"Exordium Thugs","floor":11,"turns":3},{"damage":16,"enemies":"Exordium Wildlife","floor":13,"turns":3},{"damage":1,"enemies":"Looter","floor":14,"turns":2},{"damage":0,"enemies":"Slime Boss","floor":16,"turns":9},{"damage":0,"enemies":"Chosen","floor":18,"turns":4},{"damage":6,"enemies":"Spheric Guardian","floor":19,"turns":3},{"damage":2,"enemies":"3 Cultists","floor":21,"turns":3},{"damage":1,"enemies":"Centurion and Healer","floor":22,"turns":6},{"damage":36,"floor":24,"turns":4},{"damage":7,"enemies":"Slaver and Parasite","floor":27,"turns":3},{"damage":0,"enemies":"Snake Plant","floor":29,"turns":3},{"damage":9,"enemies":"Centurion and Healer","floor":30,"turns":4},{"damage":4,"enemies":"Chosen and Byrds","floor":31,"turns":3},{"damage":41,"enemies":"Collector","floor":33,"turns":7},{"damage":22,"enemies":"Orb Walker","floor":35,"turns":4},{"damage":1,"enemies":"3 Shapes","floor":38,"turns":4},{"damage":0,"enemies":"Transient","floor":39,"turns":5},{"damage":17,"enemies":"2 Orb Walkers","floor":41,"turns":3},{"damage":0,"enemies":"Sphere and 2 Shapes","floor":44,"turns":3},{"damage":7,"enemies":"4 Shapes","floor":45,"turns":3},{"damage":21,"enemies":"Maw","floor":47,"turns":4},{"damage":29,"enemies":"Awakened One","floor":50,"turns":8}],"seed_played":"8391648224221038205","potions_obtained":[{"floor":1,"key":"Swift Potion"},{"floor":2,"key":"Weak Potion"},{"floor":14,"key":"SneckoOil"},{"floor":22,"key":"SteroidPotion"},{"floor":24,"key":"SpeedPotion"},{"floor":27,"key":"Weak Potion"},{"floor":29,"key":"Dexterity Potion"},{"floor":33,"key":"SkillPotion"},{"floor":39,"key":"AttackPotion"},{"floor":45,"key":"Dexterity Potion"}],"is_trial":false,"path_per_floor":["M","?","M","M","M","R","T","R","T","E","M","$","M","M","R","B",null,"M","M","?","M","M","R","?","R","T","M","?","M","M","M","R","B",null,"M","$","?","M","M","R","E","R","T","M","M","$","M","?","R","B"],"character_chosen":"DEFECT","items_purchased":["Art of War","Self Repair","Energy Potion","Weak Potion"],"campfire_rested":0,"item_purchase_floors":[36,36,36,46],"current_hp_per_floor":[64,64,64,57,52,52,52,52,52,38,39,39,30,29,29,36,62,69,70,70,71,71,71,42,42,42,42,56,56,54,57,57,23,59,44,44,44,64,71,71,61,61,61,68,61,61,54,54,54,25],"gold":32,"neow_bonus":"ONE_RARE_RELIC","is_prod":false,"is_daily":false,"chose_seed":false,"campfire_upgraded":8,"win_rate":0,"timestamp":1532203786,"path_taken":["M","?","M","M","M","R","?","R","T","E","M","$","M","M","R","BOSS","M","M","?","M","M","R","?","R","T","M","?","M","M","M","R","BOSS","M","$","?","?","M","R","E","R","T","?","M","?","M","?","R","BOSS"],"build_version":"2018-07-19","purchased_purges":3,"victory":true,"max_hp_per_floor":[71,71,71,71,71,71,71,71,71,71,71,71,71,71,71,71,71,71,71,71,71,71,71,71,71,71,71,71,71,71,71,71,71,71,71,71,71,71,71,71,71,71,71,71,71,71,71,71,81,81],"card_choices":[{"not_picked":["Hologram","Force Field"],"picked":"Sunder","floor":1},{"not_picked":["Reprogram","Rip and Tear"],"picked":"Ball Lightning","floor":3},{"not_picked":["Stack","Sunder"],"picked":"Self Repair","floor":4},{"not_picked":["Steam","Barrage"],"picked":"Conserve Battery","floor":5},{"not_picked":["Redo","Hologram"],"picked":"Creative AI","floor":10},{"not_picked":["Go for the Eyes","Scrape"],"picked":"Cold Snap","floor":11},{"not_picked":["Leap","Coolheaded"],"picked":"Electrodynamics","floor":13},{"not_picked":["Go for the Eyes","Coolheaded"],"picked":"Heatsinks","floor":14},{"not_picked":["Fission","Multi-Cast"],"picked":"Biased Cognition","floor":16},{"not_picked":["Recycle","Hologram"],"picked":"Leap","floor":18},{"not_picked":["Stack","Redo"],"picked":"Reinforced Body","floor":19},{"not_picked":["Barrage","Ball Lightning"],"picked":"Storm","floor":21},{"not_picked":["Coolheaded","Skim+1"],"picked":"Compile Driver","floor":22},{"not_picked":["Loop","Streamline"],"picked":"Storm","floor":24},{"not_picked":["Steam","Fusion","Reprogram"],"picked":"SKIP","floor":27},{"not_picked":["Steam Power","Blizzard","Sunder"],"picked":"SKIP","floor":29},{"not_picked":["Beam Cell","Turbo"],"picked":"Undo","floor":30},{"not_picked":["Ball Lightning","Rebound"],"picked":"BootSequence","floor":31},{"not_picked":["Biased Cognition","Buffer"],"picked":"Echo Form","floor":33},{"not_picked":["Leap","Gash"],"picked":"Conserve Battery","floor":35},{"not_picked":["Doom and Gloom+1","Reinforced Body"],"picked":"Coolheaded+1","floor":38},{"not_picked":["Fusion","Gash+1"],"picked":"Static Discharge+1","floor":39},{"not_picked":["White Noise","Barrage"],"picked":"Defragment","floor":41},{"not_picked":["Undo","Double Energy"],"picked":"Defragment","floor":44},{"not_picked":["Hello World","Genetic Algorithm","Gash"],"picked":"SKIP","floor":45},{"not_picked":["Turbo+1","Gash+1"],"picked":"Static Discharge","floor":47}],"player_experience":819789,"relics_obtained":[{"floor":7,"key":"Dream Catcher"},{"floor":9,"key":"Peace Pipe"},{"floor":10,"key":"Anchor"},{"floor":24,"key":"Red Mask"},{"floor":26,"key":"Darkstone Periapt"},{"floor":41,"key":"Oddly Smooth Stone"},{"floor":43,"key":"Nunchaku"},{"floor":49,"key":"Pear"}],"event_choices":[{"event_name":"The Lab","player_choice":"Got Potions","floor":2,"damage_taken":0},{"event_name":"The Joust","player_choice":"Bet on Murderer","floor":20,"damage_taken":0},{"event_name":"Masked Bandits","player_choice":"Fought over 283 gold","floor":24,"damage_taken":0},{"event_name":"The Library","player_choice":"Heal","floor":28,"damage_taken":0},{"event_name":"SensoryStone","player_choice":"Memory 1","floor":37,"damage_taken":0},{"event_name":"MindBloom","player_choice":"Upgrade","floor":48,"damage_taken":0}],"is_beta":true,"boss_relics":[{"not_picked":["White Beast Statue","Orrery"],"picked":"Velvet Choker"},{"not_picked":["Runic Pyramid","Nuclear Battery"],"picked":"Pandora\u0027s Box"}],"items_purged_floors":[12,36,46],"is_endless":false,"potions_floor_spawned":[1,14,22,24,27,29,33,39,45],"ascension_level":15}