{"gold_per_floor":[112,128,48,48,323,323,362,362,362,362],"floor_reached":10,"playtime":369,"items_purged":[],"score":70,"play_id":"1dc12a95-9c51-453c-802d-6a27f77c3ad9","local_time":"20190126021821","is_ascension_mode":true,"campfire_choices":[{"data":"Chill","floor":6,"key":"SMITH"},{"data":"Blizzard","floor":8,"key":"SMITH"}],"neow_cost":"NONE","seed_source_timestamp":216678585207291,"circlet_count":0,"master_deck":["Strike_B","Strike_B","Strike_B","Strike_B","Defend_B","Defend_B","Defend_B","Defend_B","Zap","Dualcast","Darkness","Chill+1","Blizzard+1","Regret","Machine Learning"],"relics":["Cracked Core","Golden Idol","Centennial Puzzle","PreservedInsect"],"potions_floor_usage":[10],"damage_taken":[{"damage":0,"enemies":"Small Slimes","floor":1,"turns":2},{"damage":18,"enemies":"Jaw Worm","floor":2,"turns":4},{"damage":30,"enemies":"3 Sentries","floor":7,"turns":9},{"damage":26,"enemies":"Gremlin Nob","floor":10,"turns":3}],"seed_played":"4198252545996558989","potions_obtained":[{"floor":1,"key":"Poison Potion"}],"is_trial":false,"path_per_floor":["M","M","$","?","?","R","E","R","T","E"],"character_chosen":"DEFECT","items_purchased":["Blizzard"],"campfire_rested":0,"item_purchase_floors":[3],"current_hp_per_floor":[82,64,64,44,44,44,14,14,14,0],"gold":362,"neow_bonus":"TEN_PERCENT_HP_BONUS","is_prod":false,"is_daily":false,"chose_seed":false,"campfire_upgraded":2,"win_rate":0,"timestamp":1548465501,"path_taken":["M","M","$","?","?","R","E","R","T","E"],"build_version":"2019-01-23","purchased_purges":0,"victory":false,"max_hp_per_floor":[82,82,82,82,82,82,82,82,82,82],"card_choices":[{"not_picked":["Turbo","Streamline"],"picked":"Darkness","floor":1},{"not_picked":["Melter","Beam Cell"],"picked":"Chill","floor":2},{"not_picked":["Steam Power","Sweeping Beam"],"picked":"Machine Learning","floor":7}],"player_experience":83875,"relics_obtained":[{"floor":7,"key":"Centennial Puzzle"},{"floor":9,"key":"PreservedInsect"}],"event_choices":[{"damage_healed":0,"gold_gain":0,"player_choice":"Take Damage","damage_taken":20,"relics_obtained":["Golden Idol"],"max_hp_gain":0,"max_hp_loss":0,"event_name":"Golden Idol","floor":4,"gold_loss":0},{"damage_healed":0,"gold_gain":275,"player_choice":"Desecrate","damage_taken":0,"max_hp_gain":0,"max_hp_loss":0,"event_name":"Golden Shrine","floor":5,"gold_loss":0,"cards_obtained":["Regret"]}],"is_beta":false,"boss_relics":[],"items_purged_floors":[],"is_endless":false,"potions_floor_spawned":[1],"killed_by":"Gremlin Nob","ascension_level":2}