{"gold_per_floor":[118,293,243,153,170,170,205,205,205,220,220,249,268,299,299,398,398,410,410,426,446,459,459,479,497,497,47,47,47,47,67,67,171,171,181,281,297,175,191,191,202,202,255,268,268,228,76,129,129,129],"floor_reached":51,"playtime":2957,"items_purged":["Strike_B","Strike_B"],"score":975,"play_id":"4d3b9d07-1918-4dee-b10b-bbbf76bb9ff4","local_time":"20190204112106","is_ascension_mode":true,"campfire_choices":[{"data":"Go for the Eyes","floor":6.0,"key":"SMITH"},{"data":"Zap","floor":8.0,"key":"SMITH"},{"data":"Beam Cell","floor":11,"key":"SMITH"},{"data":"Dualcast","floor":15,"key":"SMITH"},{"floor":23,"key":"REST"},{"floor":30,"key":"REST"},{"data":"Consume","floor":32,"key":"SMITH"},{"data":"Fission","floor":40,"key":"SMITH"},{"data":"Capacitor","floor":42,"key":"SMITH"},{"floor":45,"key":"REST"},{"floor":49,"key":"REST"}],"neow_cost":"NONE","seed_source_timestamp":389859317138971,"circlet_count":0,"master_deck":["Strike_B","Strike_B","Defend_B","Defend_B","Defend_B","Defend_B","Zap+1","Dualcast+1","Sweeping Beam","Sunder","Go for the Eyes+1","Ball Lightning","Beam Cell+1","Chill","Capacitor+1","Doom and Gloom","Stack","Seek+1","Turbo","Conserve Battery","Cold Snap+1","Glacier","Barrage+1","Conserve Battery+1","Electrodynamics","Consume+1","Compile Driver","Fission+1","Conserve Battery","Stack","Cold Snap+1","Rebound+1","Regret","Double Energy+1","Cold Snap","Redo+1"],"special_seed":0,"relics":["Cracked Core","Lantern","Dead Branch","Pear","Calipers","Philosopher\u0027s Stone","FaceOfCleric","Bottled Flame","Pantograph","Ancient Tea Set","Cursed Key","Oddly Smooth Stone","Pocketwatch"],"potions_floor_usage":[18,44,50],"damage_taken":[{"damage":2.0,"enemies":"Small Slimes","floor":1.0,"turns":3.0},{"damage":0.0,"enemies":"2 Louse","floor":5.0,"turns":1.0},{"damage":17.0,"enemies":"Gremlin Nob","floor":7.0,"turns":4.0},{"damage":0,"enemies":"Cultist","floor":10,"turns":2},{"damage":0,"enemies":"3 Sentries","floor":12,"turns":5},{"damage":9,"enemies":"Looter","floor":13,"turns":3},{"damage":6,"enemies":"Gremlin Nob","floor":14,"turns":3},{"damage":39,"enemies":"Hexaghost","floor":16,"turns":11},{"damage":26,"enemies":"Shell Parasite","floor":18,"turns":5},{"damage":27,"enemies":"3 Byrds","floor":20,"turns":5},{"damage":0,"enemies":"Centurion and Healer","floor":21,"turns":7},{"damage":0,"enemies":"Cultist and Chosen","floor":22,"turns":4},{"damage":0,"enemies":"Snecko","floor":24,"turns":3},{"damage":33,"enemies":"Shelled Parasite and Fungi","floor":25,"turns":5},{"damage":0,"enemies":"3 Cultists","floor":31,"turns":3},{"damage":28,"enemies":"Champ","floor":33,"turns":16},{"damage":2,"enemies":"Orb Walker","floor":35,"turns":3},{"damage":4,"enemies":"3 Shapes","floor":37,"turns":4},{"damage":3,"enemies":"Maw","floor":39,"turns":7},{"damage":16,"enemies":"Jaw Worm Horde","floor":41,"turns":3},{"damage":39,"enemies":"Writhing Mass","floor":44,"turns":9},{"damage":22,"enemies":"2 Orb Walkers","floor":48,"turns":2},{"damage":68,"enemies":"Awakened One","floor":50,"turns":28}],"seed_played":"6683306899239515532","potions_obtained":[{"floor":0.0,"key":"SneckoOil"},{"floor":0.0,"key":"Strength Potion"},{"floor":0.0,"key":"FearPotion"},{"floor":12,"key":"Ancient Potion"},{"floor":21,"key":"Energy Potion"},{"floor":39,"key":"Weak Potion"},{"floor":44,"key":"EssenceOfSteel"}],"is_trial":false,"path_per_floor":["M","?","?","$","M","R","E","R","T","M","R","E","M","E","R","B",null,"M","?","M","M","M","R","M","M","T","$","?","?","R","M","R","B",null,"M","?","M","$","M","R","M","R","T","M","R","?","$","?","R","B",null],"character_chosen":"DEFECT","items_purchased":["Sunder","Go for the Eyes","Pantograph","Electrodynamics","Consume","Stack","Cold Snap"],"campfire_rested":4,"item_purchase_floors":[4,4,27,27,27,38,47],"current_hp_per_floor":[66,66,66,66,66,66,49,49,49,49,49,59,50,44,44,5,65,39,39,13,14,15,41,42,10,10,10,10,10,37,38,38,36,78,77,77,74,74,72,72,57,57,57,19,48,48,48,27,56,14],"gold":129,"neow_bonus":"THREE_SMALL_POTIONS","is_prod":false,"is_daily":false,"chose_seed":false,"campfire_upgraded":7,"win_rate":0,"timestamp":1549286466,"path_taken":["M","?","?","$","M","R","E","R","T","M","R","E","M","E","R","BOSS","M","?","M","M","M","R","M","M","T","?","?","?","R","M","R","BOSS","M","?","M","$","?","R","M","R","T","M","R","?","?","?","R","BOSS"],"build_version":"2019-01-23","purchased_purges":2,"victory":true,"max_hp_per_floor":[75,75,75,75,75,75,75,75,75,75,75,85,85,85,85,85,85,85,85,86,87,88,88,89,90,90,90,90,90,90,91,91,92,92,93,93,94,94,95,95,96,96,96,97,97,97,97,98,98,99],"card_choices":[{"not_picked":["Leap","Turbo"],"picked":"Sweeping Beam","floor":1.0},{"not_picked":["Rebound","Recycle"],"picked":"Ball Lightning","floor":5.0},{"not_picked":["Steam Power","Barrage"],"picked":"Beam Cell","floor":7.0},{"not_picked":["Ball Lightning","Beam Cell"],"picked":"Chill","floor":10},{"not_picked":["Darkness","Rainbow"],"picked":"Capacitor","floor":12},{"not_picked":["Turbo","Fusion"],"picked":"Doom and Gloom","floor":13},{"not_picked":["Rebound","Gash"],"picked":"Stack","floor":14},{"not_picked":["Meteor Strike","Hyperbeam"],"picked":"Seek","floor":16},{"not_picked":["Beam Cell","Hello World"],"picked":"Turbo","floor":18},{"not_picked":["Tempest","Darkness"],"picked":"Conserve Battery","floor":20},{"not_picked":["Beam Cell","Hologram"],"picked":"Cold Snap+1","floor":21},{"not_picked":["Double Energy","Redo+1"],"picked":"Glacier","floor":22},{"not_picked":["Melter","Genetic Algorithm"],"picked":"Barrage+1","floor":24},{"not_picked":["Gash","Auto Shields+1"],"picked":"Conserve Battery+1","floor":25},{"not_picked":["Streamline","Steam Power+1"],"picked":"Compile Driver","floor":31},{"not_picked":["Seek","Meteor Strike"],"picked":"Fission","floor":33},{"not_picked":["Compile Driver+1","Tempest","Melter+1"],"picked":"SKIP","floor":35},{"not_picked":["Coolheaded","Ball Lightning+1"],"picked":"Conserve Battery","floor":37},{"not_picked":["Lockon","Compile Driver+1"],"picked":"Cold Snap+1","floor":39},{"not_picked":["Rip and Tear+1","Compile Driver"],"picked":"Rebound+1","floor":41},{"not_picked":["Heatsinks","Storm"],"picked":"Double Energy+1","floor":44},{"not_picked":["Genetic Algorithm+1","Sunder+1"],"picked":"Redo+1","floor":48}],"player_experience":299924,"relics_obtained":[{"floor":7.0,"key":"Lantern"},{"floor":9.0,"key":"Dead Branch"},{"floor":12,"key":"Pear"},{"floor":14,"key":"Calipers"},{"floor":26,"key":"Bottled Flame"},{"floor":43,"key":"Oddly Smooth Stone"},{"floor":48,"key":"Pocketwatch"}],"event_choices":[{"damage_healed":0.0,"max_hp_gain":0.0,"max_hp_loss":0.0,"gold_gain":175.0,"event_name":"Liars Game","player_choice":"AGREE","floor":2.0,"gold_loss":0.0,"damage_taken":0.0,"cards_obtained":["Doubt"]},{"cards_removed":["Doubt"],"damage_healed":0.0,"max_hp_gain":0.0,"max_hp_loss":0.0,"gold_gain":0.0,"event_name":"The Cleric","player_choice":"Card Removal","floor":3.0,"gold_loss":50.0,"damage_taken":0.0},{"damage_healed":0,"gold_gain":0,"player_choice":"Trade","damage_taken":0,"relics_obtained":["FaceOfCleric"],"max_hp_gain":0,"max_hp_loss":0,"event_name":"FaceTrader","floor":19,"gold_loss":0},{"damage_healed":0,"gold_gain":0,"player_choice":"Opened","damage_taken":0,"relics_obtained":["Ancient Tea Set"],"max_hp_gain":0,"max_hp_loss":0,"event_name":"The Mausoleum","floor":28,"gold_loss":0},{"damage_healed":0,"gold_gain":0,"player_choice":"Ignored","damage_taken":0,"max_hp_gain":0,"max_hp_loss":0,"event_name":"Beggar","floor":29,"gold_loss":0},{"damage_healed":0,"gold_gain":100,"player_choice":"Pray","damage_taken":0,"max_hp_gain":0,"max_hp_loss":0,"event_name":"Golden Shrine","floor":36,"gold_loss":0},{"damage_healed":0,"gold_gain":0,"player_choice":"Upgrade","damage_taken":0,"max_hp_gain":0,"max_hp_loss":0,"event_name":"Designer","floor":46,"gold_loss":40,"cards_upgraded":["Seek"]},{"damage_healed":0,"gold_gain":0,"player_choice":"Fight","damage_taken":0,"max_hp_gain":0,"max_hp_loss":0,"event_name":"Mysterious Sphere","floor":48,"gold_loss":0}],"is_beta":false,"boss_relics":[{"not_picked":["Astrolabe","White Beast Statue"],"picked":"Philosopher\u0027s Stone"},{"not_picked":["Velvet Choker","Eternal Feather"],"picked":"Cursed Key"}],"items_purged_floors":[38,47],"is_endless":false,"potions_floor_spawned":[5,7,10,12,16,21,22,25,37,39,41,44],"ascension_level":7}