{"gold_per_floor":[110,89,103,118,118,158,158,12,58,28,52,73,73,73,73,198,198,222,235,160,160,160,160,180,219,219,239,254,254,24,43,43,43],"floor_reached":33,"playtime":1618,"items_purged":[],"score":367,"play_id":"7a2399e1-cc88-4120-8052-65c864e82edd","local_time":"20190212170253","is_ascension_mode":false,"campfire_choices":[{"data":"Bash","floor":7,"key":"SMITH"},{"data":"Flame Barrier","floor":15,"key":"SMITH"},{"data":"Clothesline","floor":23,"key":"SMITH"},{"data":"Corruption","floor":29,"key":"SMITH"},{"data":"Seeing Red","floor":32,"key":"SMITH"}],"neow_cost":"","seed_source_timestamp":0,"circlet_count":0,"master_deck":["Strike_R","Strike_R","Strike_R","Strike_R","Defend_R","Defend_R","Defend_R","Defend_R","Bash+1","Pommel Strike","Searing Blow+1","Seeing Red+1","Flame Barrier+1","Rage","Pummel","Clothesline+1","Corruption+1","Iron Wave+1","Sentinel","Shrug It Off"],"relics":["Burning Blood","Golden Idol","Lantern","Art of War","Vajra","Runic Pyramid","Molten Egg 2","Question Card","Boot"],"potions_floor_usage":[6,6,16,16,16,24,27,33],"damage_taken":[{"damage":3,"enemies":"Small Slimes","floor":1,"turns":3},{"damage":1,"enemies":"Jaw Worm","floor":3,"turns":3},{"damage":1,"enemies":"Cultist","floor":4,"turns":4},{"damage":24,"enemies":"Gremlin Nob","floor":6,"turns":4},{"damage":8,"enemies":"Red Slaver","floor":11,"turns":2},{"damage":1,"enemies":"Exordium Wildlife","floor":12,"turns":2},{"damage":24,"enemies":"Hexaghost","floor":16,"turns":9},{"damage":30,"enemies":"Shell Parasite","floor":18,"turns":4},{"damage":9,"enemies":"2 Thieves","floor":19,"turns":5},{"damage":0,"enemies":"3 Cultists","floor":24,"turns":4},{"damage":36,"enemies":"Book of Stabbing","floor":25,"turns":6},{"damage":0,"enemies":"Centurion and Healer","floor":27,"turns":7},{"damage":1,"enemies":"Snecko","floor":28,"turns":4},{"damage":10,"enemies":"3 Cultists","floor":31,"turns":7},{"damage":64,"enemies":"Champ","floor":33,"turns":19}],"seed_played":"1190994221677560343","potions_obtained":[{"floor":1,"key":"EntropicBrew"},{"floor":10,"key":"SteroidPotion"},{"floor":11,"key":"Weak Potion"},{"floor":12,"key":"AttackPotion"},{"floor":18,"key":"Explosive Potion"},{"floor":24,"key":"GamblersBrew"},{"floor":25,"key":"Block Potion"},{"floor":28,"key":"SteroidPotion"}],"is_trial":true,"path_per_floor":["M","?","M","M","?","E","R","$","T","?","M","M","$","?","R","B",null,"M","M","?","?","?","R","M","E","T","M","M","R","$","M","R","B"],"character_chosen":"IRONCLAD","items_purchased":["Art of War","Sentinel","Boot"],"campfire_rested":0,"item_purchase_floors":[8,30,30],"current_hp_per_floor":[80,80,80,80,60,42,42,42,42,42,40,45,45,45,45,27,80,56,53,53,53,80,80,80,50,50,56,61,61,61,57,57,0],"gold":43,"neow_bonus":"","is_prod":false,"is_daily":false,"chose_seed":false,"campfire_upgraded":5,"win_rate":0,"timestamp":1550008973,"path_taken":["M","?","M","M","?","E","R","$","T","?","?","M","?","?","R","BOSS","M","?","?","?","?","R","M","E","T","M","M","R","$","M","R","BOSS"],"build_version":"2019-01-23","purchased_purges":0,"victory":false,"max_hp_per_floor":[80,80,80,80,80,80,80,80,80,80,80,80,80,80,80,80,80,80,80,80,80,80,80,80,80,80,80,80,80,80,80,80,80],"card_choices":[{"not_picked":["Entrench","Twin Strike"],"picked":"Pommel Strike","floor":1},{"not_picked":["Corruption","Bloodletting","Heavy Blade"],"picked":"SKIP","floor":3},{"not_picked":["Dual Wield","Bloodletting"],"picked":"Searing Blow","floor":4},{"not_picked":["Twin Strike","Pommel Strike"],"picked":"Seeing Red","floor":6},{"not_picked":["Shrug It Off","Warcry"],"picked":"Flame Barrier","floor":11},{"not_picked":["Heavy Blade","Cleave","Brutality"],"picked":"SKIP","floor":12},{"not_picked":["Clash+1","Shockwave"],"picked":"Rage","floor":18},{"not_picked":["Headbutt","Body Slam"],"picked":"Pummel","floor":19},{"not_picked":["Flame Barrier","Clothesline","Wild Strike+1"],"picked":"SKIP","floor":24},{"not_picked":["Double Tap","Perfected Strike","Pommel Strike+1"],"picked":"SKIP","floor":25},{"not_picked":["Armaments+1","Havoc","Clothesline+1"],"picked":"Corruption","floor":27},{"not_picked":["Twin Strike+1","Sword Boomerang+1","Searing Blow+1"],"picked":"Iron Wave+1","floor":28},{"not_picked":["Fire Breathing+1","Thunderclap+1","Dual Wield+1"],"picked":"Shrug It Off","floor":31}],"player_experience":1209826,"relics_obtained":[{"floor":6,"key":"Lantern"},{"floor":9,"key":"Vajra"},{"floor":25,"key":"Molten Egg 2"},{"floor":26,"key":"Question Card"}],"event_choices":[{"damage_healed":0,"gold_gain":0,"player_choice":"Left Gold","damage_taken":0,"max_hp_gain":0,"max_hp_loss":0,"event_name":"World of Goop","floor":2,"gold_loss":21},{"damage_healed":0,"gold_gain":0,"player_choice":"Take Damage","damage_taken":20,"relics_obtained":["Golden Idol"],"max_hp_gain":0,"max_hp_loss":0,"event_name":"Golden Idol","floor":5,"gold_loss":0},{"damage_healed":0,"gold_gain":0,"player_choice":"Bought 2 Potions","damage_taken":0,"max_hp_gain":0,"max_hp_loss":0,"event_name":"The Woman in Blue","floor":10,"gold_loss":0},{"damage_healed":0,"gold_gain":0,"player_choice":"Upgraded","damage_taken":0,"max_hp_gain":0,"max_hp_loss":0,"event_name":"Upgrade Shrine","floor":14,"gold_loss":0,"cards_upgraded":["Searing Blow"]},{"cards_removed":["Strike_R"],"damage_healed":0,"gold_gain":0,"player_choice":"Gave Gold","damage_taken":0,"max_hp_gain":0,"max_hp_loss":0,"event_name":"Beggar","floor":20,"gold_loss":75},{"damage_healed":0,"gold_gain":0,"player_choice":"Read","damage_taken":0,"max_hp_gain":0,"max_hp_loss":0,"event_name":"The Library","floor":21,"gold_loss":0,"cards_obtained":["Clothesline"]},{"damage_healed":27,"gold_gain":0,"player_choice":"Full Heal","damage_taken":0,"max_hp_gain":0,"max_hp_loss":0,"event_name":"Wheel of Change","floor":22,"gold_loss":0}],"is_beta":false,"boss_relics":[{"not_picked":["Runic Dome","Philosopher\u0027s Stone"],"picked":"Runic Pyramid"}],"items_purged_floors":[],"is_endless":true,"potions_floor_spawned":[1,11,12,18,24,25,28],"killed_by":"Champ","ascension_level":0}