{"gold_per_floor":[110,110,127,146,165,165,165,165,192,227,227,258,274,288,288,391,391,406,390,400,400,23,23,36,36,87,87,99,111,111,36,36,136,136,150,202,39,39,39,39,74,88,134,134,161,192,192,204,204,204,204,204,23,54,54],"floor_reached":55,"playtime":2557,"items_purged":["Strike_B","Defend_B"],"score":966,"play_id":"35f140ca-e76d-4297-84f6-f4585e0bfa1d","local_time":"20181106160017","is_ascension_mode":true,"campfire_choices":[{"data":"Buffer","floor":6,"key":"SMITH"},{"data":"Zap","floor":8,"key":"SMITH"},{"data":"White Noise","floor":11,"key":"SMITH"},{"data":"Creative AI","floor":15,"key":"SMITH"},{"data":"Zap","floor":23,"key":"SMITH"},{"data":"Hologram","floor":27,"key":"SMITH"},{"floor":30,"key":"RECALL"},{"data":"Streamline","floor":32,"key":"SMITH"},{"data":"Consume","floor":40,"key":"SMITH"},{"data":"Amplify","floor":44,"key":"SMITH"},{"data":"Capacitor","floor":47,"key":"SMITH"},{"data":"Echo Form","floor":49,"key":"SMITH"},{"data":"Capacitor","floor":52,"key":"SMITH"}],"neow_cost":"NONE","seed_source_timestamp":880429784108388,"circlet_count":0,"master_deck":["Defend_B","Defend_B+1","Zap+1","Dualcast","Buffer+1","Capacitor+1","Chill","Sweeping Beam","White Noise+1","Hologram+1","Streamline+1","Creative AI+1","Amplify+1","Heatsinks","Undo","Zap+1","Defragment+1","Cold Snap","Echo Form+1","Consume+1","Capacitor+1","Cold Snap","Hologram+1","Undo+1"],"relics":["Cracked Core","Oddly Smooth Stone","Incense Burner","Busted Crown","FossilizedHelix","Lantern","Empty Cage","WingedGreaves","Pen Nib","Anchor","Pocketwatch","Toxic Egg 2","Ancient Tea Set"],"potions_floor_usage":[16,19,33,41,42,50,55],"damage_taken":[{"damage":0,"enemies":"Small Slimes","floor":1,"turns":2},{"damage":0,"enemies":"2 Louse","floor":3,"turns":2},{"damage":0,"enemies":"Cultist","floor":4,"turns":4},{"damage":0,"enemies":"3 Louse","floor":5,"turns":3},{"damage":0,"enemies":"Lagavulin","floor":10,"turns":6},{"damage":15,"enemies":"Gremlin Nob","floor":12,"turns":4},{"damage":0,"enemies":"2 Fungi Beasts","floor":13,"turns":2},{"damage":0,"enemies":"Large Slime","floor":14,"turns":4},{"damage":13,"enemies":"The Guardian","floor":16,"turns":11},{"damage":0,"enemies":"Chosen","floor":18,"turns":4},{"damage":10,"enemies":"2 Thieves","floor":19,"turns":4},{"damage":5,"enemies":"Shelled Parasite and Fungi","floor":20,"turns":6},{"damage":0,"enemies":"Snake Plant","floor":24,"turns":4},{"damage":0,"enemies":"Chosen and Byrds","floor":28,"turns":5},{"damage":0,"enemies":"3 Cultists","floor":29,"turns":5},{"damage":0,"enemies":"Collector","floor":33,"turns":7},{"damage":0,"enemies":"3 Shapes","floor":35,"turns":5},{"damage":25,"enemies":"2 Orb Walkers","floor":36,"turns":7},{"damage":0,"enemies":"Nemesis","floor":41,"turns":7},{"damage":0,"enemies":"3 Darklings","floor":42,"turns":7},{"damage":0,"enemies":"Reptomancer","floor":45,"turns":7},{"damage":0,"enemies":"Nemesis","floor":46,"turns":7},{"damage":0,"enemies":"Transient","floor":48,"turns":5},{"damage":29,"enemies":"Awakened One","floor":50,"turns":9},{"damage":0,"enemies":"Shield and Spear","floor":54,"turns":9},{"damage":71,"enemies":"The Heart","floor":55,"turns":8}],"seed_played":"7909034971413161930","potions_obtained":[{"floor":3,"key":"Dexterity Potion"},{"floor":4,"key":"SpeedPotion"},{"floor":13,"key":"EssenceOfSteel"},{"floor":18,"key":"Weak Potion"},{"floor":24,"key":"Explosive Potion"},{"floor":28,"key":"Block Potion"},{"floor":41,"key":"Energy Potion"},{"floor":42,"key":"Poison Potion"},{"floor":45,"key":"Weak Potion"}],"is_trial":false,"path_per_floor":["M","?","M","M","M","R","?","R","T","E","R","E","M","M","R","B",null,"M","M","M","?","$","R","M","$","T","R","M","M","R","?","R","B",null,"M","?","$","?","?","R","E","M","T","R","E","E","R","M","R","B",null,"R","$","E","B"],"character_chosen":"DEFECT","items_purchased":["FossilizedHelix","Consume","Capacitor","Cold Snap","Undo+1"],"campfire_rested":0,"item_purchase_floors":[22,37,37,37,53],"current_hp_per_floor":[75,60,60,60,60,60,53,53,53,53,53,38,38,38,38,25,75,75,65,60,60,60,60,60,60,60,60,60,60,60,60,60,60,75,75,50,50,50,50,50,50,50,50,50,50,50,50,50,50,21,71,71,71,71,0],"gold":54,"neow_bonus":"ONE_RANDOM_RARE_CARD","is_prod":false,"is_daily":false,"chose_seed":false,"campfire_upgraded":12,"win_rate":0,"timestamp":1541545217,"path_taken":["M","?","M","M","M","R","?","R","T","E","R","E","M","M","R","BOSS","M","M","M","?","$","R","?","$","T","R","M","M","R","?","R","BOSS","M","?","$","?","?","R","E","M","T","R","E","E","R","M","R","BOSS","R","$","E","BOSS"],"build_version":"2018-11-05","purchased_purges":2,"victory":false,"max_hp_per_floor":[75,75,75,75,75,75,75,75,75,75,75,75,75,75,75,75,75,75,75,75,75,75,75,75,75,75,75,75,75,75,75,75,75,75,75,75,75,75,71,71,71,71,71,71,71,71,71,71,71,71,71,71,71,71,71],"card_choices":[{"not_picked":["Compile Driver","Cold Snap"],"picked":"FTL","floor":1},{"not_picked":["Go for the Eyes","Gash"],"picked":"Capacitor","floor":3},{"not_picked":["Lockon","Aggregate"],"picked":"Chill","floor":4},{"not_picked":["Fusion","Turbo"],"picked":"Sweeping Beam","floor":5},{"not_picked":["Storm","Double Energy"],"picked":"White Noise","floor":10},{"not_picked":["Go for the Eyes","Scrape"],"picked":"Hologram","floor":12},{"not_picked":["Barrage","Hologram"],"picked":"Streamline","floor":13},{"not_picked":["Hologram","Rebound"],"picked":"Creative AI","floor":14},{"not_picked":["Core Surge","Reboot"],"picked":"Amplify","floor":16},{"not_picked":[],"picked":"Heatsinks","floor":18},{"not_picked":[],"picked":"Undo","floor":19},{"not_picked":["Chaos"],"picked":"SKIP","floor":20},{"not_picked":[],"picked":"Defragment+1","floor":24},{"not_picked":[],"picked":"Cold Snap","floor":28},{"not_picked":["Heatsinks"],"picked":"SKIP","floor":29},{"not_picked":[],"picked":"Echo Form","floor":33},{"not_picked":["Go for the Eyes"],"picked":"SKIP","floor":35},{"not_picked":[],"picked":"Hologram+1","floor":41},{"not_picked":["Machine Learning"],"picked":"SKIP","floor":42},{"not_picked":["Recycle"],"picked":"SKIP","floor":45},{"not_picked":["Turbo"],"picked":"SKIP","floor":46},{"not_picked":["Fusion+1"],"picked":"SKIP","floor":48},{"not_picked":["Barrage+1"],"picked":"SKIP","floor":54}],"player_experience":1121879,"relics_obtained":[{"floor":10,"key":"Oddly Smooth Stone"},{"floor":12,"key":"Incense Burner"},{"floor":26,"key":"Lantern"},{"floor":36,"key":"WingedGreaves"},{"floor":41,"key":"Pen Nib"},{"floor":43,"key":"Anchor"},{"floor":45,"key":"Pocketwatch"},{"floor":46,"key":"Toxic Egg 2"},{"floor":54,"key":"Ancient Tea Set"}],"event_choices":[{"damage_healed":0,"gold_gain":0,"player_choice":"Entered Light","damage_taken":15,"max_hp_gain":0,"max_hp_loss":0,"event_name":"Shining Light","floor":2,"gold_loss":0,"cards_upgraded":["Strike_B","Defend_B"]},{"cards_removed":["Strike_B"],"damage_healed":0,"gold_gain":0,"player_choice":"Card Removal","damage_taken":7,"max_hp_gain":0,"max_hp_loss":0,"event_name":"Golden Wing","floor":7,"gold_loss":0},{"damage_healed":0,"gold_gain":0,"player_choice":"1 cards matched","damage_taken":0,"max_hp_gain":0,"max_hp_loss":0,"event_name":"Match and Keep!","floor":21,"gold_loss":0,"cards_obtained":["Zap"]},{"cards_removed":["Strike_B"],"damage_healed":0,"gold_gain":0,"player_choice":"Gave Gold","damage_taken":0,"max_hp_gain":0,"max_hp_loss":0,"event_name":"Beggar","floor":31,"gold_loss":75},{"damage_healed":0,"gold_gain":0,"player_choice":"Fight","damage_taken":0,"max_hp_gain":0,"max_hp_loss":0,"event_name":"Mysterious Sphere","floor":36,"gold_loss":0},{"cards_removed":["FTL"],"damage_healed":0,"gold_gain":0,"player_choice":"Removed Attack","damage_taken":0,"max_hp_gain":0,"max_hp_loss":0,"event_name":"Falling","floor":38,"gold_loss":0},{"damage_healed":0,"gold_gain":0,"player_choice":"Max HP","damage_taken":0,"max_hp_gain":0,"max_hp_loss":4,"event_name":"Winding Halls","floor":39,"gold_loss":0}],"is_beta":true,"boss_relics":[{"not_picked":["Lizard Tail","Eternal Feather"],"picked":"Busted Crown"},{"not_picked":["Black Star","Tiny House"],"picked":"Empty Cage"}],"items_purged_floors":[22,53],"is_endless":false,"potions_floor_spawned":[3,4,13,14,18,24,28,41,42,45],"killed_by":"The Heart","ascension_level":1}