{"gold_per_floor":[14,25,100,115,115,144,19,19,19,31,31,42,72,33,33,109,109,128,128,143,58,77,102,102,130,130,130,130,32,132,57,57,131,181,191,191,208,221,221,221,231,231,231,231],"floor_reached":44,"playtime":2913,"items_purged":["Strike_G"],"score":1033,"play_id":"00608a35-b377-4be4-9ee2-5da43890a25f","local_time":"20190118191640","is_ascension_mode":true,"campfire_choices":[{"floor":8,"key":"REST"},{"data":"Neutralize","floor":11,"key":"SMITH"},{"data":"Footwork","floor":15,"key":"SMITH"},{"data":"Crippling Poison","floor":24,"key":"SMITH"},{"data":"After Image","floor":27,"key":"SMITH"},{"data":"Catalyst","floor":32,"key":"SMITH"},{"floor":40,"key":"RECALL"},{"data":"Catalyst","floor":42,"key":"SMITH"}],"neow_cost":"NO_GOLD","seed_source_timestamp":780376496819673,"circlet_count":0,"master_deck":["AscendersBane","Defend_G","Defend_G","Defend_G","Defend_G","Defend_G","Strike_G","Strike_G","Strike_G+1","Strike_G","Survivor","Neutralize+1","Slice","Crippling Poison+1","Poisoned Stab","Footwork+1","Poisoned Stab","Masterful Stab","After Image+1","Blur","Dash","After Image","PiercingWail","Well Laid Plans","Heel Hook","Prepared+1","Terror","Bouncing Flask","Catalyst+1","Burst","Leg Sweep+1","Cloak And Dagger","Caltrops","Shame","Catalyst+1"],"relics":["Ring of the Snake","Thread and Needle","Kunai","Mummified Hand","Bottled Tornado","Cursed Key","Bag of Preparation","Juzu Bracelet","Pear","Prayer Wheel","Darkstone Periapt","Tiny House"],"potions_floor_usage":[6,13,20,22,23,30,33,41,41],"damage_taken":[{"damage":2,"enemies":"Cultist","floor":1,"turns":4},{"damage":1,"enemies":"Jaw Worm","floor":2,"turns":3},{"damage":2,"enemies":"2 Louse","floor":4,"turns":4},{"damage":32,"enemies":"3 Sentries","floor":6,"turns":16},{"damage":0,"enemies":"Exordium Wildlife","floor":10,"turns":5},{"damage":0,"enemies":"Blue Slaver","floor":12,"turns":4},{"damage":32,"enemies":"Gremlin Nob","floor":13,"turns":5},{"damage":11,"enemies":"The Guardian","floor":16,"turns":15},{"damage":0,"enemies":"2 Thieves","floor":18,"turns":5},{"damage":0,"enemies":"3 Byrds","floor":20,"turns":6},{"damage":0,"enemies":"Centurion and Healer","floor":22,"turns":9},{"damage":0,"enemies":"Book of Stabbing","floor":23,"turns":6},{"damage":7,"enemies":"Slavers","floor":25,"turns":8},{"damage":0,"enemies":"Colosseum Slavers","floor":30,"turns":5},{"damage":0,"enemies":"Colosseum Nobs","floor":30,"turns":5},{"damage":1,"enemies":"Champ","floor":33,"turns":9},{"damage":0,"enemies":"3 Darklings","floor":35,"turns":5},{"damage":0,"enemies":"3 Shapes","floor":37,"turns":7},{"damage":0,"enemies":"3 Darklings","floor":38,"turns":6},{"damage":0,"enemies":"Jaw Worm Horde","floor":41,"turns":6},{"damage":102,"enemies":"Reptomancer","floor":44,"turns":3}],"seed_played":"-3408106099317328232","potions_obtained":[{"floor":2,"key":"Block Potion"},{"floor":10,"key":"Regen Potion"},{"floor":16,"key":"AttackPotion"},{"floor":18,"key":"Swift Potion"},{"floor":20,"key":"Poison Potion"},{"floor":30,"key":"AttackPotion"},{"floor":33,"key":"Weak Potion"},{"floor":34,"key":"Dexterity Potion"}],"is_trial":false,"path_per_floor":["M","M","?","M","?","E","$","R","T","M","R","M","E","$","R","B",null,"M","$","M","$","M","E","R","E","T","R","?","$","?","?","R","B",null,"M","?","M","M","T","R","M","R","T","E"],"character_chosen":"THE_SILENT","items_purchased":["Poisoned Stab","Dash","Well Laid Plans","Bouncing Flask","PowerPotion"],"campfire_rested":1,"item_purchase_floors":[7,14,21,29,29],"current_hp_per_floor":[57,56,45,43,43,11,11,30,30,30,30,30,12,12,12,1,50,50,50,50,50,50,50,50,43,43,43,53,53,53,53,53,52,75,75,75,75,75,81,81,81,81,81,0],"gold":231,"neow_bonus":"ONE_RARE_RELIC","is_prod":false,"is_daily":false,"chose_seed":false,"campfire_upgraded":6,"win_rate":0,"timestamp":1547864200,"path_taken":["M","?","?","M","?","E","$","R","T","M","R","M","E","$","R","BOSS","M","$","M","$","M","E","R","E","T","R","?","$","?","?","R","BOSS","M","?","M","M","?","R","M","R","T","E"],"build_version":"2019-01-17","purchased_purges":1,"victory":false,"max_hp_per_floor":[66,66,66,66,66,66,66,66,66,66,66,66,66,66,66,66,66,66,66,66,66,66,66,66,66,66,66,76,76,76,76,76,76,81,81,81,81,81,87,87,87,87,87,87],"card_choices":[{"not_picked":["Expertise","PiercingWail"],"picked":"Slice","floor":1},{"not_picked":["Dodge and Roll","Masterful Stab"],"picked":"Crippling Poison","floor":2},{"not_picked":["Acrobatics","Dagger Throw"],"picked":"Poisoned Stab","floor":4},{"not_picked":["Leg Sweep","Prepared"],"picked":"Footwork","floor":6},{"not_picked":["Sucker Punch","Flying Knee"],"picked":"Masterful Stab","floor":10},{"not_picked":["PiercingWail","Catalyst"],"picked":"After Image","floor":12},{"not_picked":["Choke","Deflect"],"picked":"Blur","floor":13},{"not_picked":["Phantasmal Killer","Glass Knife"],"picked":"After Image","floor":16},{"not_picked":["Bane+1","Deflect"],"picked":"PiercingWail","floor":18},{"not_picked":["Dagger Throw","Acrobatics","PiercingWail"],"picked":"SKIP","floor":20},{"not_picked":["Sucker Punch","Flying Knee+1"],"picked":"Heel Hook","floor":22},{"not_picked":["Underhanded Strike","Escape Plan"],"picked":"Prepared+1","floor":23},{"not_picked":["Bane","Outmaneuver"],"picked":"Terror","floor":25},{"not_picked":["Dodge and Roll","Deadly Poison"],"picked":"Catalyst","floor":30},{"not_picked":["Night Terror","Grand Finale"],"picked":"Burst","floor":33},{"not_picked":["Deflect","Skewer"],"picked":"Leg Sweep+1","floor":35},{"not_picked":["Acrobatics","Dash"],"picked":"Cloak And Dagger","floor":35},{"not_picked":["Blade Dance","Expertise","Wraith Form v2"],"picked":"SKIP","floor":37},{"not_picked":["Quick Slash","Masterful Stab","All Out Attack"],"picked":"SKIP","floor":37},{"not_picked":["Deflect","Flying Knee"],"picked":"Caltrops","floor":38},{"not_picked":["Blade Dance","Expertise+1","Prepared"],"picked":"SKIP","floor":38},{"not_picked":["Calculated Gamble","Choke"],"picked":"Catalyst","floor":41},{"not_picked":["Deadly Poison","Blade Dance+1","Backstab"],"picked":"SKIP","floor":41}],"player_experience":1227633,"relics_obtained":[{"floor":6,"key":"Kunai"},{"floor":9,"key":"Mummified Hand"},{"floor":13,"key":"Bottled Tornado"},{"floor":23,"key":"Bag of Preparation"},{"floor":25,"key":"Juzu Bracelet"},{"floor":30,"key":"Prayer Wheel"},{"floor":30,"key":"Darkstone Periapt"}],"event_choices":[{"damage_healed":0,"gold_gain":75,"player_choice":"Gather Gold","damage_taken":11,"max_hp_gain":0,"max_hp_loss":0,"event_name":"World of Goop","floor":3,"gold_loss":0},{"damage_healed":0,"gold_gain":0,"player_choice":"Ignored","damage_taken":0,"max_hp_gain":0,"max_hp_loss":0,"event_name":"Liars Game","floor":5,"gold_loss":0},{"damage_healed":0,"gold_gain":0,"player_choice":"Stole Relic","damage_taken":0,"relics_obtained":["Pear"],"max_hp_gain":0,"max_hp_loss":0,"event_name":"Addict","floor":28,"gold_loss":0,"cards_obtained":["Shame"]},{"damage_healed":0,"gold_gain":0,"player_choice":"Fight","damage_taken":0,"max_hp_gain":0,"max_hp_loss":0,"event_name":"Colosseum","floor":30,"gold_loss":0},{"damage_healed":0,"gold_gain":0,"player_choice":"Fought Nobs","damage_taken":0,"max_hp_gain":0,"max_hp_loss":0,"event_name":"Colosseum","floor":30,"gold_loss":0},{"cards_removed":["Shame"],"damage_healed":0,"gold_gain":0,"player_choice":"Gave Gold","damage_taken":0,"max_hp_gain":0,"max_hp_loss":0,"event_name":"Beggar","floor":31,"gold_loss":75},{"damage_healed":0,"gold_gain":0,"player_choice":"Ignored","damage_taken":0,"max_hp_gain":0,"max_hp_loss":0,"event_name":"Tomb of Lord Red Mask","floor":36,"gold_loss":0}],"is_beta":true,"boss_relics":[{"not_picked":["Empty Cage","Runic Pyramid"],"picked":"Cursed Key"},{"not_picked":["Eternal Feather","WristBlade"],"picked":"Tiny House"}],"items_purged_floors":[7],"is_endless":false,"potions_floor_spawned":[2,10,16,18,20,30,30,33,37],"killed_by":"Reptomancer","ascension_level":19}