{"gold_per_floor":[113,38,113,128,144,144,144,144,218,218,250,250,263,22,22,101,101,101,51,51,14,14,14,14,14,14,14,14,14,14,14,14,14,14,14,14,14,14,14,14,14,14,14,14,14,14,14,14,14,14],"floor_reached":50,"playtime":3006,"items_purged":["Decay"],"score":1201,"play_id":"ab8b63dd-de2b-48b0-84c2-2175ae216438","local_time":"20190218124209","is_ascension_mode":true,"campfire_choices":[{"data":"Creative AI","floor":6,"key":"SMITH"},{"data":"Zap","floor":8,"key":"SMITH"},{"data":"Ball Lightning","floor":10,"key":"SMITH"},{"floor":15,"key":"REST"},{"floor":23,"key":"REST"},{"data":"Blizzard","floor":32,"key":"SMITH"},{"floor":40,"key":"REST"},{"data":"Buffer","floor":42,"key":"SMITH"},{"data":"Seek","floor":45,"key":"SMITH"},{"data":"Capacitor","floor":47,"key":"SMITH"},{"data":"Seek","floor":49,"key":"SMITH"}],"neow_cost":"CURSE","seed_source_timestamp":405784026313700,"circlet_count":0,"master_deck":["AscendersBane","Defend_B","Zap+1","Dualcast","Creative AI+1","Compile Driver","Ball Lightning+1","Cold Snap","Conserve Battery","Leap","Coolheaded","Seek+1","Go for the Eyes+1","Conserve Battery","Glacier","Electrodynamics","Conserve Battery+1","Glacier","Chill","Blizzard+1","Bite","Bite","Bite","Bite","Bite","Glacier","Buffer+1","Multi-Cast+1","Steam+1","Skim+1","Seek+1","Coolheaded+1","Capacitor+1"],"relics":["Cracked Core","Cables","Prayer Wheel","Kunai","ClockworkSouvenir","Ectoplasm","Nunchaku","Emotion Chip","Omamori","Astrolabe","PreservedInsect","Shuriken","Incense Burner"],"potions_floor_usage":[11,20,24,27,31,39,46,50,50],"damage_taken":[{"damage":6,"enemies":"Small Slimes","floor":1,"turns":4},{"damage":2,"enemies":"Jaw Worm","floor":4,"turns":3},{"damage":1,"enemies":"Cultist","floor":5,"turns":3},{"damage":18,"enemies":"3 Sentries","floor":11,"turns":7},{"damage":0,"enemies":"Blue Slaver","floor":13,"turns":2},{"damage":0,"enemies":"The Guardian","floor":16,"turns":11},{"damage":8,"enemies":"Shell Parasite","floor":18,"turns":5},{"damage":18,"enemies":"Chosen","floor":20,"turns":7},{"damage":11,"enemies":"Sentry and Sphere","floor":22,"turns":8},{"damage":19,"enemies":"Slavers","floor":24,"turns":5},{"damage":11,"enemies":"Cultist and Chosen","floor":25,"turns":4},{"damage":3,"enemies":"Shelled Parasite and Fungi","floor":27,"turns":7},{"damage":0,"enemies":"3 Cultists","floor":31,"turns":4},{"damage":0,"enemies":"Automaton","floor":33,"turns":12},{"damage":1,"enemies":"Orb Walker","floor":35,"turns":7},{"damage":11,"enemies":"3 Shapes","floor":37,"turns":2},{"damage":34,"enemies":"Transient","floor":39,"turns":6},{"damage":6,"enemies":"Nemesis","floor":44,"turns":9},{"damage":2,"enemies":"Writhing Mass","floor":46,"turns":7},{"damage":63,"enemies":"Time Eater","floor":50,"turns":16}],"seed_played":"3174352758231973603","potions_obtained":[{"floor":5,"key":"PowerPotion"},{"floor":11,"key":"Dexterity Potion"},{"floor":20,"key":"Fire Potion"},{"floor":25,"key":"SkillPotion"},{"floor":27,"key":"AttackPotion"},{"floor":31,"key":"FearPotion"},{"floor":35,"key":"Strength Potion"},{"floor":44,"key":"Regen Potion"},{"floor":46,"key":"SneckoOil"}],"is_trial":false,"path_per_floor":["M","$","?","M","M","R","?","R","T","R","E","T","M","$","R","B",null,"M","?","M","$","M","R","E","M","T","M","$","?","?","M","R","B",null,"M","?","M","$","M","R","T","R","T","E","R","M","R","$","R","B"],"character_chosen":"DEFECT","items_purchased":["ClockworkSouvenir","Coolheaded","Glacier"],"campfire_rested":3,"item_purchase_floors":[14,14,21],"current_hp_per_floor":[58,58,47,45,44,44,44,44,44,44,26,26,26,26,47,47,65,57,57,39,39,28,49,30,19,19,16,16,16,16,26,26,48,49,49,49,40,40,15,29,29,29,29,37,37,49,49,49,49,0],"gold":14,"neow_bonus":"THREE_RARE_CARDS","is_prod":false,"is_daily":false,"chose_seed":false,"campfire_upgraded":8,"win_rate":0,"timestamp":1550518929,"path_taken":["M","$","?","M","M","R","?","R","T","R","E","?","M","$","R","BOSS","M","?","M","$","M","R","E","M","T","?","$","?","?","M","R","BOSS","M","?","M","$","?","R","?","R","T","E","R","?","R","?","R","BOSS"],"build_version":"2019-02-06","purchased_purges":1,"victory":false,"max_hp_per_floor":[71,71,71,71,71,71,71,71,71,71,71,71,71,71,71,71,71,71,71,71,71,71,71,71,71,71,71,71,49,49,49,49,49,49,49,49,49,49,49,49,49,49,49,49,49,49,49,49,49,49],"card_choices":[{"not_picked":["Multi-Cast","Fission"],"picked":"Creative AI","floor":0},{"not_picked":["Beam Cell","Stack"],"picked":"Compile Driver","floor":1},{"not_picked":["Conserve Battery","Go for the Eyes"],"picked":"Ball Lightning","floor":4},{"not_picked":["Compile Driver","Consume"],"picked":"Cold Snap","floor":5},{"not_picked":["All For One","FTL"],"picked":"Reboot","floor":11},{"not_picked":["Redo","Compile Driver"],"picked":"Conserve Battery","floor":13},{"not_picked":["Redo","Beam Cell"],"picked":"Leap","floor":13},{"not_picked":["Rainbow","Core Surge"],"picked":"Seek","floor":16},{"not_picked":["Gash+1","Compile Driver+1"],"picked":"Go for the Eyes+1","floor":18},{"not_picked":["Streamline","Skim","Steam Power"],"picked":"SKIP","floor":18},{"not_picked":["Skim","Steam"],"picked":"Conserve Battery","floor":20},{"not_picked":["Hologram","Compile Driver","Steam"],"picked":"SKIP","floor":20},{"not_picked":["Hologram","Self Repair"],"picked":"Electrodynamics","floor":22},{"not_picked":["Auto Shields","Tempest+1"],"picked":"Conserve Battery+1","floor":22},{"not_picked":["Steam","Consume","Force Field"],"picked":"SKIP","floor":24},{"not_picked":["Ball Lightning","Barrage"],"picked":"Glacier","floor":25},{"not_picked":["Redo","Compile Driver+1"],"picked":"Chill","floor":25},{"not_picked":["Sweeping Beam","Steam+1"],"picked":"Blizzard","floor":27},{"not_picked":["Hologram","Scrape+1","Meteor Strike"],"picked":"SKIP","floor":27},{"not_picked":["Hologram","Streamline"],"picked":"Glacier","floor":31},{"not_picked":["Rebound+1","Compile Driver","Steam"],"picked":"SKIP","floor":31},{"not_picked":["Thunder Strike","Core Surge"],"picked":"Buffer","floor":33},{"not_picked":["Sweeping Beam","Static Discharge","Turbo"],"picked":"SKIP","floor":35},{"not_picked":["Compile Driver","Redo+1","Barrage"],"picked":"SKIP","floor":35},{"not_picked":["Heatsinks","Steam+1"],"picked":"Seek","floor":37},{"not_picked":["Rebound","Sweeping Beam","Turbo+1"],"picked":"SKIP","floor":37},{"not_picked":["Compile Driver+1","Rebound+1","Auto Shields+1"],"picked":"SKIP","floor":39},{"not_picked":["Barrage","Coolheaded","Ball Lightning"],"picked":"SKIP","floor":39},{"not_picked":["Skim","Leap+1"],"picked":"Coolheaded+1","floor":44},{"not_picked":["Go for the Eyes","Seek"],"picked":"Capacitor","floor":46},{"not_picked":["Doom and Gloom","Barrage","Redo"],"picked":"SKIP","floor":46}],"player_experience":1340652,"relics_obtained":[{"floor":9,"key":"Cables"},{"floor":11,"key":"Prayer Wheel"},{"floor":12,"key":"Kunai"},{"floor":24,"key":"Nunchaku"},{"floor":26,"key":"Emotion Chip"},{"floor":41,"key":"PreservedInsect"},{"floor":43,"key":"Shuriken"},{"floor":44,"key":"Incense Burner"}],"event_choices":[{"damage_healed":0,"gold_gain":75,"player_choice":"Gather Gold","damage_taken":11,"max_hp_gain":0,"max_hp_loss":0,"event_name":"World of Goop","floor":3,"gold_loss":0},{"damage_healed":0,"gold_gain":0,"player_choice":"Ignored","damage_taken":0,"max_hp_gain":0,"max_hp_loss":0,"event_name":"Liars Game","floor":7,"gold_loss":0},{"damage_healed":0,"gold_gain":0,"player_choice":"Bet on Owner","damage_taken":0,"max_hp_gain":0,"max_hp_loss":0,"event_name":"The Joust","floor":19,"gold_loss":50},{"damage_healed":0,"gold_gain":0,"player_choice":"Became a vampire","damage_taken":0,"max_hp_gain":0,"max_hp_loss":22,"event_name":"Vampires","floor":29,"gold_loss":0,"cards_obtained":["Bite","Bite","Bite","Bite","Bite"]},{"cards_removed":["Reboot"],"damage_healed":0,"gold_gain":0,"player_choice":"Gave Card","damage_taken":0,"relics_obtained":["Omamori"],"max_hp_gain":0,"max_hp_loss":0,"event_name":"WeMeetAgain","floor":30,"gold_loss":0},{"damage_healed":0,"gold_gain":0,"player_choice":"Ignored","damage_taken":0,"max_hp_gain":0,"max_hp_loss":0,"event_name":"SecretPortal","floor":36,"gold_loss":0}],"is_beta":true,"boss_relics":[{"not_picked":["Runic Pyramid","Runic Dome"],"picked":"Ectoplasm"},{"not_picked":["Orrery","Nuclear Battery"],"picked":"Astrolabe"}],"items_purged_floors":[2],"is_endless":false,"potions_floor_spawned":[5,11,20,25,27,31,35,44,46],"killed_by":"Time Eater","ascension_level":20}