{"gold_per_floor":[114,39,50,11,28,28,63,63,111,136,136,136,149,149],"floor_reached":14,"playtime":510,"items_purged":["Strike_B"],"score":108,"play_id":"4f89416e-e00f-4989-866c-325cc9240f1b","local_time":"20190125174705","is_ascension_mode":true,"campfire_choices":[{"data":"Capacitor","floor":6,"key":"SMITH"},{"data":"Storm","floor":8,"key":"SMITH"},{"data":"Dualcast","floor":12,"key":"SMITH"}],"neow_cost":"CURSE","seed_source_timestamp":185858576428251,"circlet_count":0,"master_deck":["Strike_B","Strike_B","Strike_B","Defend_B","Defend_B","Defend_B","Defend_B","Zap","Dualcast+1","Static Discharge","Capacitor+1","Storm+1","Force Field"],"relics":["Cracked Core","Thread and Needle","Orichalcum","DataDisk","Sundial"],"potions_floor_usage":[14,14],"damage_taken":[{"damage":2,"enemies":"Jaw Worm","floor":1,"turns":4},{"damage":1,"enemies":"Small Slimes","floor":3,"turns":3},{"damage":2,"enemies":"Cultist","floor":5,"turns":3},{"damage":35,"enemies":"3 Sentries","floor":7,"turns":7},{"damage":4,"enemies":"Gremlin Nob","floor":10,"turns":3},{"damage":26,"enemies":"Exordium Wildlife","floor":13,"turns":5},{"damage":5,"enemies":"3 Sentries","floor":14,"turns":5}],"seed_played":"8461374845915098036","potions_obtained":[{"floor":1,"key":"LiquidBronze"},{"floor":10,"key":"AttackPotion"},{"floor":13,"key":"GamblersBrew"}],"is_trial":false,"path_per_floor":["M","$","M","$","M","R","E","R","T","E","?","R","M","?"],"character_chosen":"DEFECT","items_purchased":["Capacitor"],"campfire_rested":0,"item_purchase_floors":[4],"current_hp_per_floor":[73,73,72,72,70,70,35,35,35,31,31,31,5,0],"gold":149,"neow_bonus":"ONE_RARE_RELIC","is_prod":false,"is_daily":false,"chose_seed":false,"campfire_upgraded":3,"win_rate":0,"timestamp":1548434825,"path_taken":["M","$","M","$","M","R","E","R","T","E","?","R","M","?"],"build_version":"2019-01-23","purchased_purges":1,"victory":false,"max_hp_per_floor":[75,75,75,75,75,75,75,75,75,75,75,75,75,75],"card_choices":[{"not_picked":["Go for the Eyes","Auto Shields"],"picked":"Static Discharge","floor":1},{"not_picked":["Beam Cell","Gash","Lockon"],"picked":"SKIP","floor":3},{"not_picked":["Compile Driver","Redo","Turbo"],"picked":"SKIP","floor":5},{"not_picked":["Ball Lightning","Glacier"],"picked":"Storm","floor":7},{"not_picked":["Tempest","Melter","FTL"],"picked":"SKIP","floor":10},{"not_picked":["Coolheaded","Rebound"],"picked":"Force Field","floor":13}],"player_experience":78299,"relics_obtained":[{"floor":7,"key":"Orichalcum"},{"floor":9,"key":"DataDisk"},{"floor":10,"key":"Sundial"}],"event_choices":[{"cards_removed":["Writhe"],"damage_healed":0,"gold_gain":0,"player_choice":"Forget","damage_taken":0,"max_hp_gain":0,"max_hp_loss":0,"event_name":"Living Wall","floor":11,"gold_loss":0},{"damage_healed":0,"gold_gain":0,"player_choice":"Searched \u00271\u0027 times","damage_taken":0,"max_hp_gain":0,"max_hp_loss":0,"event_name":"Dead Adventurer","floor":14,"gold_loss":0}],"is_beta":false,"boss_relics":[],"items_purged_floors":[2],"is_endless":false,"potions_floor_spawned":[1,10,13],"killed_by":"3 Sentries","ascension_level":2}