{"gold_per_floor":[111,111,126,4,25,25,100,100,100,143,143,181,181,106,106,106],"floor_reached":16,"playtime":441,"items_purged":[],"score":186,"play_id":"ad67daf3-7599-4b80-a315-65e20f6c1c77","local_time":"20180919165735","is_ascension_mode":true,"campfire_choices":[{"data":"True Grit","floor":6,"key":"SMITH"},{"data":"Iron Wave","floor":8,"key":"SMITH"},{"floor":11,"key":"REST"},{"data":"Bash","floor":13,"key":"SMITH"},{"data":"Inflame","floor":15,"key":"SMITH"}],"neow_cost":"","seed_source_timestamp":596754103552582,"circlet_count":0,"master_deck":["Strike_R","Strike_R","Strike_R","Strike_R","Defend_R","Defend_R","Defend_R","Defend_R","Bash+1","AscendersBane","Inflame+1","Iron Wave+1","Impervious","True Grit+1","Shrug It Off","Inflame","Twin Strike"],"relics":["Burning Blood","Golden Idol","Incense Burner","Boot","Darkstone Periapt"],"potions_floor_usage":[10,12],"damage_taken":[{"damage":7,"enemies":"Small Slimes","floor":1,"turns":5},{"damage":12,"enemies":"Jaw Worm","floor":3,"turns":3},{"damage":9,"enemies":"2 Louse","floor":5,"turns":3},{"damage":39,"enemies":"Gremlin Nob","floor":10,"turns":6},{"damage":4,"enemies":"Lagavulin","floor":12,"turns":10},{"damage":37,"enemies":"Hexaghost","floor":16,"turns":9}],"seed_played":"8497776540652954245","potions_obtained":[{"floor":5,"key":"SkillPotion"},{"floor":10,"key":"Dexterity Potion"}],"is_trial":false,"path_per_floor":["M","?","M","$","M","R","?","R","T","E","R","E","R","?","R"],"character_chosen":"IRONCLAD","items_purchased":["Impervious","True Grit"],"campfire_rested":1,"item_purchase_floors":[4,4],"current_hp_per_floor":[67,67,61,61,58,58,47,47,47,14,34,36,36,36,36,0],"gold":106,"neow_bonus":"","is_prod":false,"is_daily":false,"chose_seed":false,"campfire_upgraded":4,"win_rate":0,"timestamp":1537397855,"path_taken":["M","?","M","$","M","R","?","R","T","E","R","E","R","?","R","BOSS"],"build_version":"2018-09-18v3","purchased_purges":0,"victory":false,"max_hp_per_floor":[75,68,68,68,68,68,68,68,68,68,68,68,68,68,68,68],"card_choices":[{"not_picked":["Headbutt","Iron Wave"],"picked":"Inflame","floor":1},{"not_picked":["Power Through","Twin Strike"],"picked":"Iron Wave","floor":3},{"not_picked":["Reckless Charge","Combust"],"picked":"Shrug It Off","floor":5},{"not_picked":["Sword Boomerang","Searing Blow"],"picked":"Inflame","floor":10},{"not_picked":["Bloodletting","Power Through"],"picked":"Twin Strike","floor":12}],"player_experience":1038927,"relics_obtained":[{"floor":9,"key":"Incense Burner"},{"floor":10,"key":"Boot"},{"floor":12,"key":"Darkstone Periapt"}],"event_choices":[{"event_name":"Golden Idol","player_choice":"Lose Max HP","floor":2,"damage_taken":0},{"event_name":"World of Goop","player_choice":"Gather Gold","floor":7,"damage_taken":0},{"event_name":"The Cleric","player_choice":"Card Removal","floor":14,"damage_taken":0}],"is_beta":true,"boss_relics":[],"items_purged_floors":[],"is_endless":false,"potions_floor_spawned":[5,10],"killed_by":"Hexaghost","ascension_level":15}