{"gold_per_floor":[115,115,115,126,139,139,58,70,70,70,103,103,175,51,51,181,181,200,200,215,236,335,335,378,401,426,447,447],"floor_reached":28,"playtime":1867,"items_purged":["Strike_R"],"score":250,"play_id":"89be14c0-8bba-478a-bdea-1d04b0d4736a","local_time":"20181016180846","is_ascension_mode":true,"campfire_choices":[{"data":"Bash","floor":6,"key":"SMITH"},{"data":"Armaments","floor":15,"key":"SMITH"},{"data":"Body Slam","floor":23,"key":"SMITH"}],"neow_cost":"NONE","seed_source_timestamp":5390026026181,"circlet_count":0,"master_deck":["Strike_R","Strike_R","Defend_R","Defend_R","Defend_R","Bash+1","Bludgeon","Seeing Red+1","Burning Pact","Spot Weakness","Body Slam+1","Cleave","Armaments+1","Barricade","Flex+1","Iron Wave","Warcry","Limit Break","Flex+1"],"relics":["Burning Blood","Blood Vial","Bottled Lightning","Golden Idol","Self Forming Clay","Empty Cage","Bag of Marbles","Bottled Tornado","Oddly Smooth Stone"],"potions_floor_usage":[11,11,21,24,28],"damage_taken":[{"damage":3,"enemies":"Small Slimes","floor":1,"turns":2},{"damage":6,"enemies":"Cultist","floor":4,"turns":3},{"damage":1,"enemies":"Jaw Worm","floor":5,"turns":2},{"damage":3,"enemies":"2 Fungi Beasts","floor":8,"turns":4},{"damage":43,"enemies":"Lagavulin","floor":11,"turns":10},{"damage":29,"enemies":"The Guardian","floor":16,"turns":11},{"damage":17,"enemies":"Shell Parasite","floor":18,"turns":5},{"damage":25,"enemies":"3 Byrds","floor":20,"turns":8},{"damage":17,"enemies":"Snecko","floor":21,"turns":4},{"damage":15,"enemies":"Slavers","floor":24,"turns":5},{"damage":23,"enemies":"Shelled Parasite and Fungi","floor":25,"turns":8},{"damage":2,"enemies":"Centurion and Healer","floor":27,"turns":8},{"damage":27,"enemies":"Snecko","floor":28,"turns":5}],"seed_played":"-4298367183884108701","potions_obtained":[{"floor":4,"key":"PowerPotion"},{"floor":5,"key":"Swift Potion"},{"floor":11,"key":"Swift Potion"},{"floor":21,"key":"SkillPotion"},{"floor":24,"key":"SpeedPotion"}],"is_trial":false,"path_per_floor":["M","?","?","M","M","R","$","M","T","?","E","?","T","$","R","B",null,"M","T","M","M","?","R","E","M","T","M"],"character_chosen":"IRONCLAD","items_purchased":["Spot Weakness","Armaments"],"campfire_rested":0,"item_purchase_floors":[7,14],"current_hp_per_floor":[80,80,80,80,80,80,80,80,80,80,43,43,43,43,43,22,74,63,63,46,37,37,37,30,15,15,21,0],"gold":447,"neow_bonus":"ONE_RANDOM_RARE_CARD","is_prod":false,"is_daily":false,"chose_seed":false,"campfire_upgraded":3,"win_rate":0,"timestamp":1539724126,"path_taken":["M","?","?","M","M","R","?","M","T","?","E","?","?","$","R","BOSS","M","?","?","M","?","R","E","M","T","M","M"],"build_version":"2018-10-11","purchased_purges":1,"victory":false,"max_hp_per_floor":[80,80,80,80,80,80,80,80,80,80,80,74,74,74,74,74,74,74,74,74,74,74,74,74,74,74,74,74],"card_choices":[{"not_picked":["Sword Boomerang","Rupture"],"picked":"Seeing Red","floor":1},{"not_picked":["Wild Strike","Shockwave","Sword Boomerang"],"picked":"SKIP","floor":4},{"not_picked":["Headbutt","Dropkick","Dual Wield"],"picked":"SKIP","floor":5},{"not_picked":["True Grit","Disarm"],"picked":"Body Slam","floor":8},{"not_picked":["Searing Blow","Reckless Charge"],"picked":"Cleave","floor":11},{"not_picked":["Berserk","Dark Embrace"],"picked":"Barricade","floor":16},{"not_picked":["Perfected Strike","Wild Strike","Clash"],"picked":"SKIP","floor":18},{"not_picked":["Corruption","Dropkick"],"picked":"Flex+1","floor":20},{"not_picked":["Intimidate","Corruption"],"picked":"Iron Wave","floor":21},{"not_picked":["Headbutt","Ghostly Armor"],"picked":"Warcry","floor":24},{"not_picked":["Carnage","Twin Strike"],"picked":"Limit Break","floor":25},{"not_picked":["Thunderclap","Disarm"],"picked":"Flex+1","floor":27}],"player_experience":81767,"relics_obtained":[{"floor":9,"key":"Blood Vial"},{"floor":11,"key":"Bottled Lightning"},{"floor":13,"key":"Self Forming Clay"},{"floor":19,"key":"Bag of Marbles"},{"floor":24,"key":"Bottled Tornado"},{"floor":26,"key":"Oddly Smooth Stone"}],"event_choices":[{"event_name":"Accursed Blacksmith","player_choice":"Forge","floor":2,"damage_taken":0},{"event_name":"Living Wall","player_choice":"Change","floor":3,"damage_taken":0},{"event_name":"Wheel of Change","player_choice":"Full Heal","floor":10,"damage_taken":0},{"event_name":"Golden Idol","player_choice":"Lose Max HP","floor":12,"damage_taken":0},{"event_name":"Nest","player_choice":"Stole From Cult","floor":22,"damage_taken":0}],"is_beta":false,"boss_relics":[{"not_picked":["Lizard Tail","Eternal Feather"],"picked":"Empty Cage"}],"items_purged_floors":[14],"is_endless":false,"potions_floor_spawned":[4,5,11,21,24],"killed_by":"Snecko","ascension_level":1}