{"gold_per_floor":[109,122,122,132,142,171,171,186,186,239,239,272,272,285,285,386,386,396,409,439,439,458,458,472,571,596,596,606,28,41,41,41,139,139,159,176,191,191,77,77,107,124,124,124],"floor_reached":44,"playtime":2191,"items_purged":["Strike_G"],"score":590,"play_id":"99147932-76ba-430b-8cd1-40ad1ec68100","local_time":"20181214200309","is_ascension_mode":true,"campfire_choices":[{"floor":7,"key":"REST"},{"floor":13,"key":"REST"},{"data":"Dash","floor":15,"key":"SMITH"},{"floor":23,"key":"REST"},{"floor":27,"key":"RECALL"},{"floor":32,"key":"REST"},{"floor":40,"key":"REST"}],"neow_cost":"NONE","seed_source_timestamp":26253795301251,"circlet_count":0,"master_deck":["Defend_G","Defend_G","Defend_G","Defend_G","Strike_G","Strike_G","Survivor","Neutralize+1","Dagger Spray","Flechettes","Blade Dance+1","Endless Agony","Dash+1","Crippling Poison","Well Laid Plans","Dodge and Roll","Unload","Slice","Footwork","Slice+1","Deflect","Deadly Poison","Burst","Dagger Throw","Bullet Time","Unload+1","Bane+1","Dagger Throw+1","PiercingWail","Backflip+1","Cloak And Dagger+1","Cloak And Dagger+1","Noxious Fumes","Leg Sweep","Prepared+1","Accuracy+1"],"relics":["Ring of the Serpent","Centennial Puzzle","Torii","Shuriken","Happy Flower","Red Mask","Snake Skull","ClockworkSouvenir","Enchiridion","Astrolabe","Incense Burner","Bottled Tornado"],"potions_floor_usage":[30,41,41],"damage_taken":[{"damage":5,"enemies":"Small Slimes","floor":1,"turns":5},{"damage":0,"enemies":"Cultist","floor":2,"turns":3},{"damage":0,"enemies":"2 Louse","floor":4,"turns":2},{"damage":5,"enemies":"Red Slaver","floor":5,"turns":3},{"damage":42,"enemies":"Gremlin Nob","floor":6,"turns":6},{"damage":1,"enemies":"Looter","floor":8,"turns":3},{"damage":13,"enemies":"Lagavulin","floor":12,"turns":7},{"damage":0,"enemies":"3 Louse","floor":14,"turns":3},{"damage":6,"enemies":"Hexaghost","floor":16,"turns":10},{"damage":4,"enemies":"3 Byrds","floor":18,"turns":4},{"damage":6,"enemies":"Shell Parasite","floor":19,"turns":4},{"damage":2,"enemies":"Masked Bandits","floor":20,"turns":4},{"damage":8,"enemies":"Centurion and Healer","floor":22,"turns":5},{"damage":6,"enemies":"Shelled Parasite and Fungi","floor":24,"turns":4},{"damage":9,"enemies":"Snake Plant","floor":28,"turns":5},{"damage":7,"enemies":"Centurion and Healer","floor":30,"turns":4},{"damage":24,"enemies":"Automaton","floor":33,"turns":10},{"damage":1,"enemies":"3 Shapes","floor":35,"turns":4},{"damage":9,"enemies":"Orb Walker","floor":36,"turns":3},{"damage":10,"enemies":"Maw","floor":37,"turns":6},{"damage":47,"enemies":"Nemesis","floor":41,"turns":9},{"damage":11,"enemies":"Transient","floor":42,"turns":5},{"damage":7,"enemies":"3 Darklings","floor":44,"turns":2}],"seed_played":"-7721356805080430845","potions_obtained":[{"floor":4,"key":"Weak Potion"},{"floor":6,"key":"EssenceOfSteel"},{"floor":8,"key":"Block Potion"},{"floor":16,"key":"Energy Potion"},{"floor":30,"key":"GamblersBrew"},{"floor":36,"key":"LiquidBronze"}],"is_trial":false,"path_per_floor":["M","M","?","M","M","E","R","M","T","?","?","E","R","M","R","B",null,"M","M","?","?","M","R","M","?","T","R","M","$","M","?","R","B",null,"M","M","M","?","$","R","E","M","T","M"],"character_chosen":"THE_SILENT","items_purchased":["Snake Skull","ClockworkSouvenir","Burst","Noxious Fumes","Leg Sweep"],"campfire_rested":5,"item_purchase_floors":[29,29,29,39,39],"current_hp_per_floor":[65,65,65,65,60,18,39,38,38,38,38,25,46,46,46,40,63,59,53,51,51,43,64,58,58,58,58,49,49,42,26,47,23,58,57,48,38,38,38,59,12,1,1,0],"gold":124,"neow_bonus":"RANDOM_COMMON_RELIC","is_prod":false,"is_daily":false,"chose_seed":false,"campfire_upgraded":1,"win_rate":0,"timestamp":1544824989,"path_taken":["M","M","?","M","M","E","R","?","T","?","?","E","R","M","R","BOSS","M","M","?","?","M","R","M","?","T","R","M","$","M","?","R","BOSS","M","M","M","?","$","R","E","?","T","M"],"build_version":"2018-12-13","purchased_purges":1,"victory":false,"max_hp_per_floor":[70,70,70,70,70,70,70,70,70,70,70,70,70,70,70,70,70,70,70,70,70,70,70,70,70,70,70,70,70,70,70,70,70,70,70,70,70,70,70,70,70,70,70,70],"card_choices":[{"not_picked":["Outmaneuver","Poisoned Stab"],"picked":"Dagger Spray","floor":1},{"not_picked":["Tactician","Eviscerate"],"picked":"Flechettes","floor":2},{"not_picked":["Underhanded Strike","Predator"],"picked":"Blade Dance","floor":4},{"not_picked":["Deflect","Underhanded Strike"],"picked":"Endless Agony","floor":5},{"not_picked":["Riddle With Holes","Flechettes"],"picked":"Dash","floor":6},{"not_picked":["Dash","Choke"],"picked":"Crippling Poison","floor":8},{"not_picked":["Prepared","Bouncing Flask"],"picked":"Well Laid Plans","floor":12},{"not_picked":["Underhanded Strike","Prepared"],"picked":"Dodge and Roll","floor":14},{"not_picked":["Doppelganger","Corpse Explosion"],"picked":"Unload","floor":16},{"not_picked":["Poisoned Stab","Sucker Punch"],"picked":"Slice","floor":18},{"not_picked":["Slice","Bane","Masterful Stab"],"picked":"SKIP","floor":19},{"not_picked":["Finisher","Bane"],"picked":"Footwork","floor":20},{"not_picked":["Reflex","Expertise"],"picked":"Slice+1","floor":22},{"not_picked":["Riddle With Holes","Flying Knee"],"picked":"Deflect","floor":24},{"not_picked":["Prepared","Dagger Spray"],"picked":"Deadly Poison","floor":28},{"not_picked":["Phantasmal Killer","Dodge and Roll"],"picked":"Dagger Throw","floor":30},{"not_picked":["Doppelganger","Grand Finale"],"picked":"Bullet Time","floor":33},{"not_picked":["Distraction+1","Flechettes"],"picked":"PiercingWail","floor":35},{"not_picked":["Sucker Punch+1","Concentrate+1"],"picked":"Backflip+1","floor":36},{"not_picked":["Flying Knee","Acrobatics+1"],"picked":"Cloak And Dagger+1","floor":37},{"not_picked":["Masterful Stab+1","Dagger Throw+1"],"picked":"Prepared+1","floor":41},{"not_picked":["Eviscerate","Concentrate+1"],"picked":"Accuracy+1","floor":42}],"player_experience":246759,"relics_obtained":[{"floor":6,"key":"Torii"},{"floor":9,"key":"Shuriken"},{"floor":12,"key":"Happy Flower"},{"floor":20,"key":"Red Mask"},{"floor":31,"key":"Enchiridion"},{"floor":41,"key":"Incense Burner"},{"floor":43,"key":"Bottled Tornado"}],"event_choices":[{"damage_healed":0,"gold_gain":0,"player_choice":"Upgraded","damage_taken":0,"max_hp_gain":0,"max_hp_loss":0,"event_name":"Upgrade Shrine","floor":3,"gold_loss":0,"cards_upgraded":["Neutralize"]},{"damage_healed":0,"gold_gain":53,"player_choice":"Gained Gold","damage_taken":0,"max_hp_gain":0,"max_hp_loss":0,"event_name":"Golden Wing","floor":10,"gold_loss":0},{"damage_healed":0,"gold_gain":0,"player_choice":"Forge","damage_taken":0,"max_hp_gain":0,"max_hp_loss":0,"event_name":"Accursed Blacksmith","floor":11,"gold_loss":0,"cards_upgraded":["Blade Dance"]},{"damage_healed":0,"gold_gain":0,"player_choice":"Fought Bandits","damage_taken":0,"max_hp_gain":0,"max_hp_loss":0,"event_name":"Masked Bandits","floor":20,"gold_loss":0},{"damage_healed":0,"gold_gain":0,"player_choice":"Ignored","damage_taken":0,"max_hp_gain":0,"max_hp_loss":0,"event_name":"Vampires","floor":21,"gold_loss":0},{"damage_healed":0,"gold_gain":99,"player_choice":"Stole From Cult","damage_taken":0,"max_hp_gain":0,"max_hp_loss":0,"event_name":"Nest","floor":25,"gold_loss":0},{"damage_healed":0,"gold_gain":0,"player_choice":"Obtained Book","damage_taken":16,"max_hp_gain":0,"max_hp_loss":0,"event_name":"Cursed Tome","floor":31,"gold_loss":0},{"damage_healed":0,"gold_gain":0,"player_choice":"Copied","damage_taken":0,"max_hp_gain":0,"max_hp_loss":0,"event_name":"Duplicator","floor":38,"gold_loss":0,"cards_obtained":["Cloak And Dagger"]}],"is_beta":false,"boss_relics":[{"not_picked":["Ectoplasm","HoveringKite"],"picked":"Ring of the Serpent"},{"not_picked":["Velvet Choker","Orrery"],"picked":"Astrolabe"}],"items_purged_floors":[29],"is_endless":false,"potions_floor_spawned":[4,6,8,14,16,20,24,30,33,36],"killed_by":"3 Darklings","ascension_level":5}