{"gold_per_floor":[119,130,147,167,181,181,214,229,229,264,264,292,311,331,331,431,431,446,446,458,478,478,478,495,495,495,86,121,139,158,192,204,311,323,346,72,172,189,205,230,230,255,255,4,24,34,34,34,34,34],"floor_reached":50,"playtime":3279,"items_purged":["Strike_R","Strike_R"],"score":707,"play_id":"e6492789-db6b-4258-bd53-9e115432c4a3","local_time":"20181206134027","is_ascension_mode":true,"campfire_choices":[{"data":"Body Slam","floor":6,"key":"SMITH"},{"data":"True Grit","floor":11,"key":"SMITH"},{"data":"Bash","floor":15,"key":"SMITH"},{"data":"Demon Form","floor":23,"key":"SMITH"},{"floor":25,"key":"REST"},{"floor":32,"key":"REST"},{"floor":41,"key":"REST"},{"floor":49,"key":"RECALL"}],"neow_cost":"NONE","seed_source_timestamp":47068972299105,"circlet_count":0,"master_deck":["Strike_R+1","Strike_R+1","Defend_R","Defend_R","Defend_R","Defend_R","Body Slam+1","Spot Weakness","Metallicize","Pommel Strike","Feel No Pain","Warcry","Clash","True Grit+1","Fiend Fire","Battle Trance","Warcry","Demon Form+1","Shrug It Off","Pommel Strike+1","Whirlwind","Shockwave","Metallicize","Dark Embrace","Havoc","True Grit+1","Pummel","Clothesline"],"relics":["Burning Blood","Happy Flower","Regal Pillow","FossilizedHelix","Dream Catcher","Mercury Hourglass","Busted Crown","Enchiridion","Letter Opener","Whetstone","Nunchaku","MawBank","Mark of Pain","Shuriken","Turnip","Omamori","Charon\u0027s Ashes","Red Skull"],"potions_floor_usage":[7,8,37,37,37,42,45],"damage_taken":[{"damage":7,"enemies":"Jaw Worm","floor":1,"turns":3},{"damage":9,"enemies":"2 Louse","floor":2,"turns":3},{"damage":1,"enemies":"Cultist","floor":3,"turns":3},{"damage":10,"enemies":"Looter","floor":4,"turns":4},{"damage":18,"enemies":"Exordium Thugs","floor":5,"turns":6},{"damage":19,"enemies":"Lagavulin","floor":7,"turns":7},{"damage":0,"enemies":"2 Fungi Beasts","floor":8,"turns":3},{"damage":13,"enemies":"Gremlin Nob","floor":10,"turns":5},{"damage":0,"enemies":"3 Sentries","floor":12,"turns":10},{"damage":0,"enemies":"Looter","floor":13,"turns":2},{"damage":0,"enemies":"Large Slime","floor":14,"turns":5},{"damage":36,"enemies":"Hexaghost","floor":16,"turns":9},{"damage":19,"enemies":"3 Byrds","floor":18,"turns":6},{"damage":9,"enemies":"2 Thieves","floor":20,"turns":4},{"damage":26,"enemies":"Snake Plant","floor":21,"turns":4},{"damage":0,"enemies":"Snecko","floor":24,"turns":4},{"damage":29,"enemies":"Slavers","floor":28,"turns":5},{"damage":0,"enemies":"3 Cultists","floor":29,"turns":5},{"damage":6,"enemies":"Cultist and Chosen","floor":30,"turns":5},{"damage":19,"enemies":"Book of Stabbing","floor":31,"turns":5},{"damage":26,"enemies":"Champ","floor":33,"turns":8},{"damage":4,"enemies":"3 Shapes","floor":35,"turns":4},{"damage":15,"enemies":"Mind Bloom Boss Battle","floor":37,"turns":6},{"damage":10,"enemies":"3 Darklings","floor":38,"turns":4},{"damage":19,"enemies":"Transient","floor":39,"turns":5},{"damage":17,"enemies":"Giant Head","floor":40,"turns":7},{"damage":8,"enemies":"Reptomancer","floor":42,"turns":6},{"damage":23,"enemies":"Jaw Worm Horde","floor":45,"turns":4},{"damage":11,"enemies":"4 Shapes","floor":46,"turns":3},{"damage":61,"enemies":"Donu and Deca","floor":50,"turns":7}],"seed_played":"-8207520261196067643","potions_obtained":[{"floor":1,"key":"AttackPotion"},{"floor":4,"key":"SkillPotion"},{"floor":5,"key":"Weak Potion"},{"floor":8,"key":"Dexterity Potion"},{"floor":10,"key":"GamblersBrew"},{"floor":21,"key":"Strength Potion"},{"floor":39,"key":"Weak Potion"},{"floor":42,"key":"SkillPotion"}],"is_trial":false,"path_per_floor":["M","M","M","M","M","R","E","M","T","E","R","E","M","M","R","B",null,"M","?","M","M","?","R","M","R","T","$","E","M","M","E","R","B",null,"M","$","?","M","M","E","R","E","T","$","M","M","?","?","R","B"],"character_chosen":"IRONCLAD","items_purchased":["Whirlwind","Whetstone","Shockwave","Metallicize","Havoc","Shuriken","Red Skull"],"campfire_rested":3,"item_purchase_floors":[27,27,27,27,36,36,44],"current_hp_per_floor":[79,76,80,76,64,64,51,57,57,50,50,56,62,68,68,38,80,67,67,64,44,28,28,34,73,73,73,50,56,56,43,80,60,80,80,80,71,67,54,43,80,78,78,78,61,56,56,56,56,0],"gold":34,"neow_bonus":"RANDOM_COMMON_RELIC","is_prod":false,"is_daily":false,"chose_seed":false,"campfire_upgraded":4,"win_rate":0,"timestamp":1544110827,"path_taken":["M","M","M","M","M","R","E","M","T","E","R","E","M","M","R","BOSS","M","?","M","M","?","R","M","R","T","$","E","M","M","E","R","BOSS","M","$","?","M","M","E","R","E","T","$","M","M","?","?","R","BOSS"],"build_version":"2018-11-15","purchased_purges":2,"victory":false,"max_hp_per_floor":[80,80,80,80,80,80,80,80,80,80,80,80,80,80,80,80,80,80,80,80,80,80,80,80,80,80,80,80,80,80,80,80,80,80,80,80,80,80,80,80,80,80,80,80,80,80,80,80,80,80],"card_choices":[{"not_picked":["Searing Blow","Iron Wave"],"picked":"Body Slam","floor":1},{"not_picked":["Infernal Blade","Armaments"],"picked":"Spot Weakness","floor":2},{"not_picked":["Entrench","Fire Breathing"],"picked":"Metallicize","floor":3},{"not_picked":["Battle Trance","Clothesline"],"picked":"Pommel Strike","floor":4},{"not_picked":["Sword Boomerang","Infernal Blade"],"picked":"Feel No Pain","floor":5},{"not_picked":["Clash","Intimidate"],"picked":"Warcry","floor":7},{"not_picked":["Warcry","Burning Pact"],"picked":"Clash","floor":8},{"not_picked":["Pommel Strike","Body Slam"],"picked":"True Grit","floor":10},{"not_picked":["Carnage","Cleave"],"picked":"Fiend Fire","floor":12},{"not_picked":["Feel No Pain","Body Slam"],"picked":"Battle Trance","floor":13},{"not_picked":["Armaments","Iron Wave"],"picked":"Warcry","floor":14},{"not_picked":["Berserk","Exhume"],"picked":"Demon Form","floor":16},{"not_picked":["Rupture+1"],"picked":"SKIP","floor":18},{"not_picked":["Feel No Pain"],"picked":"SKIP","floor":21},{"not_picked":[],"picked":"Pommel Strike+1","floor":24},{"not_picked":["Sentinel"],"picked":"SKIP","floor":28},{"not_picked":["Body Slam"],"picked":"SKIP","floor":29},{"not_picked":["Heavy Blade"],"picked":"SKIP","floor":30},{"not_picked":["Thunderclap+1"],"picked":"SKIP","floor":31},{"not_picked":[],"picked":"Dark Embrace","floor":33},{"not_picked":["Dual Wield+1"],"picked":"SKIP","floor":35},{"not_picked":[],"picked":"True Grit+1","floor":38},{"not_picked":["Carnage"],"picked":"SKIP","floor":39},{"not_picked":["Sever Soul"],"picked":"SKIP","floor":40},{"not_picked":["Carnage+1"],"picked":"SKIP","floor":42},{"not_picked":["Carnage"],"picked":"SKIP","floor":45},{"not_picked":[],"picked":"Pummel","floor":46}],"player_experience":193741,"relics_obtained":[{"floor":7,"key":"Regal Pillow"},{"floor":9,"key":"FossilizedHelix"},{"floor":10,"key":"Dream Catcher"},{"floor":12,"key":"Mercury Hourglass"},{"floor":22,"key":"Enchiridion"},{"floor":26,"key":"Letter Opener"},{"floor":28,"key":"Nunchaku"},{"floor":31,"key":"MawBank"},{"floor":37,"key":"Turnip"},{"floor":40,"key":"Omamori"},{"floor":42,"key":"Charon\u0027s Ashes"}],"event_choices":[{"damage_healed":0,"gold_gain":0,"player_choice":"Read","damage_taken":0,"max_hp_gain":0,"max_hp_loss":0,"event_name":"The Library","floor":19,"gold_loss":0,"cards_obtained":["Shrug It Off"]},{"damage_healed":0,"gold_gain":0,"player_choice":"Obtained Book","damage_taken":16,"max_hp_gain":0,"max_hp_loss":0,"event_name":"Cursed Tome","floor":22,"gold_loss":0},{"damage_healed":0,"gold_gain":0,"player_choice":"Fight","damage_taken":0,"max_hp_gain":0,"max_hp_loss":0,"event_name":"MindBloom","floor":37,"gold_loss":0},{"cards_removed":["Bash"],"damage_healed":0,"gold_gain":0,"player_choice":"Removed Attack","damage_taken":0,"max_hp_gain":0,"max_hp_loss":0,"event_name":"Falling","floor":47,"gold_loss":0},{"damage_healed":0,"gold_gain":0,"cards_transformed":["Strike_R"],"player_choice":"Transformed","damage_taken":0,"max_hp_gain":0,"max_hp_loss":0,"event_name":"Transmorgrifier","floor":48,"gold_loss":0,"cards_obtained":["Clothesline"]}],"is_beta":false,"boss_relics":[{"not_picked":["Black Star","Calling Bell"],"picked":"Busted Crown"},{"not_picked":["Runic Cube","Coffee Dripper"],"picked":"Mark of Pain"}],"items_purged_floors":[27,44],"is_endless":false,"potions_floor_spawned":[1,4,5,8,10,21,24,30,33,39,42],"killed_by":"Donu and Deca","ascension_level":3}