{"gold_per_floor":[115,115,129,148,164,164,194,194,220,252,263,263,332,332,332,406,406,426,426,445,445,79,79,79,29,29,49,49,61,61,76,76,154,154,174,24,24,24,34,34,48,48,75,103,103,135,135,152,152,152],"floor_reached":50,"playtime":1994,"items_purged":["Strike_B","Strike_B"],"score":1002,"play_id":"5c581d38-5a0f-4b33-bf36-4828bb4d2c31","local_time":"20180803131301","is_ascension_mode":true,"campfire_choices":[{"data":"Conserve Battery","floor":6,"key":"SMITH"},{"floor":8,"key":"REST"},{"data":"Go for the Eyes","floor":12,"key":"SMITH"},{"data":"Seek","floor":15,"key":"SMITH"},{"data":"Tempest","floor":23,"key":"SMITH"},{"data":"Coolheaded","floor":28,"key":"SMITH"},{"data":"Ball Lightning","floor":30,"key":"SMITH"},{"floor":32,"key":"REST"},{"data":"Biased Cognition","floor":40,"key":"SMITH"},{"data":"Consume","floor":45,"key":"SMITH"},{"floor":47,"key":"REST"},{"floor":49,"key":"REST"}],"neow_cost":"NONE","seed_source_timestamp":788703441309335,"circlet_count":0,"master_deck":["Strike_B","Defend_B","Defend_B","Defend_B","Defend_B","Zap+1","Dualcast","AscendersBane","Ball Lightning+1","Conserve Battery+1","White Noise","Coolheaded+1","Seek+1","Go for the Eyes+1","Biased Cognition+1","Tempest+1","BootSequence","Ball Lightning+1","Compile Driver","Reinforced Body","Cold Snap","Ball Lightning+1","Auto Shields","Biased Cognition+1","Hologram+1","Barrage+1","Consume+1","Madness","Madness","Ball Lightning","Leap"],"relics":["Cracked Core","Lantern","Oddly Smooth Stone","Centennial Puzzle","Inserter","DollysMirror","Cables","Velvet Choker","Happy Flower","Blue Candle","Gremlin Horn"],"potions_floor_usage":[5,7,7,10,39,39,44,50,50],"damage_taken":[{"damage":9,"enemies":"Small Slimes","floor":1,"turns":4},{"damage":1,"enemies":"2 Louse","floor":3,"turns":2},{"damage":2,"enemies":"Jaw Worm","floor":4,"turns":3},{"damage":1,"enemies":"Looter","floor":5,"turns":3},{"damage":30,"enemies":"Gremlin Nob","floor":7,"turns":4},{"damage":7,"enemies":"3 Sentries","floor":10,"turns":5},{"damage":0,"enemies":"Exordium Wildlife","floor":11,"turns":3},{"damage":6,"enemies":"The Guardian","floor":16,"turns":12},{"damage":21,"enemies":"2 Thieves","floor":18,"turns":4},{"damage":5,"enemies":"Spheric Guardian","floor":20,"turns":3},{"damage":0,"enemies":"Centurion and Healer","floor":27,"turns":5},{"damage":1,"enemies":"Cultist and Chosen","floor":29,"turns":4},{"damage":16,"enemies":"Snake Plant","floor":31,"turns":3},{"damage":0,"enemies":"Champ","floor":33,"turns":7},{"damage":0,"enemies":"Flame Bruiser 1 Orb","floor":35,"turns":4},{"damage":21,"enemies":"3 Darklings","floor":39,"turns":3},{"damage":3,"enemies":"Sphere and 2 Shapes","floor":41,"turns":3},{"damage":16,"enemies":"Nemesis","floor":44,"turns":5},{"damage":26,"enemies":"2 Orb Walkers","floor":46,"turns":3},{"damage":7,"enemies":"Maw","floor":48,"turns":5},{"damage":50,"enemies":"Awakened One","floor":50,"turns":12}],"seed_played":"5096973789073641991","potions_obtained":[{"floor":1,"key":"GamblersBrew"},{"floor":3,"key":"Energy Potion"},{"floor":5,"key":"Strength Potion"},{"floor":7,"key":"Explosive Potion"},{"floor":16,"key":"FairyPotion"},{"floor":18,"key":"EssenceOfSteel"},{"floor":31,"key":"Energy Potion"},{"floor":39,"key":"Regen Potion"},{"floor":46,"key":"FearPotion"},{"floor":48,"key":"Swift Potion"}],"is_trial":false,"path_per_floor":["M","?","M","M","M","R","E","R","T","E","M","R","?","?","R","B",null,"M","?","M","?","$","R","?","$","T","M","R","M","R","M","R","B",null,"M","$","?","?","M","R","M","?","T","E","R","E","R","M","R"],"character_chosen":"DEFECT","items_purchased":["DollysMirror","Compile Driver","Reinforced Body","Cold Snap","Barrage"],"campfire_rested":4,"item_purchase_floors":[22,22,22,25,36],"current_hp_per_floor":[62,39,38,36,35,35,5,28,28,21,21,21,21,21,21,15,62,41,41,36,36,36,36,36,36,36,36,36,35,35,19,42,42,69,69,69,69,69,48,48,45,31,31,29,29,3,26,19,42,0],"gold":152,"neow_bonus":"TEN_PERCENT_HP_BONUS","is_prod":false,"is_daily":false,"chose_seed":false,"campfire_upgraded":8,"win_rate":0,"timestamp":1533323581,"path_taken":["M","?","M","M","M","R","E","R","T","E","M","R","?","?","R","BOSS","M","?","M","?","$","R","?","$","T","M","R","M","R","M","R","BOSS","M","$","?","?","M","R","M","?","T","E","R","E","R","?","R","BOSS"],"build_version":"2018-08-01","purchased_purges":2,"victory":false,"max_hp_per_floor":[78,78,78,78,78,78,78,78,78,78,78,78,78,78,78,78,78,78,78,78,78,78,78,78,78,78,78,78,78,78,78,78,78,78,78,78,78,78,78,78,78,78,78,78,78,78,78,78,78,78],"card_choices":[{"not_picked":["Sweeping Beam","Capacitor"],"picked":"Ball Lightning","floor":1},{"not_picked":["Chaos","Scrape"],"picked":"Conserve Battery","floor":3},{"not_picked":["Stack","Rip and Tear","Rebound"],"picked":"SKIP","floor":4},{"not_picked":["Leap","Rebound"],"picked":"White Noise","floor":5},{"not_picked":["Melter","Stack"],"picked":"Coolheaded","floor":7},{"not_picked":["Beam Cell","Redo"],"picked":"Seek","floor":10},{"not_picked":["Barrage","Sweeping Beam"],"picked":"Go for the Eyes","floor":11},{"not_picked":["Buffer","Meteor Strike"],"picked":"Biased Cognition","floor":16},{"not_picked":["Beam Cell","Turbo+1"],"picked":"Tempest","floor":18},{"not_picked":["Static Discharge","Fusion+1"],"picked":"BootSequence","floor":20},{"not_picked":["Stack","Chaos","Static Discharge"],"picked":"SKIP","floor":27},{"not_picked":["White Noise","Leap"],"picked":"Ball Lightning","floor":29},{"not_picked":["Barrage","Recycle"],"picked":"Auto Shields","floor":31},{"not_picked":["Amplify","Fission"],"picked":"Biased Cognition","floor":33},{"not_picked":["Go for the Eyes","Doom and Gloom"],"picked":"Hologram+1","floor":35},{"not_picked":["Stack","Melter+1","Go for the Eyes"],"picked":"SKIP","floor":39},{"not_picked":["Rip and Tear","Self Repair"],"picked":"Consume","floor":41},{"not_picked":["Auto Shields+1","Turbo+1"],"picked":"Ball Lightning","floor":44},{"not_picked":["Sunder","Turbo","Rebound"],"picked":"SKIP","floor":46},{"not_picked":["Go for the Eyes","Loop"],"picked":"Leap","floor":48}],"player_experience":931028,"relics_obtained":[{"floor":7,"key":"Lantern"},{"floor":9,"key":"Oddly Smooth Stone"},{"floor":10,"key":"Centennial Puzzle"},{"floor":26,"key":"Cables"},{"floor":43,"key":"Happy Flower"},{"floor":44,"key":"Blue Candle"},{"floor":46,"key":"Gremlin Horn"}],"event_choices":[{"event_name":"Shining Light","player_choice":"Entered Light","floor":2,"damage_taken":0},{"event_name":"Golden Wing","player_choice":"Gained Gold","floor":13,"damage_taken":0},{"event_name":"Living Wall","player_choice":"Forget","floor":14,"damage_taken":0},{"event_name":"Drug Dealer","player_choice":"Ignored","floor":19,"damage_taken":0},{"event_name":"Upgrade Shrine","player_choice":"Upgraded","floor":21,"damage_taken":0},{"event_name":"Addict","player_choice":"Ignored","floor":24,"damage_taken":0},{"event_name":"Accursed Blacksmith","player_choice":"Forge","floor":37,"damage_taken":0},{"event_name":"SecretPortal","player_choice":"Rejected Portal.","floor":38,"damage_taken":0},{"event_name":"Winding Halls","player_choice":"Embrace Madness","floor":42,"damage_taken":0}],"is_beta":true,"boss_relics":[{"not_picked":["Orrery","Calling Bell"],"picked":"Inserter"},{"not_picked":["Philosopher\u0027s Stone","Eternal Feather"],"picked":"Velvet Choker"}],"items_purged_floors":[22,36],"is_endless":false,"potions_floor_spawned":[1,3,5,7,16,18,31,33,39,46,48],"killed_by":"Awakened One","ascension_level":15}