{"gold_per_floor":[115,115,190,190,41,41,72,72,72,104,104,121,121,21,21,125,125,140,140,152,77,177,177,196,196,196,31,31,31,42,62,62,162,162,180,198,48,100,112,147,147,160,185,200,200,210,229,229],"floor_reached":48,"playtime":4253,"items_purged":["Strike_B","Strike_B","Strike_B","Aggregate+1"],"score":540,"play_id":"d9a57587-acf6-4041-8469-17925505df9b","local_time":"20190125033051","is_ascension_mode":true,"campfire_choices":[{"data":"Coolheaded","floor":6,"key":"SMITH"},{"data":"Lockon","floor":11,"key":"SMITH"},{"data":"Dualcast","floor":13,"key":"SMITH"},{"data":"Zap","floor":15,"key":"SMITH"},{"data":"Conserve Battery","floor":23,"key":"SMITH"},{"data":"Defend_B","floor":25,"key":"SMITH"},{"data":"Go for the Eyes","floor":32,"key":"SMITH"}],"neow_cost":"NONE","seed_source_timestamp":130735592709292,"circlet_count":0,"master_deck":["Defend_B+1","Zap+1","Dualcast+1","Doom and Gloom+1","Conserve Battery+1","Coolheaded+1","Lockon+1","Genetic Algorithm+1","Hologram+1","Darkness+1","Defragment+1","Capacitor+1","Chaos+1","Chaos+1","Turbo+1","Rainbow+1","Fusion+1","Multi-Cast+1","Streamline+1","Doom and Gloom+1","Hologram+1","Coolheaded+1","Steam Power+1","Chaos+1","Multi-Cast+1"],"relics":["Cracked Core","Mango","Darkstone Periapt","Toxic Egg 2","StoneCalendar","Pocketwatch","Coffee Dripper","Kunai","Ice Cream","Frozen Egg 2","Astrolabe","Gambling Chip","Oddly Smooth Stone","Pen Nib"],"potions_floor_usage":[22,31,38,38,46,46,48],"damage_taken":[{"damage":1,"enemies":"Cultist","floor":1,"turns":3},{"damage":10,"enemies":"3 Sentries","floor":7,"turns":4},{"damage":24,"enemies":"Lagavulin","floor":10,"turns":6},{"damage":1,"enemies":"Jaw Worm","floor":12,"turns":4},{"damage":2,"enemies":"Hexaghost","floor":16,"turns":7},{"damage":4,"enemies":"3 Byrds","floor":18,"turns":5},{"damage":22,"enemies":"2 Thieves","floor":20,"turns":3},{"damage":20,"enemies":"Colosseum Slavers","floor":22,"turns":5},{"damage":14,"enemies":"Colosseum Nobs","floor":22,"turns":4},{"damage":0,"enemies":"Snecko","floor":24,"turns":2},{"damage":0,"enemies":"Centurion and Healer","floor":30,"turns":4},{"damage":10,"enemies":"Sentry and Sphere","floor":31,"turns":3},{"damage":27,"enemies":"Automaton","floor":33,"turns":8},{"damage":2,"enemies":"3 Shapes","floor":35,"turns":3},{"damage":7,"enemies":"3 Darklings","floor":36,"turns":4},{"damage":19,"enemies":"2 Orb Walkers","floor":38,"turns":3},{"damage":14,"enemies":"Spire Growth","floor":39,"turns":4},{"damage":29,"enemies":"Giant Head","floor":40,"turns":6},{"damage":0,"enemies":"Maw","floor":42,"turns":5},{"damage":0,"enemies":"Sphere and 2 Shapes","floor":44,"turns":3},{"damage":21,"enemies":"3 Darklings","floor":46,"turns":4},{"damage":17,"enemies":"Spire Growth","floor":47,"turns":4},{"damage":5,"enemies":"Transient","floor":48,"turns":2}],"seed_played":"2658342305964074258","potions_obtained":[{"floor":1,"key":"FearPotion"},{"floor":10,"key":"FairyPotion"},{"floor":12,"key":"Poison Potion"},{"floor":16,"key":"Swift Potion"},{"floor":22,"key":"Ancient Potion"},{"floor":33,"key":"Ancient Potion"},{"floor":35,"key":"Poison Potion"},{"floor":40,"key":"PowerPotion"},{"floor":44,"key":"Regen Potion"},{"floor":47,"key":"SpeedPotion"}],"is_trial":false,"path_per_floor":["M","?","?","?","$","R","E","T","T","E","R","M","R","$","R","B",null,"M","?","M","?","?","R","M","R","T","$","?","$","M","M","R","B",null,"M","M","$","?","M","E","R","M","T","M","?","M","M","M"],"character_chosen":"DEFECT","items_purchased":["Conserve Battery","Coolheaded","Capacitor+1"],"campfire_rested":0,"item_purchase_floors":[5,5,27],"current_hp_per_floor":[81,65,54,50,50,50,40,40,40,16,16,15,15,15,15,13,96,92,73,51,51,17,17,17,17,17,17,17,17,17,7,7,10,101,99,92,92,73,59,30,30,30,30,30,30,18,1,0],"gold":229,"neow_bonus":"TEN_PERCENT_HP_BONUS","is_prod":false,"is_daily":false,"chose_seed":false,"campfire_upgraded":7,"win_rate":0,"timestamp":1548383451,"path_taken":["M","?","?","?","$","R","E","?","T","E","R","?","R","$","R","BOSS","M","?","M","?","?","R","M","R","T","$","?","?","M","?","R","BOSS","M","M","$","?","M","E","R","M","T","M","?","M","M","M"],"build_version":"2019-01-23","purchased_purges":4,"victory":false,"max_hp_per_floor":[82,82,82,96,96,96,96,96,96,96,96,96,96,96,96,96,96,96,101,101,101,101,101,101,101,101,101,101,101,101,101,101,101,101,101,101,101,101,101,101,101,101,101,101,101,101,101,101],"card_choices":[{"not_picked":["Beam Cell","Stack"],"picked":"Doom and Gloom","floor":1},{"not_picked":["Ball Lightning","Double Energy"],"picked":"Lockon","floor":7},{"not_picked":["Steam+1","Go for the Eyes"],"picked":"Genetic Algorithm+1","floor":10},{"not_picked":["Melter","Sweeping Beam"],"picked":"Hologram+1","floor":12},{"not_picked":["Buffer","Electrodynamics"],"picked":"Amplify+1","floor":16},{"not_picked":["Sweeping Beam","Melter+1"],"picked":"Gash+1","floor":18},{"not_picked":["Gash","Sweeping Beam"],"picked":"Darkness+1","floor":20},{"not_picked":["Double Energy+1","Leap+1"],"picked":"Defragment+1","floor":22},{"not_picked":["Compile Driver","BootSequence+1"],"picked":"Aggregate+1","floor":24},{"not_picked":["Sweeping Beam","Static Discharge+1"],"picked":"Turbo+1","floor":30},{"not_picked":["Self Repair+1","Gash"],"picked":"Go for the Eyes","floor":31},{"not_picked":["All For One","Electrodynamics+1"],"picked":"Rainbow+1","floor":33},{"not_picked":["Streamline+1","Stack+1"],"picked":"Doom and Gloom+1","floor":35},{"not_picked":["Tempest+1","Blizzard"],"picked":"Hologram+1","floor":36},{"not_picked":["Compile Driver","Streamline"],"picked":"Coolheaded+1","floor":38},{"not_picked":["Lockon","Undo+1","Sweeping Beam+1"],"picked":"SKIP","floor":39},{"not_picked":["Sunder+1","Doom and Gloom","Stack+1"],"picked":"SKIP","floor":40},{"not_picked":["Streamline","Heatsinks+1"],"picked":"Steam Power+1","floor":42},{"not_picked":["Coolheaded+1","Rebound+1"],"picked":"Chaos+1","floor":44},{"not_picked":["Tempest+1","Barrage+1"],"picked":"Multi-Cast+1","floor":46},{"not_picked":["Streamline+1","Turbo+1","Rebound"],"picked":"SKIP","floor":47}],"player_experience":57326,"relics_obtained":[{"floor":7,"key":"Darkstone Periapt"},{"floor":8,"key":"Toxic Egg 2"},{"floor":9,"key":"StoneCalendar"},{"floor":10,"key":"Pocketwatch"},{"floor":22,"key":"Kunai"},{"floor":22,"key":"Ice Cream"},{"floor":26,"key":"Frozen Egg 2"},{"floor":38,"key":"Gambling Chip"},{"floor":40,"key":"Oddly Smooth Stone"},{"floor":43,"key":"Pen Nib"}],"event_choices":[{"damage_healed":0,"gold_gain":0,"player_choice":"Entered Light","damage_taken":16,"max_hp_gain":0,"max_hp_loss":0,"event_name":"Shining Light","floor":2,"gold_loss":0,"cards_upgraded":["Defend_B","Doom and Gloom"]},{"damage_healed":0,"gold_gain":75,"player_choice":"Gather Gold","damage_taken":11,"max_hp_gain":0,"max_hp_loss":0,"event_name":"World of Goop","floor":3,"gold_loss":0},{"damage_healed":0,"gold_gain":0,"player_choice":"Success","damage_taken":18,"relics_obtained":["Mango"],"max_hp_gain":0,"max_hp_loss":0,"event_name":"Scrap Ooze","floor":4,"gold_loss":0},{"damage_healed":0,"gold_gain":0,"player_choice":"Shed Blood","damage_taken":24,"max_hp_gain":5,"max_hp_loss":0,"event_name":"Forgotten Altar","floor":19,"gold_loss":0},{"cards_removed":["Strike_B"],"damage_healed":0,"gold_gain":0,"player_choice":"Gave Gold","damage_taken":0,"max_hp_gain":0,"max_hp_loss":0,"event_name":"Beggar","floor":21,"gold_loss":75},{"damage_healed":0,"gold_gain":0,"player_choice":"Fight","damage_taken":0,"max_hp_gain":0,"max_hp_loss":0,"event_name":"Colosseum","floor":22,"gold_loss":0},{"damage_healed":0,"gold_gain":0,"player_choice":"Fought Nobs","damage_taken":0,"max_hp_gain":0,"max_hp_loss":0,"event_name":"Colosseum","floor":22,"gold_loss":0},{"damage_healed":0,"gold_gain":0,"cards_transformed":["Defend_B","Defend_B"],"player_choice":"Became Test Subject","damage_taken":0,"max_hp_gain":0,"max_hp_loss":0,"event_name":"Drug Dealer","floor":28,"gold_loss":0,"cards_obtained":["Chaos","Chaos"]},{"damage_healed":0,"gold_gain":0,"player_choice":"Fight","damage_taken":0,"max_hp_gain":0,"max_hp_loss":0,"event_name":"Mysterious Sphere","floor":38,"gold_loss":0},{"cards_removed":["Defend_B"],"damage_healed":0,"gold_gain":0,"player_choice":"Removed Skill","damage_taken":0,"max_hp_gain":0,"max_hp_loss":0,"event_name":"Falling","floor":45,"gold_loss":0}],"is_beta":false,"boss_relics":[{"not_picked":["Runic Pyramid","Lizard Tail"],"picked":"Coffee Dripper"},{"not_picked":["Sozu","Black Star"],"picked":"Astrolabe"}],"items_purged_floors":[5,14,27,37],"is_endless":false,"potions_floor_spawned":[1,10,12,16,22,22,33,35,40,44,47],"killed_by":"Transient","ascension_level":2}