{"gold_per_floor":[110,120,139,154,174,174,205,205,280,280,280,290,33,44,44,123,123,140,140,140,153,166,91,91,0,0,12,12,27,27,38,38,113,113,133,133,143,143,160,160,186,186,213,60,60,74,74,92,92,92],"floor_reached":51,"playtime":3353,"items_purged":["Strike_B","Strike_B+1"],"score":1255,"play_id":"16a25aef-22d8-4ea6-8a96-bca1cdc9a957","local_time":"20180921121007","is_ascension_mode":true,"campfire_choices":[{"data":"Zap","floor":6,"key":"SMITH"},{"data":"Auto Shields","floor":8,"key":"SMITH"},{"data":"Sunder","floor":11,"key":"SMITH"},{"data":"Leap","floor":15,"key":"SMITH"},{"data":"Go for the Eyes","floor":28,"key":"SMITH"},{"data":"FTL","floor":30,"key":"SMITH"},{"data":"Dualcast","floor":32,"key":"SMITH"},{"data":"Seek","floor":40,"key":"SMITH"},{"data":"Madness","floor":42,"key":"SMITH"},{"data":"Consume","floor":47,"key":"SMITH"},{"floor":49,"key":"REST"}],"neow_cost":"NONE","seed_source_timestamp":748818704554307,"circlet_count":0,"master_deck":["Defend_B+1","Defend_B+1","Defend_B+1","Defend_B+1","Zap+1","Dualcast+1","AscendersBane","Sunder+1","Cold Snap","Auto Shields+1","FTL+1","Leap+1","Ball Lightning","FTL","All For One","Electrodynamics","Ball Lightning","Machine Learning","BootSequence+1","Go for the Eyes+1","FTL","Steam+1","Seek+1","Madness+1","Madness","Ball Lightning","Consume+1","Beam Cell","Gash"],"relics":["Cracked Core","NeowsBlessing","Dream Catcher","Kunai","Empty Cage","Meat on the Bone","Sozu","StoneCalendar","Bag of Preparation"],"potions_floor_usage":[7,7,16,18,21,27,27,31,41],"damage_taken":[{"damage":0,"enemies":"Cultist","floor":1,"turns":1},{"damage":0,"enemies":"Jaw Worm","floor":2,"turns":1},{"damage":0,"enemies":"Small Slimes","floor":3,"turns":1},{"damage":10,"enemies":"3 Louse","floor":4,"turns":3},{"damage":0,"enemies":"Exordium Wildlife","floor":5,"turns":2},{"damage":4,"enemies":"Lagavulin","floor":7,"turns":7},{"damage":7,"enemies":"Blue Slaver","floor":12,"turns":3},{"damage":0,"enemies":"3 Louse","floor":14,"turns":2},{"damage":7,"enemies":"The Guardian","floor":16,"turns":11},{"damage":6,"enemies":"2 Thieves","floor":18,"turns":3},{"damage":2,"enemies":"Spheric Guardian","floor":21,"turns":4},{"damage":24,"enemies":"Snake Plant","floor":22,"turns":5},{"damage":1,"enemies":"Snecko","floor":27,"turns":5},{"damage":0,"enemies":"Chosen and Byrds","floor":29,"turns":5},{"damage":4,"enemies":"Shelled Parasite and Fungi","floor":31,"turns":5},{"damage":24,"enemies":"Champ","floor":33,"turns":21},{"damage":3,"enemies":"Orb Walker","floor":35,"turns":3},{"damage":1,"enemies":"3 Darklings","floor":37,"turns":4},{"damage":5,"enemies":"Maw","floor":39,"turns":9},{"damage":25,"enemies":"Giant Head","floor":41,"turns":10},{"damage":18,"enemies":"Reptomancer","floor":46,"turns":4},{"damage":11,"enemies":"Transient","floor":48,"turns":6},{"damage":46,"enemies":"Awakened One","floor":50,"turns":21}],"seed_played":"8294896412673385896","potions_obtained":[{"floor":2,"key":"Strength Potion"},{"floor":3,"key":"PowerPotion"},{"floor":4,"key":"Weak Potion"},{"floor":12,"key":"GamblersBrew"},{"floor":14,"key":"Swift Potion"},{"floor":16,"key":"FearPotion"},{"floor":18,"key":"SpeedPotion"},{"floor":22,"key":"Weak Potion"},{"floor":29,"key":"Ancient Potion"},{"floor":33,"key":"Block Potion"}],"is_trial":false,"path_per_floor":["M","M","M","M","M","R","E","R","T","$","R","M","$","M","R","B",null,"M","?","?","M","M","$","?","?","T","M","R","M","R","M","R","B",null,"M","?","M","?","M","R","E","R","T","$","?","M","R","M","R","B"],"character_chosen":"DEFECT","items_purchased":["All For One","Electrodynamics","Ball Lightning"],"campfire_rested":1,"item_purchase_floors":[13,13,44],"current_hp_per_floor":[64,64,64,54,54,54,57,57,57,57,57,50,50,50,50,43,64,58,38,53,51,27,27,27,27,27,38,38,50,50,46,46,34,66,63,49,48,48,43,43,30,30,30,30,30,24,24,25,47,13],"gold":92,"neow_bonus":"THREE_ENEMY_KILL","is_prod":false,"is_daily":false,"chose_seed":true,"campfire_upgraded":10,"win_rate":0,"timestamp":1537553407,"path_taken":["M","?","M","M","M","R","E","R","T","$","R","M","$","M","R","BOSS","M","?","?","?","M","$","?","?","T","M","R","M","R","M","R","BOSS","M","?","M","?","?","R","E","R","T","$","?","M","R","M","R","BOSS"],"build_version":"2018-09-20","purchased_purges":2,"victory":true,"max_hp_per_floor":[71,71,71,71,71,71,71,71,71,71,71,71,71,71,71,71,71,71,76,76,76,76,76,76,76,76,76,76,76,76,76,76,76,76,76,76,76,76,76,76,76,76,76,76,76,76,76,76,76,76],"card_choices":[{"not_picked":["Streamline","Darkness"],"picked":"Sunder","floor":1},{"not_picked":["Barrage","Beam Cell"],"picked":"Cold Snap","floor":2},{"not_picked":["Coolheaded","Fusion"],"picked":"Auto Shields","floor":3},{"not_picked":["Stack","Coolheaded"],"picked":"FTL","floor":4},{"not_picked":["Doom and Gloom","Ball Lightning"],"picked":"Leap","floor":5},{"not_picked":["Loop","Stack"],"picked":"Ball Lightning","floor":7},{"not_picked":["Undo","Beam Cell"],"picked":"FTL","floor":12},{"not_picked":["Hologram","Amplify"],"picked":"Ball Lightning","floor":14},{"not_picked":["Meteor Strike","Biased Cognition"],"picked":"Machine Learning","floor":16},{"not_picked":["Streamline","Reinforced Body"],"picked":"BootSequence+1","floor":18},{"not_picked":["Stack","Heatsinks"],"picked":"Go for the Eyes","floor":21},{"not_picked":["Aggregate","Beam Cell"],"picked":"FTL","floor":22},{"not_picked":["Leap","Redo"],"picked":"Steam+1","floor":27},{"not_picked":["Rip and Tear+1","Rebound","Double Energy"],"picked":"SKIP","floor":29},{"not_picked":["Coolheaded","Streamline","Electrodynamics"],"picked":"SKIP","floor":31},{"not_picked":["Meteor Strike","Multi-Cast"],"picked":"Seek","floor":33},{"not_picked":["Chaos","Capacitor+1","Static Discharge"],"picked":"SKIP","floor":35},{"not_picked":["Lockon+1","Loop","Genetic Algorithm"],"picked":"SKIP","floor":37},{"not_picked":["Rebound","Genetic Algorithm","Sweeping Beam"],"picked":"SKIP","floor":39},{"not_picked":["Rebound","Double Energy","Blizzard+1"],"picked":"SKIP","floor":41},{"not_picked":["Auto Shields","Genetic Algorithm+1"],"picked":"Consume","floor":46},{"not_picked":["Ball Lightning","Loop"],"picked":"Beam Cell","floor":48},{"not_picked":["Consume+1","Fission"],"picked":"Gash","floor":49}],"player_experience":1050436,"relics_obtained":[{"floor":7,"key":"Dream Catcher"},{"floor":9,"key":"Kunai"},{"floor":26,"key":"Meat on the Bone"},{"floor":41,"key":"StoneCalendar"},{"floor":43,"key":"Bag of Preparation"}],"event_choices":[{"event_name":"Forgotten Altar","player_choice":"Shed Blood","floor":19,"damage_taken":0},{"event_name":"The Library","player_choice":"Heal","floor":20,"damage_taken":0},{"event_name":"Back to Basics","player_choice":"Simplicity","floor":24,"damage_taken":0},{"event_name":"Masked Bandits","player_choice":"Paid Fearfully","floor":25,"damage_taken":0},{"event_name":"Winding Halls","player_choice":"Embrace Madness","floor":36,"damage_taken":0},{"event_name":"Tomb of Lord Red Mask","player_choice":"Ignored","floor":38,"damage_taken":0},{"event_name":"SecretPortal","player_choice":"Rejected Portal.","floor":45,"damage_taken":0}],"is_beta":true,"boss_relics":[{"not_picked":["White Beast Statue","Nuclear Battery"],"picked":"Empty Cage"},{"not_picked":["Eternal Feather","Orrery"],"picked":"Sozu"}],"items_purged_floors":[23,44],"is_endless":false,"potions_floor_spawned":[2,3,4,12,14,16,18,22,29,33,35,39,46],"ascension_level":19}