{"gold_per_floor":[114,114,114,114,114,147,147,179,179,179,14,88,108,126,126,199,199,209,28,28,28,28,55,55,83,83,83,83,83,83,99,99,178,178,194,6,6,16,35,35,53,68,94,94,108,23,23,3,3,3],"floor_reached":50,"playtime":2402,"items_purged":["Strike_B"],"score":1089,"play_id":"fa2ce0bb-6854-4254-8e02-df8b7d4491bf","local_time":"20190126140001","is_ascension_mode":true,"campfire_choices":[{"data":"Zap","floor":7,"key":"SMITH"},{"floor":10,"key":"REST"},{"data":"Defragment","floor":15,"key":"SMITH"},{"floor":24,"key":"REST"},{"floor":28,"key":"REST"},{"data":"Buffer","floor":30,"key":"SMITH"},{"data":"Echo Form","floor":32,"key":"SMITH"},{"data":"Defragment","floor":40,"key":"SMITH"},{"floor":44,"key":"REST"},{"data":"Loop","floor":49,"key":"SMITH"}],"neow_cost":"NONE","seed_source_timestamp":1453090399652793,"circlet_count":0,"master_deck":["AscendersBane","Strike_B","Strike_B","Defend_B","Defend_B+1","Defend_B+1","Defend_B","Zap+1","Dualcast","Compile Driver","FTL","Gash","Defragment+1","Leap","Steam","Cold Snap","Echo Form+1","Reinforced Body+1","Chill","Buffer+1","Electrodynamics","White Noise+1","Loop+1","Hello World","Defragment+1","Ball Lightning","Ball Lightning","Parasite","Reinforced Body","Writhe","Compile Driver"],"relics":["FrozenCore","NeowsBlessing","Ginger","Orichalcum","Bronze Scales","Torii","Kunai","Nuclear Battery","The Courier","Mummified Hand","Ancient Tea Set","Singing Bowl","Potion Belt"],"potions_floor_usage":[16,23,23,33,39,45,50,50],"damage_taken":[{"damage":0,"enemies":"Jaw Worm","floor":1,"turns":1},{"damage":0,"enemies":"Gremlin Nob","floor":6,"turns":1},{"damage":0,"enemies":"3 Sentries","floor":8,"turns":1},{"damage":9,"enemies":"2 Louse","floor":13,"turns":2},{"damage":7,"enemies":"Small Slimes","floor":14,"turns":3},{"damage":10,"enemies":"Slime Boss","floor":16,"turns":10},{"damage":10,"enemies":"Chosen","floor":18,"turns":4},{"damage":11,"enemies":"Slavers","floor":23,"turns":6},{"damage":31,"enemies":"Book of Stabbing","floor":25,"turns":5},{"damage":0,"enemies":"Shell Parasite","floor":31,"turns":5},{"damage":8,"enemies":"Collector","floor":33,"turns":16},{"damage":1,"enemies":"3 Shapes","floor":35,"turns":5},{"damage":0,"enemies":"3 Darklings","floor":38,"turns":5},{"damage":27,"enemies":"4 Shapes","floor":39,"turns":3},{"damage":1,"enemies":"Writhing Mass","floor":41,"turns":6},{"damage":22,"enemies":"3 Darklings","floor":42,"turns":2},{"damage":19,"enemies":"Jaw Worm Horde","floor":45,"turns":5},{"damage":57,"enemies":"Donu and Deca","floor":50,"turns":3}],"seed_played":"-9075612790806783940","potions_obtained":[{"floor":6,"key":"Poison Potion"},{"floor":31,"key":"Fruit Juice"},{"floor":35,"key":"Block Potion"},{"floor":38,"key":"Poison Potion"},{"floor":42,"key":"FocusPotion"},{"floor":45,"key":"Weak Potion"}],"is_trial":false,"path_per_floor":["M","?","?","?","?","E","R","E","T","R","$","T","M","M","R","B",null,"M","$","?","?","T","E","R","E","T","?","R","?","R","M","R","B",null,"M","$","?","M","M","R","M","M","T","R","M","$","?","$","R","B"],"character_chosen":"DEFECT","items_purchased":["Ball Lightning","Defragment","Leap","SkillPotion","AttackPotion","Loop","Hello World","Defragment","Ball Lightning","PowerPotion","SkillPotion","Compile Driver"],"campfire_rested":4,"item_purchase_floors":[11,11,11,19,19,36,36,36,36,46,46,48],"current_hp_per_floor":[64,69,62,44,21,21,21,21,21,43,43,43,34,27,27,17,61,51,51,29,29,29,18,42,11,11,11,35,35,35,37,37,34,75,74,74,74,74,49,49,50,28,28,55,38,38,57,57,57,0],"gold":3,"neow_bonus":"THREE_ENEMY_KILL","is_prod":false,"is_daily":false,"chose_seed":false,"campfire_upgraded":6,"win_rate":0,"timestamp":1548536401,"path_taken":["M","?","?","?","?","E","R","E","T","R","$","?","M","M","R","BOSS","M","$","?","?","?","E","R","E","T","?","R","?","R","M","R","BOSS","M","$","?","M","M","R","M","M","T","R","M","$","?","?","R","BOSS"],"build_version":"2019-01-23","purchased_purges":1,"victory":false,"max_hp_per_floor":[71,76,76,76,76,76,76,76,76,76,76,76,76,76,76,76,76,76,76,81,81,81,81,81,81,81,81,81,81,81,83,83,88,88,88,88,88,88,90,90,92,92,92,92,94,94,94,94,94,94],"card_choices":[{"not_picked":["Recycle","Sweeping Beam"],"picked":"Compile Driver","floor":1},{"not_picked":["Conserve Battery","Recycle"],"picked":"FTL","floor":6},{"not_picked":["Rebound","Self Repair"],"picked":"Gash","floor":8},{"not_picked":["Lockon","Redo"],"picked":"Steam","floor":13},{"not_picked":["Fusion","Barrage"],"picked":"Cold Snap","floor":14},{"not_picked":["Reboot","Multi-Cast"],"picked":"Echo Form","floor":16},{"not_picked":["Fusion","Steam Power"],"picked":"Reinforced Body+1","floor":18},{"not_picked":["Reprogram","Leap"],"picked":"Chill","floor":23},{"not_picked":["Reboot","Reinforced Body"],"picked":"Buffer","floor":25},{"not_picked":["Scrape","Double Energy","Reprogram"],"picked":"Singing Bowl","floor":31},{"not_picked":["Biased Cognition","Fission"],"picked":"Electrodynamics","floor":33},{"not_picked":["Recycle","Hologram"],"picked":"White Noise+1","floor":35},{"not_picked":["Barrage+1","Scrape"],"picked":"Ball Lightning","floor":38},{"not_picked":["Fusion+1","Beam Cell","Streamline"],"picked":"Singing Bowl","floor":39},{"not_picked":["Rainbow","Redo+1","Skim"],"picked":"Singing Bowl","floor":41},{"not_picked":["Tempest","Steam"],"picked":"Reinforced Body","floor":42},{"not_picked":["Self Repair","Fusion","Redo+1"],"picked":"Singing Bowl","floor":45}],"player_experience":1254938,"relics_obtained":[{"floor":6,"key":"Orichalcum"},{"floor":8,"key":"Bronze Scales"},{"floor":9,"key":"Torii"},{"floor":12,"key":"Kunai"},{"floor":22,"key":"The Courier"},{"floor":23,"key":"Mummified Hand"},{"floor":25,"key":"Ancient Tea Set"},{"floor":26,"key":"Singing Bowl"},{"floor":43,"key":"Potion Belt"}],"event_choices":[{"damage_healed":0,"gold_gain":0,"player_choice":"Donut","damage_taken":0,"max_hp_gain":5,"max_hp_loss":0,"event_name":"Big Fish","floor":2,"gold_loss":0},{"cards_removed":["Strike_B"],"damage_healed":0,"gold_gain":0,"player_choice":"Card Removal","damage_taken":7,"max_hp_gain":0,"max_hp_loss":0,"event_name":"Golden Wing","floor":3,"gold_loss":0},{"damage_healed":0,"gold_gain":0,"player_choice":"Success","damage_taken":18,"relics_obtained":["Ginger"],"max_hp_gain":0,"max_hp_loss":0,"event_name":"Scrap Ooze","floor":4,"gold_loss":0},{"damage_healed":0,"gold_gain":0,"player_choice":"Entered Light","damage_taken":23,"max_hp_gain":0,"max_hp_loss":0,"event_name":"Shining Light","floor":5,"gold_loss":0,"cards_upgraded":["Defend_B","Defend_B"]},{"damage_healed":0,"gold_gain":0,"player_choice":"Shed Blood","damage_taken":27,"max_hp_gain":5,"max_hp_loss":0,"event_name":"Forgotten Altar","floor":20,"gold_loss":0},{"damage_healed":0,"gold_gain":0,"player_choice":"Ignored","damage_taken":0,"max_hp_gain":0,"max_hp_loss":0,"event_name":"Vampires","floor":21,"gold_loss":0},{"damage_healed":0,"gold_gain":0,"player_choice":"Ignored","damage_taken":0,"max_hp_gain":0,"max_hp_loss":0,"event_name":"Cursed Tome","floor":29,"gold_loss":0},{"cards_removed":["Ball Lightning"],"damage_healed":0,"gold_gain":0,"player_choice":"Removed Attack","damage_taken":0,"max_hp_gain":0,"max_hp_loss":0,"event_name":"Falling","floor":37,"gold_loss":0},{"damage_healed":19,"gold_gain":0,"player_choice":"Writhe","damage_taken":0,"max_hp_gain":0,"max_hp_loss":0,"event_name":"Winding Halls","floor":47,"gold_loss":0,"cards_obtained":["Writhe"]}],"is_beta":true,"boss_relics":[{"not_picked":["Busted Crown","Philosopher\u0027s Stone"],"picked":"Nuclear Battery"},{"not_picked":["Runic Dome","Tiny House"],"picked":"FrozenCore"}],"items_purged_floors":[19],"is_endless":false,"potions_floor_spawned":[6,31,35,38,42,45],"killed_by":"Donu and Deca","ascension_level":20}