{"gold_per_floor":[20,20,20,38,53,53,81,81,104,124,150,168,168,179,179,179],"floor_reached":16,"playtime":643,"items_purged":[],"score":224,"play_id":"de8509bf-45c8-4c6a-a421-07f8986f1de2","local_time":"20190218130521","is_ascension_mode":true,"campfire_choices":[{"data":"Static Discharge","floor":6,"key":"SMITH"},{"data":"Zap","floor":8,"key":"SMITH"},{"data":"Sweeping Beam","floor":13,"key":"SMITH"},{"data":"Capacitor","floor":15,"key":"SMITH"}],"neow_cost":"NO_GOLD","seed_source_timestamp":409538862570300,"circlet_count":0,"master_deck":["AscendersBane","Strike_B","Defend_B","Defend_B","Defend_B","Defend_B","Zap+1","Dualcast","Sweeping Beam+1","Compile Driver","Capacitor+1","Static Discharge+1","Cold Snap","Seek","Glacier"],"relics":["Cracked Core","Juzu Bracelet","Blood Vial","Singing Bowl"],"potions_floor_usage":[7,10],"damage_taken":[{"damage":1,"enemies":"Cultist","floor":1,"turns":3},{"damage":2,"enemies":"Jaw Worm","floor":4,"turns":3},{"damage":4,"enemies":"2 Louse","floor":5,"turns":2},{"damage":21,"enemies":"3 Sentries","floor":7,"turns":3},{"damage":13,"enemies":"Exordium Wildlife","floor":10,"turns":4},{"damage":11,"enemies":"Lagavulin","floor":11,"turns":6},{"damage":1,"enemies":"Blue Slaver","floor":12,"turns":3},{"damage":3,"enemies":"3 Louse","floor":14,"turns":2},{"damage":20,"enemies":"Hexaghost","floor":16,"turns":9}],"seed_played":"-3321799694848823036","potions_obtained":[{"floor":1,"key":"SkillPotion"},{"floor":5,"key":"Weak Potion"},{"floor":12,"key":"FearPotion"}],"is_trial":false,"path_per_floor":["M","?","?","M","M","R","E","R","T","M","E","M","R","M","R","B"],"character_chosen":"DEFECT","items_purchased":[],"campfire_rested":0,"item_purchase_floors":[],"current_hp_per_floor":[63,63,63,61,57,57,36,36,36,25,18,19,19,18,18,0],"gold":179,"neow_bonus":"TRANSFORM_TWO_CARDS","is_prod":false,"is_daily":false,"chose_seed":false,"campfire_upgraded":4,"win_rate":0,"timestamp":1550520321,"path_taken":["M","?","?","?","M","R","E","R","T","M","E","M","R","M","R","BOSS"],"build_version":"2019-02-06","purchased_purges":0,"victory":false,"max_hp_per_floor":[71,71,71,71,71,71,71,71,71,71,73,73,73,73,73,73],"card_choices":[{"not_picked":["Rip and Tear","Fusion"],"picked":"Compile Driver","floor":1},{"not_picked":["Turbo","Go for the Eyes"],"picked":"Capacitor","floor":4},{"not_picked":["BootSequence","Turbo"],"picked":"Static Discharge","floor":5},{"not_picked":["Fusion","Redo","Sunder"],"picked":"SKIP","floor":7},{"not_picked":["Sweeping Beam","Reprogram"],"picked":"Cold Snap","floor":10},{"not_picked":["Barrage","Double Energy","Lockon"],"picked":"Singing Bowl","floor":11},{"not_picked":["Double Energy","Conserve Battery"],"picked":"Seek","floor":12},{"not_picked":["BootSequence","Conserve Battery"],"picked":"Glacier","floor":14}],"player_experience":1344383,"relics_obtained":[{"floor":7,"key":"Juzu Bracelet"},{"floor":9,"key":"Blood Vial"},{"floor":11,"key":"Singing Bowl"}],"event_choices":[{"cards_removed":["Blizzard"],"damage_healed":0,"gold_gain":0,"player_choice":"Forget","damage_taken":0,"max_hp_gain":0,"max_hp_loss":0,"event_name":"Living Wall","floor":2,"gold_loss":0},{"cards_removed":["Strike_B"],"damage_healed":0,"gold_gain":0,"player_choice":"Purged","damage_taken":0,"max_hp_gain":0,"max_hp_loss":0,"event_name":"Purifier","floor":3,"gold_loss":0}],"is_beta":true,"boss_relics":[],"items_purged_floors":[],"is_endless":false,"potions_floor_spawned":[1,5,12],"killed_by":"Hexaghost","ascension_level":20}