{"gold_per_floor":[112,128,145,164,89,121,121,151,151,177,195,195,212,226,226,325,325,339,79,94,94,109,136,136,163,187,214,262,275,290,290,290,390,390,400,400,1399,352,372,397,397,407,407,419,20,49,49,62,62,62],"floor_reached":51,"playtime":2062,"items_purged":["Defend_R","Normality","Normality"],"score":1003,"play_id":"45bb1146-2bf5-4237-8706-43cf95628c6e","local_time":"20180713181155","is_ascension_mode":true,"campfire_choices":[{"data":"Perfected Strike","floor":7,"key":"SMITH"},{"data":"Flame Barrier","floor":12,"key":"SMITH"},{"data":"Bash","floor":15,"key":"SMITH"},{"data":"Double Tap","floor":24,"key":"SMITH"},{"floor":32,"key":"REST"},{"data":"Metallicize","floor":41,"key":"SMITH"},{"data":"Pommel Strike","floor":47,"key":"SMITH"},{"data":"Shrug It Off","floor":49,"key":"SMITH"}],"neow_cost":"","seed_source_timestamp":238916874089905,"circlet_count":0,"master_deck":["Strike_R+1","Strike_R+1","Strike_R+1","Strike_R+1","Strike_R+1","Defend_R+1","Defend_R+1","Defend_R+1","Bash+1","Perfected Strike+1","Pommel Strike+1","Battle Trance","Headbutt","Shrug It Off+1","Pommel Strike","Wild Strike","Flame Barrier+1","Sword Boomerang","Pommel Strike","Double Tap+1","Twin Strike+1","Cleave+1","Clothesline","Clash+1","Metallicize+1","Twin Strike","Shockwave+1","Limit Break+1","Twin Strike+1","Perfected Strike+1","Metallicize+1","True Grit+1","Body Slam+1","Pommel Strike+1","Twin Strike","Shrug It Off+1","Clash"],"relics":["Black Blood","Regal Pillow","Happy Flower","Darkstone Periapt","Calipers","Shuriken","Shovel","Mercury Hourglass","Red Skull","Toxic Egg 2","Boot","Busted Crown","DollysMirror","Incense Burner","Champion Belt","Centennial Puzzle","Pear","Bronze Scales","Letter Opener"],"potions_floor_usage":[4,6,16,23,23,25,27,29,48,50,50,50],"damage_taken":[{"damage":5,"enemies":"2 Louse","floor":1,"turns":4},{"damage":1,"enemies":"Jaw Worm","floor":2,"turns":5},{"damage":7,"enemies":"Small Slimes","floor":3,"turns":3},{"damage":6,"enemies":"Exordium Wildlife","floor":4,"turns":5},{"damage":27,"enemies":"3 Sentries","floor":6,"turns":5},{"damage":23,"enemies":"Lagavulin","floor":8,"turns":5},{"damage":16,"enemies":"Gremlin Nob","floor":10,"turns":3},{"damage":8,"enemies":"Red Slaver","floor":11,"turns":3},{"damage":0,"enemies":"Large Slime","floor":13,"turns":3},{"damage":2,"enemies":"Looter","floor":14,"turns":2},{"damage":0,"enemies":"Slime Boss","floor":16,"turns":6},{"damage":0,"enemies":"Spheric Guardian","floor":18,"turns":2},{"damage":0,"enemies":"3 Byrds","floor":20,"turns":2},{"damage":12,"enemies":"3 Cultists","floor":22,"turns":3},{"damage":41,"enemies":"Gremlin Leader","floor":23,"turns":7},{"damage":25,"enemies":"Slavers","floor":25,"turns":5},{"damage":23,"enemies":"Book of Stabbing","floor":27,"turns":4},{"damage":3,"enemies":"Centurion and Healer","floor":29,"turns":4},{"damage":16,"enemies":"Snake Plant","floor":30,"turns":2},{"damage":66,"enemies":"Champ","floor":33,"turns":10},{"damage":0,"enemies":"Orb Walker","floor":35,"turns":1},{"damage":0,"enemies":"Flame Bruiser 1 Orb","floor":39,"turns":2},{"damage":10,"enemies":"Nemesis","floor":40,"turns":4},{"damage":13,"enemies":"Sphere and 2 Shapes","floor":42,"turns":3},{"damage":1,"enemies":"Transient","floor":44,"turns":5},{"damage":9,"enemies":"Giant Head","floor":46,"turns":6},{"damage":12,"enemies":"3 Darklings","floor":48,"turns":3},{"damage":51,"enemies":"Awakened One","floor":50,"turns":8}],"seed_played":"1765218579221134422","potions_obtained":[{"floor":3,"key":"SpeedPotion"},{"floor":4,"key":"SkillPotion"},{"floor":8,"key":"Explosive Potion"},{"floor":14,"key":"Weak Potion"},{"floor":18,"key":"EssenceOfSteel"},{"floor":20,"key":"LiquidBronze"},{"floor":25,"key":"LiquidBronze"},{"floor":27,"key":"BloodPotion"},{"floor":39,"key":"PowerPotion"},{"floor":44,"key":"BloodPotion"},{"floor":48,"key":"Energy Potion"}],"is_trial":false,"path_per_floor":["M","M","M","M","$","E","R","E","T","E","M","R","M","M","R","B",null,"M","$","M","?","M","E","R","E","T","E","T","M","M","?","R","B",null,"M","?","?","$","M","E","R","M","T","M","$","E","R","M","R","B"],"character_chosen":"IRONCLAD","items_purchased":["Shuriken","DollysMirror","Metallicize","True Grit+1","FearPotion","Incense Burner","Champion Belt","Twin Strike","Shrug It Off+1","Clash","Bronze Scales"],"campfire_rested":1,"item_purchase_floors":[19,38,38,38,38,38,38,45,45,45,45],"current_hp_per_floor":[80,80,79,79,79,58,58,41,41,31,29,29,35,39,39,45,80,80,80,80,80,78,47,47,32,32,19,19,34,28,28,67,11,80,80,80,92,92,92,92,92,89,99,102,102,102,102,100,100,69],"gold":62,"neow_bonus":"","is_prod":false,"is_daily":false,"chose_seed":false,"campfire_upgraded":7,"win_rate":0,"timestamp":1531527115,"path_taken":["M","M","M","M","$","E","R","E","T","E","M","R","M","M","R","BOSS","M","$","M","?","M","E","R","E","T","E","?","M","?","?","R","BOSS","M","?","?","$","M","E","R","M","T","M","$","E","R","?","R","BOSS"],"build_version":"2018-07-12","purchased_purges":3,"victory":true,"max_hp_per_floor":[80,80,80,80,80,80,80,80,80,80,80,80,80,80,80,80,80,80,80,80,80,80,80,80,80,80,80,80,80,80,80,80,80,80,80,80,92,92,92,92,92,92,102,102,102,102,102,102,102,102],"card_choices":[{"not_picked":["Rampage","Havoc"],"picked":"Perfected Strike","floor":1},{"not_picked":["Heavy Blade","Flex"],"picked":"Pommel Strike","floor":2},{"not_picked":["Dropkick","Armaments"],"picked":"Battle Trance","floor":3},{"not_picked":["Infernal Blade","Havoc"],"picked":"Headbutt","floor":4},{"not_picked":["Clothesline","Cleave"],"picked":"Shrug It Off","floor":6},{"not_picked":["Thunderclap","Hemokinesis"],"picked":"Pommel Strike","floor":8},{"not_picked":["Impervious","Clash"],"picked":"Wild Strike","floor":10},{"not_picked":["Thunderclap","Havoc"],"picked":"Flame Barrier","floor":11},{"not_picked":["Sever Soul","Carnage"],"picked":"Sword Boomerang","floor":13},{"not_picked":["Sentinel","Clothesline"],"picked":"Pommel Strike","floor":14},{"not_picked":["Reaper","Brutality"],"picked":"Double Tap","floor":16},{"not_picked":["Headbutt","Rage"],"picked":"Twin Strike+1","floor":18},{"not_picked":["Flex","True Grit"],"picked":"Cleave+1","floor":20},{"not_picked":["Heavy Blade","Anger"],"picked":"Clothesline","floor":22},{"not_picked":["Combust","Battle Trance+1"],"picked":"Clash+1","floor":23},{"not_picked":["Cleave","Feel No Pain","Berserk"],"picked":"SKIP","floor":25},{"not_picked":["Battle Trance","Havoc"],"picked":"Metallicize+1","floor":27},{"not_picked":["Fire Breathing","Shrug It Off+1"],"picked":"Twin Strike","floor":29},{"not_picked":["Clash","Anger"],"picked":"Shockwave+1","floor":30},{"not_picked":["Fiend Fire","Brutality"],"picked":"Limit Break+1","floor":33},{"not_picked":[],"picked":"Twin Strike+1","floor":35},{"not_picked":["Havoc+1"],"picked":"SKIP","floor":39},{"not_picked":[],"picked":"Body Slam+1","floor":40},{"not_picked":["Havoc+1"],"picked":"SKIP","floor":42},{"not_picked":[],"picked":"Pommel Strike+1","floor":44},{"not_picked":["Sentinel+1"],"picked":"SKIP","floor":46},{"not_picked":["Havoc+1"],"picked":"SKIP","floor":48}],"player_experience":770226,"relics_obtained":[{"floor":6,"key":"Regal Pillow"},{"floor":8,"key":"Happy Flower"},{"floor":9,"key":"Darkstone Periapt"},{"floor":10,"key":"Calipers"},{"floor":23,"key":"Shovel"},{"floor":25,"key":"Mercury Hourglass"},{"floor":26,"key":"Red Skull"},{"floor":27,"key":"Toxic Egg 2"},{"floor":28,"key":"Boot"},{"floor":40,"key":"Centennial Puzzle"},{"floor":43,"key":"Pear"},{"floor":46,"key":"Letter Opener"}],"event_choices":[{"event_name":"Ghosts","player_choice":"Ignored","floor":21,"damage_taken":0},{"event_name":"Back to Basics","player_choice":"Simplicity","floor":31,"damage_taken":0},{"event_name":"SecretPortal","player_choice":"Rejected Portal.","floor":36,"damage_taken":0},{"event_name":"MindBloom","player_choice":"Gold","floor":37,"damage_taken":0}],"boss_relics":[{"not_picked":["Fusion Hammer","Runic Pyramid"],"picked":"Black Blood"},{"not_picked":["Astrolabe","Eternal Feather"],"picked":"Busted Crown"}],"items_purged_floors":[5,38,45],"is_endless":false,"potions_floor_spawned":[3,4,8,14,18,20,25,27,39,44,48],"ascension_level":1}