{"gold_per_floor":[16,91,91,108,119,119,151,19,66,66,92,15,15,32,32,32],"floor_reached":16,"playtime":878,"items_purged":["Strike_G"],"score":246,"play_id":"dfb0d843-e67a-4ac5-861b-9d44f313720b","local_time":"20181201145310","is_ascension_mode":true,"campfire_choices":[{"data":"Noxious Fumes","floor":6,"key":"SMITH"},{"data":"Neutralize","floor":10,"key":"SMITH"},{"data":"Catalyst","floor":13,"key":"SMITH"},{"data":"Cloak And Dagger","floor":15,"key":"SMITH"}],"neow_cost":"NO_GOLD","seed_source_timestamp":1542541010064063,"circlet_count":0,"master_deck":["AscendersBane","Defend_G","Defend_G","Defend_G","Defend_G","Defend_G","Strike_G","Strike_G","Strike_G","Survivor","Neutralize+1","After Image","Noxious Fumes+1","Flechettes","Crippling Poison","Cloak And Dagger+1","Catalyst+1","Leg Sweep","Cloak And Dagger"],"relics":["Ring of the Snake","Juzu Bracelet","Blood Vial","Nunchaku"],"potions_floor_usage":[7,7,11,16],"damage_taken":[{"damage":0,"enemies":"2 Louse","floor":1,"turns":3},{"damage":4,"enemies":"Cultist","floor":4,"turns":5},{"damage":5,"enemies":"Small Slimes","floor":5,"turns":5},{"damage":8,"enemies":"Lagavulin","floor":7,"turns":8},{"damage":0,"enemies":"3 Sentries","floor":11,"turns":6},{"damage":10,"enemies":"3 Louse","floor":14,"turns":4},{"damage":27,"enemies":"Slime Boss","floor":16,"turns":8}],"seed_played":"-3207718674017598218","potions_obtained":[{"floor":1,"key":"Energy Potion"},{"floor":4,"key":"PowerPotion"},{"floor":14,"key":"Swift Potion"}],"is_trial":false,"path_per_floor":["M","?","?","M","M","R","E","$","T","R","E","$","R","M","R","B"],"character_chosen":"THE_SILENT","items_purchased":["Block Potion","Leg Sweep"],"campfire_rested":0,"item_purchase_floors":[8,12],"current_hp_per_floor":[59,48,48,44,39,39,31,31,31,31,33,33,33,25,25,0],"gold":32,"neow_bonus":"THREE_RARE_CARDS","is_prod":false,"is_daily":false,"chose_seed":false,"campfire_upgraded":4,"win_rate":0,"timestamp":1543701190,"path_taken":["M","?","?","M","?","R","E","$","T","R","E","$","R","M","R","BOSS"],"build_version":"2018-11-15","purchased_purges":1,"victory":false,"max_hp_per_floor":[66,66,66,66,66,66,66,66,66,66,66,66,66,66,66,66],"card_choices":[{"not_picked":["Adrenaline","Grand Finale"],"picked":"After Image","floor":0},{"not_picked":["Dodge and Roll","Quick Slash"],"picked":"Noxious Fumes","floor":1},{"not_picked":["Finisher","Underhanded Strike","Bane"],"picked":"SKIP","floor":4},{"not_picked":["Prepared","Poisoned Stab"],"picked":"Crippling Poison","floor":5},{"not_picked":["Eviscerate","Poisoned Stab"],"picked":"Cloak And Dagger","floor":7},{"not_picked":["Deflect","Blade Dance"],"picked":"Catalyst","floor":11},{"not_picked":["Underhanded Strike","Infinite Blades"],"picked":"Cloak And Dagger","floor":14}],"player_experience":1140743,"relics_obtained":[{"floor":7,"key":"Juzu Bracelet"},{"floor":9,"key":"Blood Vial"},{"floor":11,"key":"Nunchaku"}],"event_choices":[{"damage_healed":0,"gold_gain":75,"player_choice":"Gather Gold","damage_taken":11,"max_hp_gain":0,"max_hp_loss":0,"event_name":"World of Goop","floor":2,"gold_loss":0},{"damage_healed":0,"gold_gain":0,"cards_transformed":["Strike_G"],"player_choice":"Transformed","damage_taken":0,"max_hp_gain":0,"max_hp_loss":0,"event_name":"Transmorgrifier","floor":3,"gold_loss":0,"cards_obtained":["Flechettes"]}],"is_beta":true,"boss_relics":[],"items_purged_floors":[8],"is_endless":false,"potions_floor_spawned":[1,4,14],"killed_by":"Slime Boss","ascension_level":17}