{"gold_per_floor":[110,122,122,11,11,11,11,44,44,44,44,44,73,93,93,93],"floor_reached":16,"playtime":461,"items_purged":["Strike_G"],"score":255,"play_id":"e64516d4-10ab-46c6-a2ab-780643ff90d5","local_time":"20190125190408","is_ascension_mode":true,"campfire_choices":[{"data":"Footwork","floor":6,"key":"SMITH"},{"data":"Footwork","floor":12,"key":"SMITH"},{"data":"Strike_G","floor":15,"key":"SMITH"}],"neow_cost":"NONE","seed_source_timestamp":1386879164791274,"circlet_count":0,"master_deck":["AscendersBane","Defend_G","Defend_G+1","Defend_G","Defend_G","Defend_G","Strike_G+1","Strike_G+1","Strike_G","Survivor","Neutralize+1","Footwork+1","Dodge and Roll","Footwork+1","Backflip","Well Laid Plans","Blur"],"relics":["Ring of the Snake","NeowsBlessing","Ninja Scroll","Letter Opener","Blood Vial"],"potions_floor_usage":[13],"damage_taken":[{"damage":0,"enemies":"Jaw Worm","floor":1,"turns":1},{"damage":0,"enemies":"2 Louse","floor":2,"turns":1},{"damage":0,"enemies":"Lagavulin","floor":8,"turns":2},{"damage":20,"enemies":"3 Sentries","floor":13,"turns":21},{"damage":0,"enemies":"Cultist","floor":14,"turns":5},{"damage":0,"enemies":"Hexaghost","floor":16,"turns":7}],"seed_played":"-2243729232592469338","potions_obtained":[{"floor":2,"key":"PowerPotion"},{"floor":14,"key":"SpeedPotion"}],"is_trial":false,"path_per_floor":["M","M","?","$","?","R","?","E","T","$","?","R","E","M","R","B"],"character_chosen":"THE_SILENT","items_purchased":["Footwork"],"campfire_rested":0,"item_purchase_floors":[4],"current_hp_per_floor":[59,59,52,52,32,32,32,32,32,32,32,32,12,14,14,16],"gold":93,"neow_bonus":"THREE_ENEMY_KILL","is_prod":false,"is_daily":false,"chose_seed":false,"campfire_upgraded":3,"win_rate":0,"timestamp":1548468248,"path_taken":["M","M","?","$","?","R","?","E","T","$","?","R","E","M","R","BOSS"],"build_version":"2019-01-23","purchased_purges":1,"victory":false,"max_hp_per_floor":[66,66,66,66,66,66,66,66,66,66,66,66,66,66,66,66],"card_choices":[{"not_picked":["Poisoned Stab","Blade Dance"],"picked":"Footwork","floor":1},{"not_picked":["Blade Dance","Concentrate"],"picked":"Dodge and Roll","floor":2},{"not_picked":["Outmaneuver","Concentrate"],"picked":"Backflip","floor":8},{"not_picked":["Storm of Steel","Cloak And Dagger"],"picked":"Well Laid Plans","floor":13},{"not_picked":["Masterful Stab","Acrobatics"],"picked":"Blur","floor":14}],"player_experience":1249552,"relics_obtained":[{"floor":8,"key":"Ninja Scroll"},{"floor":9,"key":"Letter Opener"},{"floor":13,"key":"Blood Vial"}],"event_choices":[{"cards_removed":["Strike_G"],"damage_healed":0,"gold_gain":0,"player_choice":"Card Removal","damage_taken":7,"max_hp_gain":0,"max_hp_loss":0,"event_name":"Golden Wing","floor":3,"gold_loss":0},{"damage_healed":0,"gold_gain":0,"player_choice":"Entered Light","damage_taken":20,"max_hp_gain":0,"max_hp_loss":0,"event_name":"Shining Light","floor":5,"gold_loss":0,"cards_upgraded":["Strike_G","Defend_G"]},{"damage_healed":0,"gold_gain":0,"player_choice":"Leave","damage_taken":0,"max_hp_gain":0,"max_hp_loss":0,"event_name":"The Cleric","floor":7,"gold_loss":0},{"damage_healed":0,"gold_gain":0,"player_choice":"Upgraded","damage_taken":0,"max_hp_gain":0,"max_hp_loss":0,"event_name":"Upgrade Shrine","floor":11,"gold_loss":0,"cards_upgraded":["Neutralize"]}],"is_beta":true,"boss_relics":[],"items_purged_floors":[4],"is_endless":false,"potions_floor_spawned":[2,14],"killed_by":"Hexaghost","ascension_level":19}