{"gold_per_floor":[119,138,1,17,17,17,57,57,80,94,94,124,162,162,174,285,297,334,361,373],"floor_reached":20,"playtime":483,"items_purged":[],"score":464,"play_id":"aa89478b-ffc2-4eef-a521-def342849309","local_time":"20190217135519","is_ascension_mode":true,"campfire_choices":[{"data":"Darkness","floor":6,"key":"SMITH"},{"data":"Darkness","floor":8,"key":"SMITH"},{"data":"Zap","floor":11,"key":"SMITH"},{"data":"Redo","floor":15,"key":"SMITH"}],"neow_cost":"NONE","seed_source_timestamp":326297102525000,"circlet_count":0,"master_deck":["AscendersBane","Zap+1","Dualcast","Darkness+1","Darkness+1","Cold Snap","Redo+1","Fission","Barrage","Core Surge","Thunder Strike","Meteor Strike","Amplify","Leap","White Noise","Gash","Gash","Redo+1"],"relics":["Cracked Core","NeowsBlessing","Golden Idol","DataDisk","Bag of Preparation","Ancient Tea Set","Happy Flower","MawBank","Pandora\u0027s Box"],"potions_floor_usage":[7,7,13],"damage_taken":[{"damage":0,"enemies":"Jaw Worm","floor":1,"turns":1},{"damage":0,"enemies":"Small Slimes","floor":2,"turns":1},{"damage":0,"enemies":"Cultist","floor":4,"turns":1},{"damage":11,"enemies":"Gremlin Nob","floor":7,"turns":3},{"damage":2,"enemies":"Looter","floor":10,"turns":4},{"damage":9,"enemies":"3 Sentries","floor":13,"turns":4},{"damage":0,"enemies":"Slime Boss","floor":16,"turns":5},{"damage":12,"enemies":"Shell Parasite","floor":18,"turns":2},{"damage":27,"enemies":"2 Thieves","floor":19,"turns":3},{"damage":0,"enemies":"Colosseum Slavers","floor":20,"turns":1}],"seed_played":"6486522591246589808","potions_obtained":[{"floor":1,"key":"Poison Potion"},{"floor":7,"key":"SteroidPotion"},{"floor":19,"key":"Dexterity Potion"}],"is_trial":false,"path_per_floor":["M","M","$","M","?","R","E","R","T","M","R","?","E","T","R","B",null,"M","M","?"],"character_chosen":"DEFECT","items_purchased":["Darkness","PowerPotion"],"campfire_rested":0,"item_purchase_floors":[3,3],"current_hp_per_floor":[64,64,64,64,64,64,53,53,53,51,51,51,42,42,42,42,59,47,20,20],"gold":373,"neow_bonus":"THREE_ENEMY_KILL","is_prod":false,"is_daily":false,"chose_seed":false,"campfire_upgraded":4,"win_rate":0,"timestamp":1550436919,"path_taken":["M","M","$","M","?","R","E","R","T","M","R","?","E","?","R","BOSS","M","?","?"],"build_version":"2019-02-06","purchased_purges":0,"victory":false,"max_hp_per_floor":[71,71,71,71,64,64,64,64,64,64,64,64,64,64,64,64,64,64,64,64],"card_choices":[{"not_picked":["Compile Driver","Blizzard"],"picked":"Darkness","floor":1},{"not_picked":["Double Energy","Gash","Streamline"],"picked":"SKIP","floor":2},{"not_picked":["Compile Driver","Blizzard","Streamline"],"picked":"SKIP","floor":4},{"not_picked":["Reprogram","Barrage","Gash"],"picked":"SKIP","floor":7},{"not_picked":["Coolheaded","Ball Lightning"],"picked":"Cold Snap","floor":10},{"not_picked":["Blizzard","Chill"],"picked":"Redo","floor":13},{"not_picked":["Biased Cognition","Reboot"],"picked":"Fission","floor":16},{"not_picked":["Turbo","Compile Driver+1"],"picked":"Gash","floor":18},{"not_picked":["Gash","Auto Shields"],"picked":"Redo+1","floor":19}],"player_experience":1330706,"relics_obtained":[{"floor":7,"key":"DataDisk"},{"floor":9,"key":"Bag of Preparation"},{"floor":13,"key":"Happy Flower"},{"floor":14,"key":"MawBank"}],"event_choices":[{"damage_healed":0,"gold_gain":0,"player_choice":"Lose Max HP","damage_taken":0,"relics_obtained":["Golden Idol"],"max_hp_gain":0,"max_hp_loss":7,"event_name":"Golden Idol","floor":5,"gold_loss":0},{"damage_healed":0,"gold_gain":30,"player_choice":"Searched \u00273\u0027 times","damage_taken":0,"relics_obtained":["Ancient Tea Set"],"max_hp_gain":0,"max_hp_loss":0,"event_name":"Dead Adventurer","floor":12,"gold_loss":0},{"damage_healed":0,"gold_gain":0,"player_choice":"Fight","damage_taken":0,"max_hp_gain":0,"max_hp_loss":0,"event_name":"Colosseum","floor":20,"gold_loss":0}],"is_beta":true,"boss_relics":[{"not_picked":["Runic Pyramid","Philosopher\u0027s Stone"],"picked":"Pandora\u0027s Box"}],"items_purged_floors":[],"is_endless":false,"potions_floor_spawned":[1,7,19],"killed_by":"Colosseum Slavers","ascension_level":20}