{"gold_per_floor":[362,380,455,455,380,380,390,239,239,239,265,277,29,45,45,45],"floor_reached":16,"playtime":610,"items_purged":["Strike_R","Strike_R","Defend_R"],"score":105,"play_id":"4869aa1e-c726-4daa-ab11-13d2c8fa09a4","local_time":"20190203143324","is_ascension_mode":true,"campfire_choices":[{"data":"Bash","floor":6,"key":"SMITH"},{"data":"Strike_R","floor":10,"key":"SMITH"},{"data":"Uppercut","floor":15,"key":"SMITH"}],"neow_cost":"PERCENT_DAMAGE","seed_source_timestamp":328412428375628,"circlet_count":0,"master_deck":["Strike_R","Strike_R","Strike_R+1","Defend_R","Defend_R","Bash+1","Clash","Uppercut+1"],"relics":["Burning Blood","Singing Bowl","Omamori"],"potions_floor_usage":[11,16],"damage_taken":[{"damage":0,"enemies":"Small Slimes","floor":1,"turns":3},{"damage":3,"enemies":"2 Louse","floor":2,"turns":4},{"damage":1,"enemies":"Jaw Worm","floor":7,"turns":3},{"damage":26,"enemies":"3 Sentries","floor":11,"turns":5},{"damage":6,"enemies":"Exordium Wildlife","floor":12,"turns":5},{"damage":21,"enemies":"Large Slime","floor":14,"turns":6},{"damage":26,"enemies":"The Guardian","floor":16,"turns":8}],"seed_played":"-7435935326583333384","potions_obtained":[{"floor":1,"key":"Weak Potion"},{"floor":7,"key":"Block Potion"}],"is_trial":false,"path_per_floor":["M","M","?","?","$","R","M","$","T","R","E","M","$","M","R","B"],"character_chosen":"IRONCLAD","items_purchased":["PowerPotion","Clash","Uppercut"],"campfire_rested":0,"item_purchase_floors":[8,13,13],"current_hp_per_floor":[62,65,54,54,54,54,59,59,59,59,41,43,43,30,30,4],"gold":45,"neow_bonus":"TWO_FIFTY_GOLD","is_prod":false,"is_daily":false,"chose_seed":false,"campfire_upgraded":3,"win_rate":0,"timestamp":1549229604,"path_taken":["M","M","?","?","?","R","M","$","T","R","E","M","$","?","R","BOSS"],"build_version":"2019-01-23","purchased_purges":3,"victory":false,"max_hp_per_floor":[80,80,80,80,80,80,80,80,80,80,82,84,84,86,86,86],"card_choices":[{"not_picked":["Searing Blow","Reckless Charge","Armaments"],"picked":"SKIP","floor":1},{"not_picked":["Clash","Shrug It Off","Iron Wave"],"picked":"SKIP","floor":2},{"not_picked":["True Grit","Sword Boomerang","Clash"],"picked":"SKIP","floor":7},{"not_picked":["True Grit","Dark Embrace","Pommel Strike"],"picked":"Singing Bowl","floor":11},{"not_picked":["Sentinel","Havoc","Perfected Strike"],"picked":"Singing Bowl","floor":12},{"not_picked":["True Grit","Warcry","Second Wind"],"picked":"Singing Bowl","floor":14}],"player_experience":1301332,"relics_obtained":[{"floor":9,"key":"Singing Bowl"},{"floor":11,"key":"Omamori"}],"event_choices":[{"damage_healed":0,"gold_gain":75,"player_choice":"Gather Gold","damage_taken":11,"max_hp_gain":0,"max_hp_loss":0,"event_name":"World of Goop","floor":3,"gold_loss":0},{"cards_removed":["Defend_R"],"damage_healed":0,"gold_gain":0,"player_choice":"Forget","damage_taken":0,"max_hp_gain":0,"max_hp_loss":0,"event_name":"Living Wall","floor":4,"gold_loss":0}],"is_beta":true,"boss_relics":[],"items_purged_floors":[5,8,13],"is_endless":false,"potions_floor_spawned":[1,7],"killed_by":"The Guardian","ascension_level":1}