{"gold_per_floor":[110,128,142,154,174,174,207,207,207,224,253,253,253,272,272,272],"floor_reached":16,"playtime":627,"items_purged":[],"score":143,"play_id":"003fbc9b-8401-456b-a84f-f8802e14fedb","local_time":"20181210182450","is_ascension_mode":true,"campfire_choices":[{"data":"Zap","floor":6,"key":"SMITH"},{"floor":8,"key":"REST"},{"floor":15,"key":"REST"}],"neow_cost":"NONE","seed_source_timestamp":2110922147244,"circlet_count":0,"master_deck":["Strike_B","Strike_B","Strike_B","Defend_B","Defend_B","Defend_B","Defend_B","Zap+1","Dualcast","Echo Form","Rebound","FTL","Stack","Sunder","Conserve Battery","Double Energy","BootSequence","Parasite","Conserve Battery"],"relics":["Cracked Core","Juzu Bracelet","Ginger","Matryoshka"],"potions_floor_usage":[11],"damage_taken":[{"damage":0,"enemies":"Cultist","floor":1,"turns":4},{"damage":3,"enemies":"Small Slimes","floor":2,"turns":3},{"damage":0,"enemies":"2 Louse","floor":3,"turns":2},{"damage":29,"enemies":"Exordium Thugs","floor":4,"turns":5},{"damage":4,"enemies":"Lots of Slimes","floor":5,"turns":3},{"damage":19,"enemies":"Lagavulin","floor":7,"turns":7},{"damage":10,"enemies":"3 Louse","floor":10,"turns":2},{"damage":28,"enemies":"3 Sentries","floor":11,"turns":6},{"damage":4,"enemies":"Red Slaver","floor":14,"turns":2},{"damage":42,"enemies":"Hexaghost","floor":16,"turns":12}],"seed_played":"1136097109071402491","potions_obtained":[{"floor":2,"key":"FocusPotion"},{"floor":5,"key":"Energy Potion"},{"floor":7,"key":"SteroidPotion"},{"floor":14,"key":"Energy Potion"}],"is_trial":false,"path_per_floor":["M","M","M","M","M","R","E","R","T","M","E","?","?","M","R","B"],"character_chosen":"DEFECT","items_purchased":[],"campfire_rested":2,"item_purchase_floors":[],"current_hp_per_floor":[75,72,72,43,39,39,20,42,42,32,4,4,22,18,40,0],"gold":272,"neow_bonus":"ONE_RANDOM_RARE_CARD","is_prod":false,"is_daily":false,"chose_seed":false,"campfire_upgraded":1,"win_rate":0,"timestamp":1544473490,"path_taken":["M","M","M","?","?","R","E","R","T","M","E","?","?","M","R","BOSS"],"build_version":"2018-12-06","purchased_purges":0,"victory":false,"max_hp_per_floor":[75,75,75,75,75,75,75,75,75,75,75,75,75,75,75,75],"card_choices":[{"not_picked":["Cold Snap","Barrage"],"picked":"Rebound","floor":1},{"not_picked":["Consume","Ball Lightning"],"picked":"FTL","floor":2},{"not_picked":["Lockon","Static Discharge"],"picked":"Stack","floor":3},{"not_picked":["Steam","Redo"],"picked":"Sunder","floor":4},{"not_picked":["Self Repair","Rebound"],"picked":"Conserve Battery","floor":5},{"not_picked":["Go for the Eyes","Beam Cell"],"picked":"Double Energy","floor":7},{"not_picked":["Tempest","Redo","Blizzard"],"picked":"SKIP","floor":10},{"not_picked":["Melter","Go for the Eyes"],"picked":"BootSequence","floor":11},{"not_picked":["Compile Driver","Rip and Tear"],"picked":"Conserve Battery","floor":14}],"player_experience":12791,"relics_obtained":[{"floor":7,"key":"Juzu Bracelet"},{"floor":9,"key":"Ginger"},{"floor":11,"key":"Matryoshka"}],"event_choices":[{"cards_removed":["Strike_B"],"damage_healed":0,"gold_gain":0,"player_choice":"Offered Basic","damage_taken":0,"max_hp_gain":0,"max_hp_loss":0,"event_name":"Bonfire Elementals","floor":12,"gold_loss":0},{"damage_healed":18,"gold_gain":0,"player_choice":"Healed and dodged fight","damage_taken":0,"max_hp_gain":0,"max_hp_loss":0,"event_name":"Mushrooms","floor":13,"gold_loss":0,"cards_obtained":["Parasite"]}],"is_beta":false,"boss_relics":[],"items_purged_floors":[],"is_endless":false,"potions_floor_spawned":[2,5,7,10,14],"killed_by":"Hexaghost","ascension_level":5}