{"gold_per_floor":[117,117,117,16,39,78,78,121,146,164,164,208,208,228,228,228],"floor_reached":16,"playtime":648,"items_purged":[],"score":207,"play_id":"4d9e9870-dad3-4ec9-8311-5becbe0d9c04","local_time":"20190218151457","is_ascension_mode":true,"campfire_choices":[{"data":"Clothesline","floor":7,"key":"SMITH"},{"floor":11,"key":"REST"},{"floor":13,"key":"REST"},{"data":"Uppercut","floor":15,"key":"SMITH"}],"neow_cost":"NONE","seed_source_timestamp":317684689763400,"circlet_count":0,"master_deck":["AscendersBane","Strike_R","Strike_R","Strike_R","Strike_R","Strike_R","Defend_R","Defend_R","Defend_R","Defend_R","Bash","Berserk+1","Clothesline+1","Sword Boomerang","Limit Break","Uppercut+1","Shrug It Off"],"relics":["Burning Blood","Golden Idol","PreservedInsect","Smiling Mask","Potion Belt","Dream Catcher"],"potions_floor_usage":[6,8,12,16,16,16],"damage_taken":[{"damage":11,"enemies":"2 Louse","floor":1,"turns":3},{"damage":9,"enemies":"Jaw Worm","floor":5,"turns":3},{"damage":33,"enemies":"Gremlin Nob","floor":6,"turns":5},{"damage":30,"enemies":"3 Sentries","floor":8,"turns":7},{"damage":1,"enemies":"Cultist","floor":10,"turns":3},{"damage":32,"enemies":"Lagavulin","floor":12,"turns":6},{"damage":1,"enemies":"Looter","floor":14,"turns":5},{"damage":40,"enemies":"Hexaghost","floor":16,"turns":10}],"seed_played":"3111442976695955406","potions_obtained":[{"floor":5,"key":"SteroidPotion"},{"floor":6,"key":"FearPotion"},{"floor":8,"key":"BloodPotion"},{"floor":12,"key":"Energy Potion"},{"floor":14,"key":"SkillPotion"}],"is_trial":false,"path_per_floor":["M","?","?","$","M","E","R","E","T","M","R","E","R","M","R","B"],"character_chosen":"IRONCLAD","items_purchased":["Clothesline","Weak Potion"],"campfire_rested":2,"item_purchase_floors":[4,4],"current_hp_per_floor":[63,63,63,63,60,33,33,9,9,14,34,8,28,33,33,0],"gold":228,"neow_bonus":"ONE_RANDOM_RARE_CARD","is_prod":false,"is_daily":false,"chose_seed":false,"campfire_upgraded":2,"win_rate":0,"timestamp":1550531697,"path_taken":["M","?","?","?","M","E","R","E","T","M","R","E","R","?","R","BOSS"],"build_version":"2019-01-23","purchased_purges":0,"victory":false,"max_hp_per_floor":[75,75,68,68,68,68,68,68,68,68,68,68,68,68,68,68],"card_choices":[{"not_picked":["Clash","Havoc","Burning Pact"],"picked":"SKIP","floor":1},{"not_picked":["Warcry","Flex","Dual Wield"],"picked":"SKIP","floor":5},{"not_picked":["Blood for Blood","Twin Strike"],"picked":"Sword Boomerang","floor":6},{"not_picked":["Warcry","Barricade"],"picked":"Limit Break","floor":8},{"not_picked":["Intimidate","Heavy Blade"],"picked":"Uppercut","floor":10},{"not_picked":["Clash","Sever Soul"],"picked":"Shrug It Off","floor":12},{"not_picked":["Bloodletting","Pummel","Seeing Red"],"picked":"SKIP","floor":14}],"player_experience":436230,"relics_obtained":[{"floor":6,"key":"PreservedInsect"},{"floor":8,"key":"Smiling Mask"},{"floor":9,"key":"Potion Belt"},{"floor":12,"key":"Dream Catcher"}],"event_choices":[{"damage_healed":0,"gold_gain":0,"player_choice":"Grow","damage_taken":0,"max_hp_gain":0,"max_hp_loss":0,"event_name":"Living Wall","floor":2,"gold_loss":0,"cards_upgraded":["Berserk"]},{"damage_healed":0,"gold_gain":0,"player_choice":"Lose Max HP","damage_taken":0,"relics_obtained":["Golden Idol"],"max_hp_gain":0,"max_hp_loss":7,"event_name":"Golden Idol","floor":3,"gold_loss":0}],"is_beta":false,"boss_relics":[],"items_purged_floors":[],"is_endless":false,"potions_floor_spawned":[5,6,8,12,14],"killed_by":"Hexaghost","ascension_level":15}