{"gold_per_floor":[115,127,0,12,12,12,41,41,64,64,17,17,28,47,47,125,125,93,18,18,34,54,54,82,82,109,109,125,135,170,184,184,256,256,270,1269,1269,634,649,649,136,155,206,218,230,13,13,48,48,48],"floor_reached":51,"playtime":2432,"items_purged":["Strike_B","Normality","Normality","Strike_B+1"],"score":1348,"play_id":"99b207ee-ec76-4f38-86d8-45b3943eb5fb","local_time":"20180813124827","is_ascension_mode":true,"campfire_choices":[{"data":"Zap","floor":6,"key":"SMITH"},{"data":"Go for the Eyes","floor":8,"key":"SMITH"},{"data":"Dualcast","floor":10,"key":"SMITH"},{"data":"Conserve Battery","floor":12,"key":"SMITH"},{"data":"Blizzard","floor":15,"key":"SMITH"},{"data":"Echo Form","floor":23,"key":"SMITH"},{"floor":25,"key":"REST"},{"data":"Ball Lightning","floor":27,"key":"SMITH"},{"data":"Defragment","floor":32,"key":"SMITH"},{"floor":40,"key":"REST"},{"data":"Apotheosis","floor":44,"key":"SMITH"},{"floor":47,"key":"REST"},{"floor":49,"key":"REST"}],"neow_cost":"NONE","seed_source_timestamp":1650783805437675,"circlet_count":0,"master_deck":["Defend_B","Defend_B","Defend_B+1","Zap+1","Dualcast+1","AscendersBane","Cold Snap+1","Conserve Battery+1","Conserve Battery","Coolheaded+1","Coolheaded","Go for the Eyes+1","Compile Driver","Cold Snap","Blizzard+1","Echo Form+1","Conserve Battery","Ball Lightning+1","Conserve Battery","Self Repair","Defragment+1","Electrodynamics","Redo+1","Echo Form","Madness","Madness","Capacitor","Mayhem","Blizzard","Apotheosis+1","Undo","Reinforced Body+1"],"relics":["Cracked Core","Whetstone","War Paint","Empty Cage","Art of War","Anchor","Blood Vial","Runic Dome","Frozen Eye","Runic Capacitor","MawBank","Molten Egg 2"],"potions_floor_usage":[2,18,21,30,33,50],"damage_taken":[{"damage":7,"enemies":"2 Louse","floor":1,"turns":3},{"damage":1,"enemies":"Small Slimes","floor":2,"turns":3},{"damage":5,"enemies":"Jaw Worm","floor":4,"turns":4},{"damage":15,"enemies":"Lagavulin","floor":7,"turns":10},{"damage":3,"enemies":"3 Louse","floor":13,"turns":3},{"damage":0,"enemies":"Gremlin Gang","floor":14,"turns":5},{"damage":0,"enemies":"The Guardian","floor":16,"turns":12},{"damage":11,"enemies":"2 Thieves","floor":18,"turns":5},{"damage":0,"enemies":"3 Byrds","floor":21,"turns":3},{"damage":7,"enemies":"Sentry and Sphere","floor":22,"turns":6},{"damage":39,"enemies":"Slavers","floor":24,"turns":9},{"damage":7,"enemies":"Snecko","floor":28,"turns":8},{"damage":5,"enemies":"Snake Plant","floor":29,"turns":5},{"damage":22,"enemies":"Gremlin Leader","floor":30,"turns":9},{"damage":12,"enemies":"Sentry and Sphere","floor":31,"turns":8},{"damage":16,"enemies":"Champ","floor":33,"turns":15},{"damage":16,"enemies":"Flame Bruiser 1 Orb","floor":35,"turns":5},{"damage":34,"enemies":"3 Shapes","floor":39,"turns":6},{"damage":34,"enemies":"Maw","floor":42,"turns":7},{"damage":21,"enemies":"Nemesis","floor":48,"turns":7},{"damage":12,"enemies":"Time Eater","floor":50,"turns":11}],"seed_played":"-8496840526046788939","potions_obtained":[{"floor":1,"key":"Explosive Potion"},{"floor":13,"key":"Swift Potion"},{"floor":16,"key":"LiquidBronze"},{"floor":22,"key":"FearPotion"},{"floor":24,"key":"Fire Potion"},{"floor":30,"key":"Explosive Potion"},{"floor":31,"key":"Fruit Juice"},{"floor":35,"key":"SpeedPotion"}],"is_trial":false,"path_per_floor":["M","M","$","M","?","R","E","R","T","R","$","R","M","M","R","B",null,"M","?","$","M","M","R","E","R","T","R","M","M","E","M","R","B",null,"M","?","?","$","M","R","$","M","T","R","?","$","R","E","R","B"],"character_chosen":"DEFECT","items_purchased":["Coolheaded","Compile Driver","Capacitor","Mayhem","Blizzard","Frozen Eye","Runic Capacitor","Apotheosis","FocusPotion"],"campfire_rested":4,"item_purchase_floors":[3,11,38,38,38,38,41,41,46],"current_hp_per_floor":[57,56,56,51,71,71,56,56,56,56,56,56,53,53,53,53,67,56,56,56,56,49,49,10,31,31,31,38,40,25,29,29,27,64,57,57,43,43,18,40,40,22,22,22,22,22,44,45,67,67],"gold":48,"neow_bonus":"THREE_CARDS","is_prod":false,"is_daily":false,"chose_seed":false,"campfire_upgraded":9,"win_rate":0,"timestamp":1534186107,"path_taken":["M","M","$","M","?","R","E","R","T","R","$","R","M","M","R","BOSS","M","?","$","?","M","R","E","R","T","R","M","M","E","M","R","BOSS","M","?","?","$","M","R","?","M","T","R","?","$","R","E","R","BOSS"],"build_version":"2018-08-08","purchased_purges":4,"victory":true,"max_hp_per_floor":[71,71,71,71,71,71,71,71,71,71,71,71,71,71,71,71,71,71,71,71,71,71,71,71,71,71,71,71,71,71,71,71,76,76,76,76,76,76,76,76,76,76,76,76,76,76,76,76,76,76],"card_choices":[{"not_picked":["Stack","Double Energy"],"picked":"Cold Snap","floor":0},{"not_picked":["Skim","Streamline"],"picked":"Conserve Battery","floor":1},{"not_picked":["Stack","Machine Learning"],"picked":"Conserve Battery","floor":2},{"not_picked":["Steam Power","Turbo"],"picked":"Coolheaded","floor":4},{"not_picked":["Sunder","Compile Driver"],"picked":"Go for the Eyes","floor":7},{"not_picked":["Doom and Gloom","Stack"],"picked":"Cold Snap","floor":13},{"not_picked":["Compile Driver","Doom and Gloom"],"picked":"Blizzard","floor":14},{"not_picked":["Buffer","Biased Cognition"],"picked":"Echo Form","floor":16},{"not_picked":["Redo","Compile Driver"],"picked":"Conserve Battery","floor":18},{"not_picked":["Aggregate","Leap"],"picked":"Ball Lightning","floor":21},{"not_picked":["Go for the Eyes","Streamline"],"picked":"Conserve Battery","floor":22},{"not_picked":["Sweeping Beam","Stack"],"picked":"Self Repair","floor":24},{"not_picked":["Doom and Gloom","Consume"],"picked":"Defragment","floor":28},{"not_picked":["Static Discharge","Streamline"],"picked":"Electrodynamics","floor":29},{"not_picked":["Steam","Turbo","Rip and Tear"],"picked":"SKIP","floor":30},{"not_picked":["Stack","Steam Power"],"picked":"Redo+1","floor":31},{"not_picked":["Electrodynamics","Multi-Cast"],"picked":"Echo Form","floor":33},{"not_picked":["Steam","Sweeping Beam","Go for the Eyes"],"picked":"SKIP","floor":35},{"not_picked":["Scrape","Go for the Eyes","Barrage"],"picked":"SKIP","floor":39},{"not_picked":["Cold Snap","Leap"],"picked":"Undo","floor":42},{"not_picked":["Storm","Auto Shields+1"],"picked":"Reinforced Body+1","floor":48}],"player_experience":973191,"relics_obtained":[{"floor":7,"key":"Whetstone"},{"floor":9,"key":"War Paint"},{"floor":24,"key":"Art of War"},{"floor":26,"key":"Anchor"},{"floor":30,"key":"Blood Vial"},{"floor":43,"key":"MawBank"},{"floor":48,"key":"Molten Egg 2"}],"event_choices":[{"event_name":"Big Fish","player_choice":"Banana","floor":5,"damage_taken":0},{"event_name":"Beggar","player_choice":"Gave Gold","floor":19,"damage_taken":0},{"event_name":"MindBloom","player_choice":"Gold","floor":36,"damage_taken":0},{"event_name":"Winding Halls","player_choice":"Embrace Madness","floor":37,"damage_taken":0},{"event_name":"Mysterious Sphere","player_choice":"Ignore","floor":45,"damage_taken":0}],"is_beta":true,"boss_relics":[{"not_picked":["Black Star","Philosopher\u0027s Stone"],"picked":"Empty Cage"},{"not_picked":["White Beast Statue","Orrery"],"picked":"Runic Dome"}],"items_purged_floors":[3,38,41,46],"is_endless":false,"potions_floor_spawned":[1,13,16,22,24,29,30,31,35],"ascension_level":15}