{"path_per_floor":["M","?","M","$","M","R","E","M","T","E","M","R","M","M","R","B",null,"M","M","?","M","M","R","M","R","T","R","M","M","$","?","R","B",null,"M","$","M","?","$","R","M","R","T","R","M","$","M","$","R","B"],"character_chosen":"THE_SILENT","items_purchased":["A Thousand Cuts","Dagger Spray","After Image","Panache","Quick Slash","Footwork","Block Potion"],"gold_per_floor":[117,217,227,38,58,58,84,103,159,190,204,204,224,240,240,335,335,303,316,316,336,355,355,372,372,372,372,389,402,4,0,0,100,100,115,115,132,186,186,186,199,199,199,199,218,42,54,3,3,3],"floor_reached":51,"campfire_rested":1,"playtime":3536,"item_purchase_floors":[4,4,30,30,30,46,48],"current_hp_per_floor":[34,34,34,34,34,34,36,35,35,14,14,38,40,40,40,26,83,72,70,70,70,61,69,62,70,70,78,75,65,65,65,75,54,85,82,82,64,62,62,74,74,85,85,85,60,60,62,62,76,20],"items_purged":["Strike_G","Strike_G"],"gold":3,"score":745,"play_id":"c26b5245-0bfe-436d-9e1f-97dc320407ed","local_time":"20180529174639","is_prod":false,"is_daily":false,"chose_seed":false,"is_ascension_mode":true,"campfire_upgraded":10,"win_rate":0,"timestamp":1527637599,"campfire_choices":[{"data":"A Thousand Cuts","floor":6,"key":"SMITH"},{"floor":12,"key":"REST"},{"data":"Footwork","floor":15,"key":"SMITH"},{"data":"Sucker Punch","floor":23,"key":"SMITH"},{"data":"Neutralize","floor":25,"key":"SMITH"},{"data":"After Image","floor":27,"key":"SMITH"},{"data":"Footwork","floor":32,"key":"SMITH"},{"data":"After Image","floor":40,"key":"SMITH"},{"data":"Well Laid Plans","floor":42,"key":"SMITH"},{"data":"Panache","floor":44,"key":"SMITH"},{"data":"Footwork","floor":49,"key":"SMITH"}],"path_taken":["M","?","?","$","M","R","E","M","T","E","M","R","M","?","R","BOSS","M","?","?","M","M","R","M","R","T","R","M","M","$","?","R","BOSS","M","$","M","?","$","R","?","R","T","R","M","$","M","?","R","BOSS"],"build_version":"2018-05-28","seed_source_timestamp":439338806917264,"purchased_purges":2,"victory":true,"master_deck":["Defend_G","Defend_G","Defend_G","Defend_G","Defend_G","Strike_G","Survivor","Neutralize+1","Sucker Punch+1","Slice","A Thousand Cuts+1","Dagger Spray","Backflip","Footwork+1","Dash","Outmaneuver","After Image+1","Backflip","Well Laid Plans+1","Prepared+1","Heel Hook","Footwork+1","Dagger Spray+1","After Image+1","Panache+1","Quick Slash","Bullet Time","Malaise+1","Endless Agony+1","Riddle With Holes+1","Acrobatics+1","Dagger Spray+1","Predator","Backflip","Footwork+1","Cloak And Dagger+1"],"max_hp_per_floor":[70,70,70,70,70,70,72,72,72,79,81,81,83,83,83,83,83,85,85,85,85,85,85,85,85,85,85,85,85,85,85,85,85,85,85,85,85,85,85,85,85,85,85,85,85,85,87,87,87,87],"relics":["Ring of the Snake","Singing Bowl","Tiny Chest","Strawberry","Eternal Feather","Lantern","Snecko Eye","Prayer Wheel","Question Card"],"card_choices":[{"not_picked":["Poisoned Stab","Calculated Gamble"],"picked":"Sucker Punch","floor":1},{"not_picked":["Underhanded Strike","Expertise"],"picked":"Slice","floor":3},{"not_picked":["Dodge and Roll","Finisher"],"picked":"Backflip","floor":5},{"not_picked":["Tactician","Deadly Poison","Underhanded Strike"],"picked":"Singing Bowl","floor":7},{"not_picked":["Dagger Spray","Quick Slash"],"picked":"Footwork","floor":8},{"not_picked":["Prepared","Choke"],"picked":"Dash","floor":10},{"not_picked":["Dagger Throw","Masterful Stab","Acrobatics"],"picked":"Singing Bowl","floor":11},{"not_picked":["PiercingWail","Acrobatics","Dagger Spray"],"picked":"Singing Bowl","floor":13},{"not_picked":["Deadly Poison","Concentrate"],"picked":"Outmaneuver","floor":14},{"not_picked":["Tools of the Trade","Doppelganger"],"picked":"After Image","floor":16},{"not_picked":["PiercingWail","Bane","Acrobatics"],"picked":"Singing Bowl","floor":18},{"not_picked":["Poisoned Stab","Dagger Spray"],"picked":"Backflip","floor":19},{"not_picked":["Eviscerate","Dagger Throw"],"picked":"Well Laid Plans","floor":21},{"not_picked":["Backflip","Endless Agony"],"picked":"Prepared+1","floor":22},{"not_picked":["Sucker Punch","Poisoned Stab"],"picked":"Heel Hook","floor":24},{"not_picked":["Predator","PiercingWail"],"picked":"Footwork","floor":28},{"not_picked":["Well Laid Plans","Acrobatics"],"picked":"Dagger Spray+1","floor":29},{"not_picked":["Unload","Corpse Explosion"],"picked":"Bullet Time","floor":33},{"not_picked":["Choke","Deadly Poison+1"],"picked":"Malaise+1","floor":35},{"not_picked":["Deadly Poison+1","Dagger Spray"],"picked":"Endless Agony+1","floor":37},{"not_picked":["Slice","Skewer+1"],"picked":"Riddle With Holes+1","floor":38},{"not_picked":["PiercingWail","Prepared"],"picked":"Acrobatics+1","floor":41},{"not_picked":["Masterful Stab","Sucker Punch"],"picked":"Dagger Spray+1","floor":41},{"not_picked":["Terror","Sucker Punch","Quick Slash"],"picked":"Predator","floor":45},{"not_picked":["Poisoned Stab+1","Wraith Form v2","Deadly Poison"],"picked":"Backflip","floor":45},{"not_picked":["All Out Attack","Deadly Poison+1","Deflect"],"picked":"Cloak And Dagger+1","floor":47},{"not_picked":["Eviscerate+1","Catalyst+1","Flechettes","Heel Hook+1"],"picked":"Singing Bowl","floor":47}],"player_experience":643040,"potions_floor_usage":[7,7,11,18,21,21,35,38,45,50],"damage_taken":[{"damage":1,"enemies":"Cultist","floor":1,"turns":7},{"damage":0,"enemies":"Jaw Worm","floor":3,"turns":6},{"damage":0,"enemies":"2 Louse","floor":5,"turns":2},{"damage":0,"enemies":"3 Sentries","floor":7,"turns":6},{"damage":1,"enemies":"Large Slime","floor":8,"turns":4},{"damage":28,"enemies":"Gremlin Nob","floor":10,"turns":5},{"damage":2,"enemies":"3 Louse","floor":11,"turns":3},{"damage":0,"enemies":"Looter","floor":13,"turns":4},{"damage":0,"enemies":"Large Slime","floor":14,"turns":5},{"damage":14,"enemies":"The Guardian","floor":16,"turns":15},{"damage":13,"enemies":"2 Thieves","floor":18,"turns":5},{"damage":2,"enemies":"Shell Parasite","floor":19,"turns":11},{"damage":0,"enemies":"3 Cultists","floor":21,"turns":5},{"damage":9,"enemies":"Centurion and Healer","floor":22,"turns":13},{"damage":7,"enemies":"Snake Plant","floor":24,"turns":7},{"damage":3,"enemies":"Snecko","floor":28,"turns":7},{"damage":10,"enemies":"Centurion and Healer","floor":29,"turns":6},{"damage":21,"enemies":"Champ","floor":33,"turns":16},{"damage":3,"enemies":"Orb Walker","floor":35,"turns":5},{"damage":18,"enemies":"3 Darklings","floor":37,"turns":4},{"damage":2,"enemies":"Mysterious Sphere","floor":38,"turns":5},{"damage":0,"enemies":"Sphere and 2 Shapes","floor":41,"turns":3},{"damage":25,"enemies":"Flame Bruiser 2 Orb","floor":45,"turns":6},{"damage":0,"enemies":"Transient","floor":47,"turns":5},{"damage":56,"enemies":"Time Eater","floor":50,"turns":15}],"relics_obtained":[{"floor":7,"key":"Singing Bowl"},{"floor":9,"key":"Tiny Chest"},{"floor":10,"key":"Strawberry"},{"floor":26,"key":"Lantern"},{"floor":38,"key":"Prayer Wheel"},{"floor":43,"key":"Question Card"}],"event_choices":[{"event_name":"Golden Shrine","player_choice":"Pray","floor":2,"damage_taken":0},{"event_name":"Vampires","player_choice":"Ignored","floor":20,"damage_taken":0},{"event_name":"Masked Bandits","player_choice":"Paid Bandits 4 gold","floor":31,"damage_taken":0},{"event_name":"Mysterious Sphere","player_choice":"Fight","floor":38,"damage_taken":0}],"boss_relics":[{"not_picked":["Lizard Tail","Calling Bell"],"picked":"Eternal Feather"},{"not_picked":["Velvet Choker","Pandora\u0027s Box"],"picked":"Snecko Eye"}],"items_purged_floors":[4,46],"potions_floor_spawned":[3,5,10,13,14,19,22,29,33,38,41],"seed_played":"432304265185332987","ascension_level":1,"potions_obtained":[{"floor":3,"key":"Fire Potion"},{"floor":5,"key":"Poison Potion"},{"floor":10,"key":"FearPotion"},{"floor":13,"key":"SteroidPotion"},{"floor":14,"key":"SpeedPotion"},{"floor":19,"key":"AttackPotion"},{"floor":22,"key":"Fire Potion"},{"floor":29,"key":"Ancient Potion"},{"floor":33,"key":"SkillPotion"},{"floor":38,"key":"Fire Potion"},{"floor":41,"key":"FairyPotion"}],"is_trial":false}