{"path_per_floor":["M","M","$","M","$","R","E","?","T","R","M","M","?","M","R","B",null,"M","?","M","M","?","R","M","R","T","$","E","M","M","?","R","B",null,"M","M","?","$","M","M","R","M","T","R","M","?","M","E","R","B"],"character_chosen":"DEFECT","items_purchased":["Bag of Preparation","BootSequence","Defragment","Ball Lightning","Mummified Hand"],"gold_per_floor":[209,222,222,236,2,2,27,27,27,27,46,63,63,77,77,156,156,171,221,231,242,242,242,259,259,306,110,136,147,162,162,162,240,240,256,276,276,29,49,62,62,76,100,100,114,114,134,162,162,162],"floor_reached":51,"campfire_rested":2,"playtime":3167,"item_purchase_floors":[5,5,27,27,38],"current_hp_per_floor":[63,53,53,58,58,58,29,22,22,43,43,50,50,50,50,31,61,61,61,52,59,35,35,35,35,35,35,27,26,33,31,31,30,41,45,45,37,37,43,45,45,45,45,45,41,41,32,32,45,15],"items_purged":["Strike_B"],"gold":162,"score":1268,"play_id":"ca9d1f7a-7876-4e7c-a7d4-59717df00d2b","local_time":"20180612163424","is_prod":false,"is_daily":false,"chose_seed":false,"is_ascension_mode":true,"campfire_upgraded":7,"win_rate":0,"timestamp":1528842864,"campfire_choices":[{"data":"Zap","floor":6,"key":"SMITH"},{"floor":10,"key":"REST"},{"data":"Defragment","floor":15,"key":"SMITH"},{"data":"Defragment","floor":23,"key":"SMITH"},{"data":"Rainbow","floor":25,"key":"SMITH"},{"data":"Defragment","floor":32,"key":"SMITH"},{"data":"Go for the Eyes","floor":41,"key":"SMITH"},{"data":"Hologram","floor":44,"key":"SMITH"},{"floor":49,"key":"REST"}],"path_taken":["M","M","$","M","$","R","E","?","T","R","?","M","?","M","R","BOSS","M","?","?","M","?","R","?","R","T","$","E","M","M","?","R","BOSS","M","M","?","$","M","?","R","M","T","R","M","?","?","E","R","BOSS"],"build_version":"2018-06-11","seed_source_timestamp":114785119228411,"purchased_purges":1,"victory":true,"master_deck":["Strike_B","Strike_B+1","Defend_B","Defend_B","Defend_B","Defend_B","Zap+1","Dualcast","AscendersBane","Gash","Self Repair","Ball Lightning","BootSequence","Rainbow+1","Go for the Eyes+1","Defragment+1","Hologram+1","Electrodynamics","Defragment+1","Redo","Leap","Ghostly","Ghostly","Ghostly","Ghostly","Ghostly","Redo+1","Defragment+1","Ball Lightning","Defragment+1","Leap","Ball Lightning+1","Machine Learning+1","Double Energy+1","Redo+1","Madness","Madness","Ball Lightning+1","Reinforced Body+1","Force Field","Static Discharge+1"],"max_hp_per_floor":[71,71,71,71,71,71,71,71,71,71,71,71,71,71,71,71,71,71,71,71,71,35,35,35,35,35,35,35,35,35,45,45,45,45,45,45,45,45,45,45,45,45,45,45,45,45,45,45,45,45],"special_seed":17694,"relics":["Cracked Core","Bag of Preparation","Bottled Lightning","Sundial","Runic Pyramid","Oddly Smooth Stone","Frozen Egg 2","Nuclear Battery","Mummified Hand","Whetstone","Bag of Marbles"],"card_choices":[{"not_picked":["Static Discharge","Steam Power"],"picked":"Gash","floor":1},{"not_picked":["Conserve Battery","Go for the Eyes"],"picked":"Self Repair","floor":2},{"not_picked":["Capacitor","Force Field"],"picked":"Ball Lightning","floor":4},{"not_picked":["Reprogram","Barrage"],"picked":"Rainbow","floor":7},{"not_picked":["Doom and Gloom","Rebound"],"picked":"Go for the Eyes","floor":11},{"not_picked":["Cold Snap","Reinforced Body"],"picked":"Defragment","floor":12},{"not_picked":["Heatsinks","Cold Snap"],"picked":"Hologram","floor":14},{"not_picked":["Biased Cognition","All For One"],"picked":"Electrodynamics","floor":16},{"not_picked":["Rip and Tear+1","Sunder+1"],"picked":"Defragment","floor":18},{"not_picked":["Cold Snap","Coolheaded"],"picked":"Redo","floor":20},{"not_picked":["FTL","Melter"],"picked":"Leap","floor":21},{"not_picked":["Ball Lightning","Turbo"],"picked":"Redo+1","floor":24},{"not_picked":["Cold Snap","All For One"],"picked":"Defragment","floor":28},{"not_picked":["Turbo","Ball Lightning"],"picked":"Leap","floor":29},{"not_picked":["Coolheaded","Sweeping Beam"],"picked":"Ball Lightning","floor":30},{"not_picked":["Electrodynamics+1","Multi-Cast"],"picked":"Machine Learning+1","floor":33},{"not_picked":["Rip and Tear","Conserve Battery"],"picked":"Double Energy+1","floor":35},{"not_picked":["Conserve Battery+1","Lockon+1"],"picked":"Redo+1","floor":36},{"not_picked":["Reprogram","Leap"],"picked":"Ball Lightning+1","floor":39},{"not_picked":["Barrage","Melter","Recycle"],"picked":"SKIP","floor":40},{"not_picked":["Leap","Chill"],"picked":"Reinforced Body+1","floor":42},{"not_picked":["Rip and Tear+1","Barrage","Go for the Eyes"],"picked":"SKIP","floor":45},{"not_picked":["Streamline","Doom and Gloom+1"],"picked":"Force Field","floor":47},{"not_picked":["Recycle","Beam Cell+1"],"picked":"Static Discharge+1","floor":48}],"player_experience":684746,"potions_floor_usage":[16,30,31,40,50,50],"damage_taken":[{"damage":1,"enemies":"Cultist","floor":1,"turns":3},{"damage":10,"enemies":"Small Slimes","floor":2,"turns":3},{"damage":2,"enemies":"2 Louse","floor":4,"turns":3},{"damage":36,"enemies":"Lagavulin","floor":7,"turns":6},{"damage":0,"enemies":"Exordium Wildlife","floor":11,"turns":2},{"damage":0,"enemies":"Lots of Slimes","floor":12,"turns":4},{"damage":0,"enemies":"3 Louse","floor":14,"turns":3},{"damage":26,"enemies":"Hexaghost","floor":16,"turns":9},{"damage":0,"enemies":"3 Byrds","floor":18,"turns":3},{"damage":9,"enemies":"2 Thieves","floor":20,"turns":2},{"damage":0,"enemies":"3 Cultists","floor":21,"turns":3},{"damage":2,"enemies":"Centurion and Healer","floor":24,"turns":6},{"damage":8,"enemies":"Book of Stabbing","floor":28,"turns":6},{"damage":1,"enemies":"Sentry and Sphere","floor":29,"turns":5},{"damage":0,"enemies":"Chosen and Byrds","floor":30,"turns":6},{"damage":8,"enemies":"Champ","floor":33,"turns":8},{"damage":1,"enemies":"Flame Bruiser 1 Orb","floor":35,"turns":5},{"damage":1,"enemies":"3 Shapes","floor":36,"turns":4},{"damage":1,"enemies":"Transient","floor":39,"turns":5},{"damage":0,"enemies":"4 Shapes","floor":40,"turns":4},{"damage":0,"enemies":"Maw","floor":42,"turns":6},{"damage":4,"enemies":"3 Darklings","floor":45,"turns":2},{"damage":16,"enemies":"Spire Growth","floor":47,"turns":5},{"damage":7,"enemies":"Nemesis","floor":48,"turns":7},{"damage":30,"enemies":"Awakened One","floor":50,"turns":11}],"relics_obtained":[{"floor":7,"key":"Bottled Lightning"},{"floor":9,"key":"Sundial"},{"floor":26,"key":"Oddly Smooth Stone"},{"floor":28,"key":"Frozen Egg 2"},{"floor":43,"key":"Whetstone"},{"floor":48,"key":"Bag of Marbles"}],"event_choices":[{"event_name":"Golden Wing","player_choice":"Card Removal","floor":8,"damage_taken":0},{"event_name":"Match and Keep!","player_choice":"0 cards matched","floor":13,"damage_taken":0},{"event_name":"Golden Shrine","player_choice":"Pray","floor":19,"damage_taken":0},{"event_name":"Ghosts","player_choice":"Became a Ghost","floor":22,"damage_taken":0},{"event_name":"Forgotten Altar","player_choice":"Shed Blood","floor":31,"damage_taken":0},{"event_name":"Winding Halls","player_choice":"Embrace Madness","floor":37,"damage_taken":0},{"event_name":"SensoryStone","player_choice":"Memory 1","floor":46,"damage_taken":0}],"boss_relics":[{"not_picked":["Pandora\u0027s Box","Tiny House"],"picked":"Runic Pyramid"},{"not_picked":["Lizard Tail","Orrery"],"picked":"Nuclear Battery"}],"items_purged_floors":[27],"potions_floor_spawned":[1,7,11,16,18,20,28,30,36,40,42,47],"seed_played":"3990525400405030902","ascension_level":15,"potions_obtained":[{"floor":1,"key":"Strength Potion"},{"floor":7,"key":"Fire Potion"},{"floor":11,"key":"FearPotion"},{"floor":16,"key":"GamblersBrew"},{"floor":20,"key":"Fire Potion"},{"floor":30,"key":"Fruit Juice"},{"floor":36,"key":"Swift Potion"},{"floor":40,"key":"GamblersBrew"}],"is_trial":false}