{"gold_per_floor":[115,126,126,24,24,24,37,37,37,37,37,37,56,231,231,360,360,379,395,58,83,83,83,83,95,157,213,225,256,268,300,312,445,457,494,529,291,624,234,234,259,259,284,319,334,354,354,385,385,385],"floor_reached":51,"playtime":4394,"items_purged":["Strike_B","Writhe","Shame"],"score":1210,"play_id":"4a14f000-5fdc-44e2-92a1-949fe08c3b8e","local_time":"20190217204715","is_ascension_mode":true,"campfire_choices":[{"data":"Zap","floor":6.0,"key":"SMITH"},{"data":"Defragment","floor":8.0,"key":"SMITH"},{"data":"Storm","floor":10.0,"key":"SMITH"},{"data":"Coolheaded","floor":15.0,"key":"SMITH"},{"floor":23.0,"key":"REST"},{"floor":25.0,"key":"REST"},{"floor":28.0,"key":"REST"},{"floor":32.0,"key":"REST"},{"floor":40,"key":"RECALL"},{"floor":42,"key":"REST"},{"floor":49,"key":"REST"}],"neow_cost":"NONE","seed_source_timestamp":0,"circlet_count":0,"master_deck":["AscendersBane","Zap+1","Dualcast","Defragment+1","Storm+1","Conserve Battery","Coolheaded+1","Force Field+1","Doubt","Biased Cognition","Cold Snap","Fusion+1","Secret Technique+1","Go for the Eyes","Cold Snap","Chill+1","Coolheaded+1","Necronomicurse","Biased Cognition","Thunder Strike","Seek+1","Cold Snap","Cold Snap","Steam Power+1","Thunder Strike","Hyperbeam","Ball Lightning","Reinforced Body+1","Double Energy+1","BootSequence+1","White Noise+1","Discovery+1","Storm+1","Tempest+1","Coolheaded+1","Genetic Algorithm+1","White Noise+1","Echo Form","Steam Power+1"],"special_seed":0,"relics":["Inserter","Question Card","Toxic Egg 2","Fusion Hammer","DataDisk","Prayer Wheel","MawBank","Whetstone","Pear","Necronomicon","Pandora\u0027s Box","Membership Card","Lee\u0027s Waffle","Thread and Needle","Ornamental Fan","Strawberry","Dream Catcher","Pen Nib"],"potions_floor_usage":[46],"damage_taken":[{"damage":3.0,"enemies":"2 Louse","floor":1.0,"turns":4.0},{"damage":9.0,"enemies":"Jaw Worm","floor":2.0,"turns":5.0},{"damage":3.0,"enemies":"Small Slimes","floor":7.0,"turns":3.0},{"damage":6.0,"enemies":"2 Fungi Beasts","floor":13.0,"turns":4.0},{"damage":39.0,"enemies":"Slime Boss","floor":16.0,"turns":14.0},{"damage":0.0,"enemies":"Chosen","floor":18.0,"turns":6.0},{"damage":5.0,"enemies":"Spheric Guardian","floor":19.0,"turns":4.0},{"damage":17.0,"enemies":"Snake Plant","floor":21.0,"turns":5.0},{"damage":50.0,"enemies":"Slavers","floor":27.0,"turns":7.0},{"damage":29.0,"enemies":"Snecko","floor":29.0,"turns":7.0},{"damage":0.0,"enemies":"Shelled Parasite and Fungi","floor":31.0,"turns":8.0},{"damage":45,"enemies":"Champ","floor":33,"turns":26},{"damage":7,"enemies":"Orb Walker","floor":35,"turns":3},{"damage":18,"enemies":"3 Darklings","floor":36,"turns":4},{"damage":7,"enemies":"Giant Head","floor":41,"turns":9},{"damage":11,"enemies":"Nemesis","floor":44,"turns":7},{"damage":0,"enemies":"Sphere and 2 Shapes","floor":45,"turns":2},{"damage":0,"enemies":"Transient","floor":46,"turns":5},{"damage":0,"enemies":"Giant Head","floor":48,"turns":5},{"damage":8,"enemies":"Donu and Deca","floor":50,"turns":5}],"seed_played":"3096234293444102836","potions_obtained":[{"floor":1.0,"key":"FairyPotion"},{"floor":2.0,"key":"Explosive Potion"},{"floor":19.0,"key":"GamblersBrew"},{"floor":21.0,"key":"FocusPotion"},{"floor":36,"key":"SpeedPotion"},{"floor":44,"key":"Fire Potion"}],"is_trial":false,"path_per_floor":["M","M","?","$","?","R","M","R","T","R","?","?","M","?","R","B",null,"M","M","$","M","?","R","?","R","T","E","R","M","?","M","R","B",null,"M","M","$","?","$","R","E","R","T","E","M","M","?","E","R","B",null],"character_chosen":"DEFECT","items_purchased":["Conserve Battery","DataDisk","Secret Technique+1","Membership Card","White Noise+1","Lee\u0027s Waffle","Thread and Needle","Discovery+1"],"campfire_rested":6,"item_purchase_floors":[4,20,20,37,39,39,39,39],"current_hp_per_floor":[65,56,53,53,35,35,32,32,32,32,32,57,51,51,51,12,59,59,54,54,37,37,59,59,75,75,35,60,31,15,15,40,3,65,58,40,40,40,92,92,85,92,99,88,88,88,88,88,99,91],"gold":385,"neow_bonus":"BOSS_RELIC","is_prod":false,"is_daily":false,"chose_seed":false,"campfire_upgraded":4,"win_rate":0,"timestamp":1550432835,"path_taken":["M","M","?","$","?","R","M","R","T","R","?","?","M","?","R","BOSS","M","M","$","M","?","R","?","R","T","E","R","M","?","?","R","BOSS","M","M","$","?","$","R","E","R","T","E","M","M","?","E","R","BOSS"],"build_version":"2019-01-23","purchased_purges":3,"victory":true,"max_hp_per_floor":[75,75,75,75,75,75,75,75,75,75,75,75,75,75,75,75,75,75,75,75,75,75,75,75,75,75,85,85,85,85,85,85,85,85,85,85,85,85,92,92,92,92,99,99,99,99,99,99,99,99],"card_choices":[{"not_picked":["Conserve Battery","Gash"],"picked":"Defragment","floor":1.0},{"not_picked":["Rebound","Steam"],"picked":"Storm","floor":2.0},{"not_picked":["Hologram","Melter","Rebound"],"picked":"Coolheaded","floor":7.0},{"not_picked":["Stack+1","Sweeping Beam","Compile Driver"],"picked":"Force Field+1","floor":13.0},{"not_picked":["Multi-Cast+1","Meteor Strike","Hyperbeam"],"picked":"Biased Cognition","floor":16.0},{"not_picked":["Conserve Battery+1","Steam+1","Compile Driver"],"picked":"Cold Snap","floor":18.0},{"not_picked":["Steam Power+1","Double Energy+1","Conserve Battery+1"],"picked":"Fusion+1","floor":19.0},{"not_picked":["Beam Cell","FTL","Self Repair"],"picked":"Go for the Eyes","floor":21.0},{"not_picked":["Rip and Tear","Stack+1","Go for the Eyes+1"],"picked":"Cold Snap","floor":27.0},{"not_picked":["Coolheaded+1","Hologram+1","Ball Lightning"],"picked":"Chill+1","floor":29.0},{"not_picked":["Gash","Sweeping Beam","Go for the Eyes"],"picked":"Coolheaded+1","floor":29.0},{"not_picked":["White Noise+1","Chaos+1","Streamline"],"picked":"Biased Cognition","floor":31.0},{"not_picked":["Rebound","Darkness+1","Lockon+1","FTL"],"picked":"SKIP","floor":31.0},{"not_picked":["Electrodynamics","Rainbow+1","Hyperbeam"],"picked":"Thunder Strike","floor":33},{"not_picked":["Stack+1","Leap+1","Coolheaded+1"],"picked":"Reinforced Body+1","floor":35},{"not_picked":["Turbo+1","Compile Driver","Steam+1","Streamline+1"],"picked":"SKIP","floor":35},{"not_picked":["Scrape+1","Thunder Strike","Steam+1"],"picked":"Double Energy+1","floor":36},{"not_picked":["Compile Driver","Beam Cell+1","Turbo+1"],"picked":"BootSequence+1","floor":36},{"not_picked":["Force Field+1","Chill+1","Steam+1"],"picked":"Storm+1","floor":41},{"not_picked":["Coolheaded+1","Turbo+1","Redo+1"],"picked":"Beam Cell+1","floor":44},{"not_picked":["Lockon+1","Streamline+1","Turbo+1"],"picked":"Tempest+1","floor":45},{"not_picked":["Reprogram+1","Go for the Eyes+1","Cold Snap+1"],"picked":"Coolheaded+1","floor":45},{"not_picked":["Chill+1","Hologram+1","Rip and Tear+1"],"picked":"Genetic Algorithm+1","floor":46},{"not_picked":["Auto Shields+1","Beam Cell+1","Rip and Tear+1"],"picked":"White Noise+1","floor":46},{"not_picked":["Genetic Algorithm+1","Chaos+1","Scrape"],"picked":"Echo Form","floor":48},{"not_picked":["Lockon+1","Sunder+1","Gash"],"picked":"Steam Power+1","floor":49}],"player_experience":200469,"relics_obtained":[{"floor":9.0,"key":"Toxic Egg 2"},{"floor":26.0,"key":"Whetstone"},{"floor":27.0,"key":"Pear"},{"floor":30.0,"key":"Necronomicon"},{"floor":41,"key":"Ornamental Fan"},{"floor":43,"key":"Strawberry"},{"floor":44,"key":"Dream Catcher"},{"floor":48,"key":"Pen Nib"}],"event_choices":[{"damage_healed":0.0,"max_hp_gain":0.0,"max_hp_loss":0.0,"gold_gain":0.0,"event_name":"Scrap Ooze","player_choice":"Success","floor":3.0,"gold_loss":0.0,"damage_taken":3.0,"relics_obtained":["Question Card"]},{"damage_healed":0.0,"max_hp_gain":0.0,"max_hp_loss":0.0,"gold_gain":0.0,"event_name":"Golden Idol","player_choice":"Take Damage","floor":5.0,"gold_loss":0.0,"damage_taken":18.0,"relics_obtained":["Golden Idol"]},{"damage_healed":0.0,"max_hp_gain":0.0,"max_hp_loss":0.0,"gold_gain":0.0,"event_name":"Dead Adventurer","player_choice":"Searched \u00270\u0027 times","floor":11.0,"gold_loss":0.0,"damage_taken":0.0},{"damage_healed":25.0,"max_hp_gain":0.0,"max_hp_loss":0.0,"gold_gain":0.0,"event_name":"Big Fish","player_choice":"Banana","floor":12.0,"gold_loss":0.0,"damage_taken":0.0},{"damage_healed":0.0,"max_hp_gain":0.0,"max_hp_loss":0.0,"gold_gain":175.0,"event_name":"Liars Game","player_choice":"AGREE","floor":14.0,"gold_loss":0.0,"damage_taken":0.0,"cards_obtained":["Doubt"]},{"damage_healed":0.0,"max_hp_gain":0.0,"max_hp_loss":0.0,"gold_gain":0.0,"event_name":"The Mausoleum","player_choice":"Opened","floor":22.0,"gold_loss":0.0,"damage_taken":0.0,"relics_obtained":["Prayer Wheel"],"cards_obtained":["Writhe"]},{"damage_healed":0.0,"max_hp_gain":0.0,"max_hp_loss":0.0,"gold_gain":0.0,"event_name":"Addict","player_choice":"Stole Relic","floor":24.0,"gold_loss":0.0,"damage_taken":0.0,"relics_obtained":["MawBank"],"cards_obtained":["Shame"]},{"damage_healed":0.0,"max_hp_gain":0.0,"max_hp_loss":0.0,"gold_gain":0.0,"event_name":"Cursed Tome","player_choice":"Obtained Book","floor":30.0,"gold_loss":0.0,"damage_taken":16.0},{"damage_healed":0,"gold_gain":333,"player_choice":"Gave Idol","damage_taken":0,"max_hp_gain":0,"max_hp_loss":0,"event_name":"The Moai Head","floor":38,"relics_lost":["Golden Idol"],"gold_loss":0},{"cards_removed":["Beam Cell"],"damage_healed":0,"gold_gain":0,"player_choice":"Removed Attack","damage_taken":0,"max_hp_gain":0,"max_hp_loss":0,"event_name":"Falling","floor":47,"gold_loss":0}],"is_beta":false,"boss_relics":[{"not_picked":["Lizard Tail","Snecko Eye"],"picked":"Fusion Hammer"},{"not_picked":["Velvet Choker","Runic Dome"],"picked":"Pandora\u0027s Box"}],"items_purged_floors":[4,37,39],"is_endless":false,"potions_floor_spawned":[1,2,19,21,36,44],"ascension_level":11}