{"gold_per_floor":[111,186,206,217,142,173,186,186,213,5,20,20,40,57,57,161,161,178,78,91,14,14,48,48,68,68,68,68,68,101,118,118,118],"floor_reached":33,"playtime":1259,"items_purged":["Defend_B","Machine Learning"],"score":421,"play_id":"2111e88b-5b09-4942-99a1-2d664935eb1a","local_time":"20190201183705","is_ascension_mode":true,"campfire_choices":[{"data":"Hyperbeam","floor":8,"key":"SMITH"},{"data":"Sunder","floor":12,"key":"SMITH"},{"floor":15,"key":"REST"},{"data":"Scrape","floor":24,"key":"SMITH"},{"data":"Scrape","floor":27,"key":"SMITH"},{"data":"Hologram","floor":32,"key":"SMITH"}],"neow_cost":"NONE","seed_source_timestamp":792935875720487,"circlet_count":0,"master_deck":["Zap","Dualcast","Gash","Gash","Scrape+1","Reinforced Body","Sunder+1","Rebound","Stack","Hyperbeam+1","Gash","Melter","Beam Cell","Conserve Battery","All For One","Scrape+1","White Noise+1","Fusion","Loop","Rainbow","Loop","Conserve Battery+1","Beam Cell+1","Glacier","Conserve Battery","Shame","Chill","Hologram+1"],"relics":["Orrery","Blood Vial","Pen Nib","Bag of Preparation","Pandora\u0027s Box","Dream Catcher","Pear","Symbiotic Virus","MutagenicStrength","Oddly Smooth Stone"],"potions_floor_usage":[13,13,16,16,23,23,33],"damage_taken":[{"damage":0,"enemies":"Small Slimes","floor":1,"turns":2},{"damage":0,"enemies":"2 Louse","floor":3,"turns":2},{"damage":0,"enemies":"Cultist","floor":4,"turns":3},{"damage":18,"enemies":"3 Sentries","floor":6,"turns":7},{"damage":9,"enemies":"Exordium Wildlife","floor":7,"turns":4},{"damage":7,"enemies":"3 Louse","floor":11,"turns":3},{"damage":23,"enemies":"Exordium Thugs","floor":13,"turns":2},{"damage":0,"enemies":"2 Fungi Beasts","floor":14,"turns":1},{"damage":24,"enemies":"Hexaghost","floor":16,"turns":4},{"damage":0,"enemies":"Spheric Guardian","floor":18,"turns":2},{"damage":2,"enemies":"Shell Parasite","floor":20,"turns":3},{"damage":0,"enemies":"Gremlin Leader","floor":23,"turns":5},{"damage":22,"enemies":"Centurion and Healer","floor":25,"turns":3},{"damage":13,"enemies":"Slavers","floor":30,"turns":4},{"damage":0,"enemies":"Chosen and Byrds","floor":31,"turns":4},{"damage":48,"enemies":"Champ","floor":33,"turns":7}],"seed_played":"6595532139206608645","potions_obtained":[{"floor":4,"key":"FearPotion"},{"floor":6,"key":"Strength Potion"},{"floor":7,"key":"FearPotion"},{"floor":13,"key":"PowerPotion"},{"floor":14,"key":"Explosive Potion"},{"floor":20,"key":"EssenceOfSteel"},{"floor":30,"key":"LiquidBronze"}],"is_trial":false,"path_per_floor":["M","?","M","M","$","E","M","R","T","$","M","R","M","M","R","B",null,"M","$","M","$","?","E","R","M","T","R","?","?","E","M","R","B"],"character_chosen":"DEFECT","items_purchased":["Gash","Bag of Preparation","Glacier"],"campfire_rested":1,"item_purchase_floors":[10,10,21],"current_hp_per_floor":[75,64,64,64,64,46,39,39,39,39,34,34,13,15,37,15,60,62,62,62,62,62,64,64,44,54,54,54,54,43,45,45,0],"gold":118,"neow_bonus":"BOSS_RELIC","is_prod":false,"is_daily":false,"chose_seed":false,"campfire_upgraded":5,"win_rate":0,"timestamp":1549042625,"path_taken":["M","?","M","M","$","E","M","R","T","$","M","R","M","M","R","BOSS","M","$","M","$","?","E","R","?","T","R","?","?","E","M","R","BOSS"],"build_version":"2019-01-23","purchased_purges":2,"victory":false,"max_hp_per_floor":[75,75,75,75,75,75,75,75,75,75,75,75,75,75,75,75,75,75,75,75,75,75,75,75,75,85,85,85,85,85,85,85,85],"card_choices":[{"not_picked":["BootSequence","Redo"],"picked":"Gash","floor":0},{"not_picked":["Melter","Go for the Eyes"],"picked":"Gash","floor":0},{"not_picked":["Rebound","Aggregate"],"picked":"Scrape","floor":0},{"not_picked":["Hologram","Chaos"],"picked":"Reinforced Body","floor":0},{"not_picked":["Capacitor","Force Field"],"picked":"Sunder","floor":0},{"not_picked":["Redo","Barrage"],"picked":"Rebound","floor":1},{"not_picked":["Ball Lightning","Leap"],"picked":"Stack","floor":3},{"not_picked":["Undo","Ball Lightning","Streamline"],"picked":"SKIP","floor":4},{"not_picked":["Self Repair","Double Energy","Ball Lightning"],"picked":"SKIP","floor":6},{"not_picked":["Reprogram","White Noise"],"picked":"Hyperbeam","floor":7},{"not_picked":["Recycle","Tempest"],"picked":"Melter","floor":11},{"not_picked":["Ball Lightning","Glacier"],"picked":"Beam Cell","floor":13},{"not_picked":["Force Field","Blizzard"],"picked":"Conserve Battery","floor":14},{"not_picked":["Multi-Cast","Fission"],"picked":"All For One","floor":16},{"not_picked":["Double Energy","Streamline"],"picked":"Conserve Battery+1","floor":18},{"not_picked":["Conserve Battery","Fusion"],"picked":"Beam Cell+1","floor":20},{"not_picked":["Blizzard","Amplify"],"picked":"Conserve Battery","floor":23},{"not_picked":["Hello World","Leap","Barrage"],"picked":"SKIP","floor":25},{"not_picked":["Defragment+1","Streamline"],"picked":"Chill","floor":30},{"not_picked":["Force Field","Conserve Battery"],"picked":"Hologram","floor":31}],"player_experience":129672,"relics_obtained":[{"floor":6,"key":"Blood Vial"},{"floor":9,"key":"Pen Nib"},{"floor":23,"key":"Dream Catcher"},{"floor":26,"key":"Pear"},{"floor":30,"key":"Oddly Smooth Stone"}],"event_choices":[{"damage_healed":0,"gold_gain":75,"player_choice":"Gather Gold","damage_taken":11,"max_hp_gain":0,"max_hp_loss":0,"event_name":"World of Goop","floor":2,"gold_loss":0},{"damage_healed":0,"gold_gain":0,"player_choice":"Upgraded","damage_taken":0,"max_hp_gain":0,"max_hp_loss":0,"event_name":"Upgrade Shrine","floor":22,"gold_loss":0,"cards_upgraded":["White Noise"]},{"damage_healed":0,"gold_gain":0,"player_choice":"Stole Relic","damage_taken":0,"relics_obtained":["Symbiotic Virus"],"max_hp_gain":0,"max_hp_loss":0,"event_name":"Addict","floor":28,"gold_loss":0,"cards_obtained":["Shame"]},{"damage_healed":0,"gold_gain":0,"player_choice":"Inject Mutagens","damage_taken":0,"relics_obtained":["MutagenicStrength"],"max_hp_gain":0,"max_hp_loss":0,"event_name":"Drug Dealer","floor":29,"gold_loss":0}],"is_beta":false,"boss_relics":[{"not_picked":["Tiny House","Eternal Feather"],"picked":"Pandora\u0027s Box"}],"items_purged_floors":[5,19],"is_endless":false,"potions_floor_spawned":[4,6,7,13,14,20,30],"killed_by":"Champ","ascension_level":5}