{"gold_per_floor":[110,110,123,142,142,142,171,171,171,171,184,197,197,210,210,282,282,298,348,117,134,44,44,44],"floor_reached":24,"playtime":801,"items_purged":["Defend_B"],"score":492,"play_id":"2e7996a9-c012-4326-8804-2c68e0c0b0e2","local_time":"20190217094403","is_ascension_mode":true,"campfire_choices":[{"data":"Streamline","floor":6.0,"key":"SMITH"},{"data":"Fission","floor":8,"key":"SMITH"},{"data":"Glacier","floor":10,"key":"SMITH"},{"data":"Hologram","floor":15,"key":"SMITH"},{"data":"Fission","floor":23,"key":"SMITH"}],"neow_cost":"NONE","seed_source_timestamp":0,"circlet_count":0,"master_deck":["AscendersBane","Strike_B","Strike_B","Strike_B","Defend_B","Defend_B","Defend_B","Zap+1","Dualcast","Sweeping Beam","Streamline+1","Glacier+1","BootSequence","Fission+1","Loop+1","Hologram+1","Fission+1","Defragment+1","Self Repair+1","Compile Driver","Beam Cell","Auto Shields","Defragment+1"],"special_seed":0,"relics":["Cracked Core","Frozen Egg 2","Bottled Lightning","Shuriken","Nuclear Battery"],"potions_floor_usage":[16,18,21,24],"damage_taken":[{"damage":5.0,"enemies":"Small Slimes","floor":1.0,"turns":3.0},{"damage":7.0,"enemies":"Jaw Worm","floor":3.0,"turns":2.0},{"damage":1.0,"enemies":"Cultist","floor":4.0,"turns":3.0},{"damage":11.0,"enemies":"Gremlin Nob","floor":7.0,"turns":3.0},{"damage":0,"enemies":"Looter","floor":11,"turns":2},{"damage":2,"enemies":"Exordium Wildlife","floor":12,"turns":3},{"damage":2,"enemies":"Lots of Slimes","floor":14,"turns":5},{"damage":0,"enemies":"Slime Boss","floor":16,"turns":5},{"damage":18,"enemies":"3 Byrds","floor":18,"turns":7},{"damage":25,"enemies":"Spheric Guardian","floor":21,"turns":6},{"damage":43,"enemies":"Slavers","floor":24,"turns":4}],"seed_played":"-5213026380929855264","potions_obtained":[{"floor":3.0,"key":"FearPotion"},{"floor":12,"key":"Strength Potion"},{"floor":14,"key":"FocusPotion"},{"floor":16,"key":"SpeedPotion"},{"floor":18,"key":"Strength Potion"}],"is_trial":false,"path_per_floor":["M","?","M","M","?","R","E","R","T","R","M","M","?","M","R","B",null,"M","?","$","M","$","R","E"],"character_chosen":"DEFECT","items_purchased":["Self Repair+1","Compile Driver","Beam Cell","Defragment+1"],"campfire_rested":0,"item_purchase_floors":[20,20,20,22],"current_hp_per_floor":[59,59,52,51,40,40,29,29,29,29,29,27,50,48,48,48,65,47,47,47,32,32,32,0],"gold":44,"neow_bonus":"TRANSFORM_CARD","is_prod":false,"is_daily":false,"chose_seed":false,"campfire_upgraded":5,"win_rate":0,"timestamp":1550421843,"path_taken":["M","?","M","M","?","R","E","R","T","R","M","M","?","M","R","BOSS","M","?","$","M","?","R","E"],"build_version":"2019-02-06","purchased_purges":1,"victory":false,"max_hp_per_floor":[71,71,71,71,71,71,71,71,71,71,71,71,71,71,71,71,71,71,71,71,71,71,71,71],"card_choices":[{"not_picked":["Turbo","Beam Cell"],"picked":"Streamline","floor":1.0},{"not_picked":["Compile Driver","Sweeping Beam"],"picked":"Glacier","floor":3.0},{"not_picked":["Hello World","Self Repair"],"picked":"BootSequence","floor":4.0},{"not_picked":["Conserve Battery","Ball Lightning"],"picked":"Fission","floor":7},{"not_picked":["Sunder","Go for the Eyes"],"picked":"Loop+1","floor":11},{"not_picked":["Barrage","Aggregate","Sunder"],"picked":"SKIP","floor":12},{"not_picked":["Rebound","Redo"],"picked":"Hologram","floor":14},{"not_picked":["Multi-Cast","Thunder Strike"],"picked":"Fission","floor":16},{"not_picked":["Compile Driver","Loop+1"],"picked":"Defragment+1","floor":18},{"not_picked":["Blizzard","Reprogram"],"picked":"Auto Shields","floor":21}],"player_experience":1321983,"relics_obtained":[{"floor":7,"key":"Bottled Lightning"},{"floor":9,"key":"Shuriken"}],"event_choices":[{"damage_healed":0.0,"max_hp_gain":0.0,"max_hp_loss":0.0,"gold_gain":0.0,"event_name":"Living Wall","player_choice":"Grow","floor":2.0,"gold_loss":0.0,"damage_taken":0.0,"cards_upgraded":["Zap"]},{"damage_healed":0.0,"max_hp_gain":0.0,"max_hp_loss":0.0,"gold_gain":0.0,"event_name":"Scrap Ooze","player_choice":"Success","floor":5.0,"gold_loss":0.0,"damage_taken":11.0,"relics_obtained":["Frozen Egg 2"]},{"damage_healed":23,"gold_gain":0,"player_choice":"Banana","damage_taken":0,"max_hp_gain":0,"max_hp_loss":0,"event_name":"Big Fish","floor":13,"gold_loss":0},{"damage_healed":0,"gold_gain":100,"player_choice":"Bet on Murderer","damage_taken":0,"max_hp_gain":0,"max_hp_loss":0,"event_name":"The Joust","floor":19,"gold_loss":50}],"is_beta":true,"boss_relics":[{"not_picked":["Runic Pyramid","Lizard Tail"],"picked":"Nuclear Battery"}],"items_purged_floors":[20],"is_endless":false,"potions_floor_spawned":[3,12,14,16,18],"killed_by":"Slavers","ascension_level":20}