{"gold_per_floor":[115,20,20,20,40,69,69,99,99,111,121,121,140,150,150,150],"floor_reached":16,"playtime":1866,"items_purged":[],"score":151,"play_id":"c65eaeb3-6c7f-4914-ad3b-6cf18e2de389","local_time":"20190219004209","is_ascension_mode":true,"campfire_choices":[{"data":"Corruption","floor":7,"key":"SMITH"},{"floor":15,"key":"REST"}],"neow_cost":"NONE","seed_source_timestamp":2651486106789714,"circlet_count":0,"master_deck":["Strike_R","Strike_R","Strike_R","Strike_R","Strike_R","Defend_R","Defend_R","Defend_R","Defend_R","Bash","Bloodletting","Blind+1","Corruption+1","Pummel","Feel No Pain","Warcry","Barricade+1","Headbutt","Shrug It Off"],"relics":["Burning Blood","NeowsBlessing","Pen Nib","Blood Vial","The Courier"],"potions_floor_usage":[8,11,16],"damage_taken":[{"damage":0,"enemies":"Jaw Worm","floor":1,"turns":1},{"damage":0,"enemies":"Cultist","floor":5,"turns":1},{"damage":0,"enemies":"Lagavulin","floor":6,"turns":1},{"damage":35,"enemies":"Gremlin Nob","floor":8,"turns":5},{"damage":5,"enemies":"2 Louse","floor":10,"turns":5},{"damage":5,"enemies":"Red Slaver","floor":11,"turns":3},{"damage":36,"enemies":"Large Slime","floor":13,"turns":7},{"damage":8,"enemies":"3 Louse","floor":14,"turns":5},{"damage":63,"enemies":"The Guardian","floor":16,"turns":14}],"seed_played":"5821545529261264016","potions_obtained":[{"floor":1,"key":"AttackPotion"},{"floor":6,"key":"SteroidPotion"},{"floor":10,"key":"BloodPotion"}],"is_trial":false,"path_per_floor":["M","$","?","$","M","E","R","E","T","M","M","?","M","M","R","B"],"character_chosen":"IRONCLAD","items_purchased":["Blind"],"campfire_rested":1,"item_purchase_floors":[2],"current_hp_per_floor":[80,80,80,80,80,80,80,51,51,54,57,57,29,29,53,0],"gold":150,"neow_bonus":"THREE_ENEMY_KILL","is_prod":false,"is_daily":false,"chose_seed":false,"campfire_upgraded":1,"win_rate":0,"timestamp":1550536929,"path_taken":["M","$","?","$","M","E","R","E","T","?","M","?","?","M","R","BOSS"],"build_version":"2019-01-23","purchased_purges":0,"victory":false,"max_hp_per_floor":[80,80,80,80,80,80,80,80,80,80,80,80,80,80,80,80],"card_choices":[{"not_picked":["Whirlwind","Heavy Blade"],"picked":"Bloodletting","floor":1},{"not_picked":["Flex","Thunderclap"],"picked":"Corruption","floor":5},{"not_picked":["Cleave","Headbutt"],"picked":"Pummel","floor":6},{"not_picked":["Twin Strike","Clash"],"picked":"Feel No Pain","floor":8},{"not_picked":["Heavy Blade","Wild Strike"],"picked":"Warcry","floor":10},{"not_picked":["Entrench","Heavy Blade"],"picked":"Barricade","floor":11},{"not_picked":["Rage","Reckless Charge"],"picked":"Headbutt","floor":13},{"not_picked":["Iron Wave","Spot Weakness"],"picked":"Shrug It Off","floor":14}],"player_experience":971301,"relics_obtained":[{"floor":6,"key":"Pen Nib"},{"floor":8,"key":"Blood Vial"},{"floor":9,"key":"The Courier"}],"event_choices":[{"damage_healed":0,"gold_gain":0,"player_choice":"Upgraded","damage_taken":0,"max_hp_gain":0,"max_hp_loss":0,"event_name":"Upgrade Shrine","floor":3,"gold_loss":0,"cards_upgraded":["Blind"]},{"damage_healed":0,"gold_gain":0,"player_choice":"Forge","damage_taken":0,"max_hp_gain":0,"max_hp_loss":0,"event_name":"Accursed Blacksmith","floor":12,"gold_loss":0,"cards_upgraded":["Barricade"]}],"is_beta":false,"boss_relics":[],"items_purged_floors":[],"is_endless":false,"potions_floor_spawned":[1,6,10],"killed_by":"The Guardian","ascension_level":2}