{"gold_per_floor":[212,222,234,251,251,251,266,266,266,37,50,66,66,94,94,170,170,190,190,52,64,64,64,90,7,34,62,62,62,62,62,62,62],"floor_reached":33,"playtime":1658,"items_purged":["Strike_B"],"score":616,"play_id":"70c7928c-d9c0-4465-b99a-87a14e64063a","local_time":"20190217092944","is_ascension_mode":true,"campfire_choices":[{"data":"Darkness","floor":6,"key":"SMITH"},{"data":"Zap","floor":8,"key":"SMITH"},{"data":"Dualcast","floor":13,"key":"SMITH"},{"data":"Darkness","floor":15,"key":"SMITH"},{"data":"Darkness","floor":23,"key":"SMITH"},{"floor":30,"key":"REST"},{"floor":32,"key":"REST"}],"neow_cost":"NONE","seed_source_timestamp":309186548786200,"circlet_count":0,"master_deck":["AscendersBane","Strike_B","Strike_B","Defend_B","Defend_B","Defend_B","Defend_B","Zap+1","Dualcast+1","Chill","Darkness+1","Capacitor","BootSequence","All For One","Compile Driver","Go for the Eyes","Darkness+1","All For One","Cold Snap","Darkness+1","Auto Shields","Reinforced Body+1","Gash","Glacier","Hologram","Gash+1","FTL","Ghostly","Ghostly","Ghostly"],"relics":["Cracked Core","Calipers","FossilizedHelix","Orrery","Nunchaku","Anchor","Bag of Marbles"],"potions_floor_usage":[14,16,24],"damage_taken":[{"damage":2,"enemies":"Jaw Worm","floor":1,"turns":3},{"damage":3,"enemies":"Cultist","floor":2,"turns":5},{"damage":3,"enemies":"2 Louse","floor":3,"turns":3},{"damage":8,"enemies":"Blue Slaver","floor":4,"turns":4},{"damage":4,"enemies":"Exordium Wildlife","floor":7,"turns":4},{"damage":3,"enemies":"Large Slime","floor":11,"turns":3},{"damage":0,"enemies":"3 Louse","floor":12,"turns":4},{"damage":0,"enemies":"Gremlin Nob","floor":14,"turns":3},{"damage":17,"enemies":"Hexaghost","floor":16,"turns":8},{"damage":0,"enemies":"Shell Parasite","floor":18,"turns":4},{"damage":0,"enemies":"Spheric Guardian","floor":21,"turns":4},{"damage":18,"enemies":"Book of Stabbing","floor":24,"turns":4},{"damage":19,"enemies":"Slavers","floor":27,"turns":5},{"damage":0,"enemies":"Colosseum Slavers","floor":28,"turns":4},{"damage":55,"enemies":"Collector","floor":33,"turns":8}],"seed_played":"551588509853485913","potions_obtained":[{"floor":3,"key":"Swift Potion"},{"floor":7,"key":"LiquidBronze"},{"floor":14,"key":"Ancient Potion"},{"floor":16,"key":"SpeedPotion"}],"is_trial":false,"path_per_floor":["M","M","M","M","?","R","M","R","T","$","M","M","R","E","R","B",null,"M","?","$","M","?","R","E","$","T","E","?","?","R","?","R","B"],"character_chosen":"DEFECT","items_purchased":["All For One","Gash","Glacier","FTL"],"campfire_rested":2,"item_purchase_floors":[10,20,20,25],"current_hp_per_floor":[62,59,56,48,48,48,44,44,44,44,41,41,41,41,41,24,59,59,39,39,39,39,39,21,21,21,2,2,2,13,13,24,0],"gold":62,"neow_bonus":"HUNDRED_GOLD","is_prod":false,"is_daily":false,"chose_seed":false,"campfire_upgraded":5,"win_rate":0,"timestamp":1550420984,"path_taken":["M","M","M","M","?","R","?","R","T","$","M","M","R","E","R","BOSS","M","?","$","M","?","R","E","?","T","E","?","?","R","?","R","BOSS"],"build_version":"2019-02-06","purchased_purges":1,"victory":false,"max_hp_per_floor":[71,71,71,71,71,71,71,71,71,71,71,71,71,71,71,71,71,71,76,76,76,76,76,76,76,76,76,76,38,38,38,38,38],"card_choices":[{"not_picked":["Hologram","Sweeping Beam"],"picked":"Chill","floor":1},{"not_picked":["Barrage","Tempest"],"picked":"Darkness","floor":2},{"not_picked":["Go for the Eyes","Steam"],"picked":"Capacitor","floor":3},{"not_picked":["Static Discharge","Steam"],"picked":"BootSequence","floor":4},{"not_picked":["Capacitor","Go for the Eyes","Hello World"],"picked":"SKIP","floor":7},{"not_picked":["Coolheaded","Meteor Strike"],"picked":"Compile Driver","floor":11},{"not_picked":["Steam","Streamline"],"picked":"Go for the Eyes","floor":12},{"not_picked":["Core Surge","Recycle"],"picked":"Darkness","floor":14},{"not_picked":["Rainbow","Biased Cognition"],"picked":"All For One","floor":16},{"not_picked":["Ball Lightning","Hologram"],"picked":"Cold Snap","floor":17},{"not_picked":["Steam","Sweeping Beam"],"picked":"Darkness","floor":17},{"not_picked":["Consume","Go for the Eyes"],"picked":"Auto Shields","floor":17},{"not_picked":["Loop","Thunder Strike"],"picked":"Reinforced Body+1","floor":18},{"not_picked":["Beam Cell+1","Sweeping Beam"],"picked":"Hologram","floor":21},{"not_picked":["Undo","Heatsinks+1"],"picked":"Gash+1","floor":24},{"not_picked":["Coolheaded","Rip and Tear","Go for the Eyes"],"picked":"SKIP","floor":27}],"player_experience":1320325,"relics_obtained":[{"floor":9,"key":"Calipers"},{"floor":14,"key":"FossilizedHelix"},{"floor":24,"key":"Nunchaku"},{"floor":26,"key":"Anchor"},{"floor":27,"key":"Bag of Marbles"}],"event_choices":[{"cards_removed":["Strike_B"],"damage_healed":0,"gold_gain":0,"player_choice":"Offered Basic","damage_taken":0,"max_hp_gain":0,"max_hp_loss":0,"event_name":"Bonfire Elementals","floor":5,"gold_loss":0},{"damage_healed":0,"gold_gain":0,"player_choice":"Shed Blood","damage_taken":25,"max_hp_gain":5,"max_hp_loss":0,"event_name":"Forgotten Altar","floor":19,"gold_loss":0},{"damage_healed":0,"gold_gain":0,"player_choice":"Ignored","damage_taken":0,"max_hp_gain":0,"max_hp_loss":0,"event_name":"Vampires","floor":22,"gold_loss":0},{"damage_healed":0,"gold_gain":0,"player_choice":"Fight","damage_taken":0,"max_hp_gain":0,"max_hp_loss":0,"event_name":"Colosseum","floor":28,"gold_loss":0},{"damage_healed":0,"gold_gain":0,"player_choice":"Fled From Nobs","damage_taken":0,"max_hp_gain":0,"max_hp_loss":0,"event_name":"Colosseum","floor":28,"gold_loss":0},{"damage_healed":0,"gold_gain":0,"player_choice":"Became a Ghost","damage_taken":0,"max_hp_gain":0,"max_hp_loss":38,"event_name":"Ghosts","floor":29,"gold_loss":0,"cards_obtained":["Ghostly","Ghostly","Ghostly"]},{"damage_healed":0,"gold_gain":0,"player_choice":"Ignored","damage_taken":0,"max_hp_gain":0,"max_hp_loss":0,"event_name":"Cursed Tome","floor":31,"gold_loss":0}],"is_beta":true,"boss_relics":[{"not_picked":["Busted Crown","Tiny House"],"picked":"Orrery"}],"items_purged_floors":[10],"is_endless":false,"potions_floor_spawned":[3,7,14,16,18,21,28],"killed_by":"Collector","ascension_level":20}