{"gold_per_floor":[116,136,136,152,167,167,200,200,249,264,287,287,317,327,327,431,431,441,441,441,451,451,484,484,484,508,508,508,525,377,377,377,482,482,496,423,436,436,436,436,469,480,553,653,653,653,145,145,145,145],"floor_reached":51,"playtime":2556,"items_purged":[],"score":1339,"play_id":"cc0c7bc1-b50a-472b-be5e-1ea838be81e3","local_time":"20181209233404","daily_mods":["SealedDeck","Hoarder","Insanity"],"is_ascension_mode":true,"campfire_choices":[{"data":"Concentrate","floor":6,"key":"SMITH"},{"floor":12,"key":"REST"},{"data":"Concentrate","floor":15,"key":"SMITH"},{"floor":25,"key":"REST"},{"data":"After Image","floor":27,"key":"SMITH"},{"floor":32,"key":"REST"},{"floor":46,"key":"REST"},{"floor":49,"key":"REST"}],"neow_cost":"","seed_source_timestamp":0,"circlet_count":0,"master_deck":["Sucker Punch","Skewer","Dagger Spray","Blade Dance","Flying Knee","Sucker Punch","Blade Dance","Dagger Spray","Masterful Stab","Prepared","Masterful Stab","Accuracy","Predator","Quick Slash+1","Masterful Stab","Sucker Punch","Predator","Riddle With Holes","Cloak And Dagger","Leg Sweep","Crippling Poison","Well Laid Plans","Dagger Throw","Endless Agony","Dagger Throw","Heel Hook","Dagger Throw","Bouncing Flask","Outmaneuver","Slice","Tactician","Cloak And Dagger","Deflect","Acrobatics","Sucker Punch","Deadly Poison","Backflip","Quick Slash","Backflip","Crippling Poison","Concentrate+1","Deadly Poison","Outmaneuver","Flying Knee","Riddle With Holes","Setup","Endless Agony","Cloak And Dagger","Blade Dance","PiercingWail","Calculated Gamble","Calculated Gamble","Calculated Gamble","Tactician","Tactician","Tactician","Concentrate","Concentrate","Concentrate+1","Acrobatics","Acrobatics+1","Acrobatics","Well Laid Plans","Well Laid Plans","Well Laid Plans","Caltrops","Caltrops","Caltrops","Deflect","Deflect","Deflect","Dodge and Roll","Dodge and Roll","Dodge and Roll","Backflip","Backflip","Backflip","Well Laid Plans","Well Laid Plans","Well Laid Plans","Cloak And Dagger","Cloak And Dagger","Cloak And Dagger","Dodge and Roll","Dodge and Roll","Dodge and Roll","Dagger Spray+1","Dagger Spray","Dagger Spray","Burst","Burst","Burst","Reflex","Reflex","Malaise","Malaise","Malaise","Accuracy","Accuracy","Accuracy","After Image","After Image+1","After Image","Infinite Blades+1","Infinite Blades+1","Infinite Blades+1","Catalyst","Catalyst","Catalyst","Backflip","Backflip","Backflip","Night Terror","Night Terror","Night Terror","Acrobatics","Acrobatics","Acrobatics","Footwork","Footwork","Footwork","Adrenaline","Adrenaline","Adrenaline","Backflip+1","Backflip+1","Backflip+1","Footwork","Footwork","Footwork","After Image+1","After Image+1","After Image+1"],"relics":["Ring of the Snake","Mango","Singing Bowl","Pen Nib","Juzu Bracelet","Shuriken","Philosopher\u0027s Stone","Letter Opener","MutagenicStrength","Whetstone","Strawberry","Omamori","Dodecahedron","Busted Crown","Bottled Lightning","Kunai","Pocketwatch","DollysMirror","Anchor"],"potions_floor_usage":[],"damage_taken":[{"damage":8,"enemies":"Small Slimes","floor":1,"turns":2},{"damage":0,"enemies":"Cultist","floor":2,"turns":3},{"damage":1,"enemies":"Jaw Worm","floor":4,"turns":4},{"damage":0,"enemies":"Looter","floor":5,"turns":3},{"damage":25,"enemies":"Gremlin Nob","floor":7,"turns":5},{"damage":4,"enemies":"3 Louse","floor":10,"turns":3},{"damage":5,"enemies":"Lagavulin","floor":13,"turns":7},{"damage":2,"enemies":"Exordium Thugs","floor":14,"turns":5},{"damage":8,"enemies":"The Guardian","floor":16,"turns":11},{"damage":31,"enemies":"2 Thieves","floor":18,"turns":5},{"damage":3,"enemies":"3 Byrds","floor":21,"turns":3},{"damage":17,"enemies":"Slavers","floor":23,"turns":5},{"damage":0,"enemies":"Snecko","floor":29,"turns":3},{"damage":25,"enemies":"Champ","floor":33,"turns":9},{"damage":37,"enemies":"3 Darklings","floor":35,"turns":4},{"damage":3,"enemies":"3 Shapes","floor":37,"turns":4},{"damage":14,"enemies":"Reptomancer","floor":41,"turns":4},{"damage":0,"enemies":"3 Darklings","floor":42,"turns":3},{"damage":0,"enemies":"Mind Bloom Boss Battle","floor":44,"turns":5},{"damage":0,"enemies":"Donu and Deca","floor":50,"turns":11}],"seed_played":"5992740455451536295","potions_obtained":[{"floor":1,"key":"Fire Potion"},{"floor":3,"key":"EntropicBrew"},{"floor":3,"key":"FairyPotion"},{"floor":44,"key":"EssenceOfSteel"}],"is_trial":true,"path_per_floor":["M","M","?","M","M","R","E","T","T","M","T","R","E","M","R","B",null,"M","?","?","M","?","E","?","R","T","R","?","M","$","T","R","B",null,"M","$","M","?","?","?","E","M","T","?","?","R","$","$","R","B",null],"character_chosen":"THE_SILENT","items_purchased":["Omamori","Footwork","Footwork","DollysMirror","Anchor","GhostInAJar"],"campfire_rested":5,"item_purchase_floors":[30,36,47,47,47,47],"current_hp_per_floor":[62,62,62,61,61,61,50,50,50,46,46,71,66,64,64,56,84,55,55,47,46,46,29,29,55,62,62,62,62,62,62,90,65,95,58,58,57,57,57,57,45,47,47,47,47,77,77,77,101,101],"gold":145,"neow_bonus":"","is_prod":false,"is_daily":false,"chose_seed":false,"campfire_upgraded":3,"win_rate":0,"timestamp":1544405644,"path_taken":["M","M","?","?","M","R","E","?","T","M","?","R","E","M","R","BOSS","M","?","?","M","?","E","?","R","T","R","?","M","$","?","R","BOSS","M","$","M","?","?","?","E","M","T","?","?","R","?","$","R","BOSS"],"build_version":"2018-12-06","purchased_purges":0,"victory":true,"max_hp_per_floor":[70,70,70,70,70,70,84,84,84,84,84,84,84,84,84,84,84,86,86,86,88,88,88,88,88,95,95,95,95,95,95,95,95,95,95,95,97,97,97,97,99,101,101,101,101,101,101,101,101,101],"card_choices":[{"not_picked":["Masterful Stab","Poisoned Stab"],"picked":"Cloak And Dagger","floor":1},{"not_picked":["Tactician","Deadly Poison"],"picked":"Dodge and Roll","floor":2},{"not_picked":["Predator","All Out Attack"],"picked":"Dagger Spray","floor":4},{"not_picked":["Deadly Poison","Well Laid Plans"],"picked":"Burst","floor":5},{"not_picked":["Dagger Throw","Tactician","Crippling Poison"],"picked":"SKIP","floor":7},{"not_picked":["Underhanded Strike","Dagger Spray"],"picked":"Reflex","floor":10},{"not_picked":["Blade Dance","Finisher"],"picked":"Malaise","floor":13},{"not_picked":["Concentrate","Dodge and Roll"],"picked":"Accuracy","floor":14},{"not_picked":["Bullet Time","Unload"],"picked":"After Image","floor":16},{"not_picked":["Caltrops","Deadly Poison","Prepared"],"picked":"Singing Bowl","floor":18},{"not_picked":["Quick Slash","Reflex","Setup"],"picked":"Singing Bowl","floor":21},{"not_picked":["Caltrops","Endless Agony"],"picked":"Infinite Blades+1","floor":23},{"not_picked":["Terror","Dodge and Roll"],"picked":"Backflip","floor":29},{"not_picked":["Storm of Steel","Bullet Time"],"picked":"Night Terror","floor":33},{"not_picked":[],"picked":"Acrobatics","floor":35},{"not_picked":["Dash+1"],"picked":"Singing Bowl","floor":37},{"not_picked":["Dagger Spray+1"],"picked":"Singing Bowl","floor":41},{"not_picked":["Flechettes+1"],"picked":"Singing Bowl","floor":42},{"not_picked":[],"picked":"Backflip+1","floor":44}],"player_experience":217654,"relics_obtained":[{"floor":7,"key":"Mango"},{"floor":8,"key":"Singing Bowl"},{"floor":9,"key":"Pen Nib"},{"floor":11,"key":"Juzu Bracelet"},{"floor":13,"key":"Shuriken"},{"floor":23,"key":"Whetstone"},{"floor":26,"key":"Strawberry"},{"floor":31,"key":"Dodecahedron"},{"floor":41,"key":"Bottled Lightning"},{"floor":43,"key":"Kunai"},{"floor":44,"key":"Pocketwatch"}],"event_choices":[{"damage_healed":0,"gold_gain":0,"player_choice":"Got Potions","damage_taken":0,"max_hp_gain":0,"max_hp_loss":0,"event_name":"Lab","floor":3,"gold_loss":0},{"damage_healed":0,"gold_gain":0,"player_choice":"Opened","damage_taken":0,"relics_obtained":["Letter Opener"],"max_hp_gain":0,"max_hp_loss":0,"event_name":"The Mausoleum","floor":19,"gold_loss":0},{"damage_healed":0,"gold_gain":0,"player_choice":"","damage_taken":8,"max_hp_gain":0,"max_hp_loss":0,"event_name":"Knowing Skull","floor":20,"potions_obtained":[],"gold_loss":0,"cards_obtained":[]},{"damage_healed":0,"gold_gain":0,"player_choice":"Inject Mutagens","damage_taken":0,"relics_obtained":["MutagenicStrength"],"max_hp_gain":0,"max_hp_loss":0,"event_name":"Drug Dealer","floor":22,"gold_loss":0},{"damage_healed":0,"gold_gain":0,"player_choice":"Ignored","damage_taken":0,"max_hp_gain":0,"max_hp_loss":0,"event_name":"Beggar","floor":24,"gold_loss":0},{"damage_healed":0,"gold_gain":0,"player_choice":"Read","damage_taken":0,"max_hp_gain":0,"max_hp_loss":0,"event_name":"The Library","floor":28,"gold_loss":0,"cards_obtained":["Catalyst"]},{"damage_healed":0,"gold_gain":0,"player_choice":"Upgraded","damage_taken":0,"max_hp_gain":0,"max_hp_loss":0,"event_name":"Upgrade Shrine","floor":38,"gold_loss":0,"cards_upgraded":["Acrobatics"]},{"damage_healed":0,"gold_gain":0,"player_choice":"Ignored","damage_taken":0,"max_hp_gain":0,"max_hp_loss":0,"event_name":"Tomb of Lord Red Mask","floor":39,"gold_loss":0},{"damage_healed":0,"gold_gain":0,"cards_transformed":["Reflex"],"player_choice":"Transformed","damage_taken":0,"max_hp_gain":0,"max_hp_loss":0,"event_name":"Transmorgrifier","floor":40,"gold_loss":0,"cards_obtained":["Adrenaline"]},{"damage_healed":0,"gold_gain":0,"player_choice":"Fight","damage_taken":0,"max_hp_gain":0,"max_hp_loss":0,"event_name":"MindBloom","floor":44,"gold_loss":0},{"damage_healed":0,"gold_gain":0,"player_choice":"Ignored","damage_taken":0,"max_hp_gain":0,"max_hp_loss":0,"event_name":"SecretPortal","floor":45,"gold_loss":0}],"is_beta":false,"boss_relics":[{"not_picked":["Black Star","Lizard Tail"],"picked":"Philosopher\u0027s Stone"},{"not_picked":["Velvet Choker","Orrery"],"picked":"Busted Crown"}],"items_purged_floors":[],"is_endless":false,"potions_floor_spawned":[1,5,7,14,16,21,33,37,44],"ascension_level":4}