{"gold_per_floor":[113,129,129,129,141,173,173,193,193,193,211,211,37,94,94,195,195,210,227,227,152,171,171,200,200,200,200,37,49,49,64,64,167,167,178,23,23,0,0,0,0,0,0,0,0,15,15,35,35,35],"floor_reached":51,"playtime":21109,"items_purged":[],"score":636,"play_id":"a44c1da6-84ff-4484-a336-3d9216cad4bf","local_time":"20190203201751","is_ascension_mode":false,"campfire_choices":[{"floor":7,"key":"DIG"},{"floor":10,"key":"REST"},{"floor":15,"key":"REST"},{"data":"1","floor":23,"key":"LIFT"},{"floor":25,"key":"REST"},{"floor":32,"key":"REST"},{"floor":40,"key":"DIG"},{"data":"2","floor":42,"key":"LIFT"},{"data":"3","floor":45,"key":"LIFT"},{"floor":49,"key":"DIG"}],"neow_cost":"NONE","seed_source_timestamp":1320421460759649,"circlet_count":0,"master_deck":["Strike_B","Strike_B","Strike_B+1","Defend_B+1","Defend_B","Zap","Dualcast","Glacier","Doom and Gloom+1","Stack","Compile Driver+1","Coolheaded","Redo","Apotheosis","Redo","Rainbow","Compile Driver","Genetic Algorithm","Rip and Tear+1","Gash","Blizzard","FTL","Electrodynamics","Self Repair","Fission","Conserve Battery+1","Capacitor","Aggregate","Madness","Madness","Trip","Bandage Up","Violence","Compile Driver","Barrage+1"],"relics":["Cracked Core","NeowsBlessing","Du-Vu Doll","Shovel","Ice Cream","Girya","Darkstone Periapt","Nuclear Battery","StoneCalendar","Whetstone","Eternal Feather","Bottled Flame","Red Mask","Shuriken","Gremlin Horn","Bag of Marbles"],"potions_floor_usage":[50,50,50],"damage_taken":[{"damage":0,"enemies":"2 Louse","floor":1,"turns":1},{"damage":0,"enemies":"Cultist","floor":2,"turns":1},{"damage":0,"enemies":"Small Slimes","floor":5,"turns":1},{"damage":28,"enemies":"Lagavulin","floor":6,"turns":6},{"damage":5,"enemies":"Blue Slaver","floor":8,"turns":4},{"damage":21,"enemies":"Exordium Wildlife","floor":11,"turns":10},{"damage":12,"enemies":"Gremlin Nob","floor":14,"turns":4},{"damage":6,"enemies":"Hexaghost","floor":16,"turns":11},{"damage":13,"enemies":"2 Thieves","floor":18,"turns":3},{"damage":0,"enemies":"Chosen","floor":19,"turns":4},{"damage":18,"enemies":"Snake Plant","floor":22,"turns":5},{"damage":35,"enemies":"Slavers","floor":24,"turns":4},{"damage":0,"enemies":"3 Cultists","floor":29,"turns":6},{"damage":1,"enemies":"Sentry and Sphere","floor":31,"turns":3},{"damage":45,"enemies":"Champ","floor":33,"turns":11},{"damage":17,"enemies":"Orb Walker","floor":35,"turns":4},{"damage":10,"enemies":"3 Shapes","floor":46,"turns":4},{"damage":29,"enemies":"Writhing Mass","floor":48,"turns":5},{"damage":44,"enemies":"Time Eater","floor":50,"turns":8}],"seed_played":"-5159165310198310691","potions_obtained":[{"floor":6,"key":"Dexterity Potion"},{"floor":8,"key":"Ancient Potion"},{"floor":11,"key":"AttackPotion"}],"is_trial":false,"path_per_floor":["M","M","?","?","M","E","R","M","T","R","M","?","$","?","R","B",null,"M","M","$","?","M","R","E","R","T","?","$","M","$","M","R","B",null,"M","$","T","?","?","R","?","R","T","?","R","M","$","M","R","B",null],"character_chosen":"DEFECT","items_purchased":["Apotheosis","Blizzard","FTL","Capacitor","Aggregate"],"campfire_rested":4,"item_purchase_floors":[13,28,28,36,36],"current_hp_per_floor":[75,75,68,68,68,40,40,35,35,57,36,21,21,9,31,25,75,62,62,62,62,44,44,9,31,31,31,31,31,31,30,52,14,75,65,65,65,65,56,74,74,75,75,65,75,75,75,62,75,34],"gold":35,"neow_bonus":"THREE_ENEMY_KILL","is_prod":false,"is_daily":false,"chose_seed":false,"campfire_upgraded":0,"win_rate":0.0,"timestamp":1549225071,"path_taken":["M","M","?","?","M","E","R","?","T","R","M","?","$","?","R","BOSS","M","M","$","?","M","R","E","R","T","?","$","M","?","M","R","BOSS","M","$","?","?","?","R","?","R","T","?","R","M","?","M","R","BOSS"],"build_version":"2019-01-23","purchased_purges":0,"victory":true,"max_hp_per_floor":[75,75,75,75,75,75,75,75,75,75,75,75,75,75,75,75,75,75,75,75,75,75,75,75,75,75,75,75,75,75,75,75,75,75,75,75,75,75,75,75,75,75,75,75,75,75,75,75,75,75],"card_choices":[{"not_picked":["Sweeping Beam","Ball Lightning"],"picked":"Glacier","floor":1},{"not_picked":["Barrage","Redo"],"picked":"Doom and Gloom","floor":2},{"not_picked":["Sweeping Beam","Barrage"],"picked":"Stack","floor":5},{"not_picked":["Reprogram","Darkness"],"picked":"Compile Driver","floor":6},{"not_picked":["Chill","Force Field"],"picked":"Coolheaded","floor":8},{"not_picked":["Rip and Tear","Fission"],"picked":"Redo","floor":11},{"not_picked":["Leap","Steam"],"picked":"Redo","floor":14},{"not_picked":["Thunder Strike","Amplify"],"picked":"Rainbow","floor":16},{"not_picked":["Chaos","Cold Snap"],"picked":"Compile Driver","floor":18},{"not_picked":["Reinforced Body","Chaos"],"picked":"Genetic Algorithm","floor":19},{"not_picked":["Go for the Eyes","Doom and Gloom+1"],"picked":"Rip and Tear+1","floor":22},{"not_picked":["Tempest","Stack+1"],"picked":"Gash","floor":24},{"not_picked":["Steam Power","Barrage"],"picked":"Electrodynamics","floor":29},{"not_picked":["Double Energy","Streamline"],"picked":"Self Repair","floor":31},{"not_picked":["Amplify","Electrodynamics"],"picked":"Fission","floor":33},{"not_picked":["Chaos+1","FTL+1"],"picked":"Conserve Battery+1","floor":35},{"not_picked":["Jack Of All Trades","Blind"],"picked":"Trip","floor":44},{"not_picked":["Panache","Jack Of All Trades"],"picked":"Bandage Up","floor":44},{"not_picked":["Forethought","HandOfGreed"],"picked":"Violence","floor":44},{"not_picked":["Ball Lightning+1","Stack+1"],"picked":"Compile Driver","floor":46},{"not_picked":["Compile Driver","Conserve Battery"],"picked":"Barrage+1","floor":48}],"player_experience":161053,"relics_obtained":[{"floor":6,"key":"Shovel"},{"floor":7,"key":"Ice Cream"},{"floor":9,"key":"Girya"},{"floor":14,"key":"Darkstone Periapt"},{"floor":24,"key":"StoneCalendar"},{"floor":26,"key":"Whetstone"},{"floor":37,"key":"Bottled Flame"},{"floor":40,"key":"Shuriken"},{"floor":43,"key":"Gremlin Horn"},{"floor":49,"key":"Bag of Marbles"}],"event_choices":[{"damage_healed":0,"gold_gain":0,"player_choice":"Success","damage_taken":7,"relics_obtained":["Du-Vu Doll"],"max_hp_gain":0,"max_hp_loss":0,"event_name":"Scrap Ooze","floor":3,"gold_loss":0},{"cards_removed":["Strike_B"],"damage_healed":0,"gold_gain":0,"player_choice":"Card Removal","damage_taken":0,"max_hp_gain":0,"max_hp_loss":0,"event_name":"Wheel of Change","floor":4,"gold_loss":0},{"damage_healed":0,"gold_gain":0,"player_choice":"Entered Light","damage_taken":15,"max_hp_gain":0,"max_hp_loss":0,"event_name":"Shining Light","floor":12,"gold_loss":0,"cards_upgraded":["Doom and Gloom","Defend_B"]},{"damage_healed":0,"gold_gain":30,"player_choice":"Searched \u00272\u0027 times","damage_taken":0,"max_hp_gain":0,"max_hp_loss":0,"event_name":"Dead Adventurer","floor":14,"gold_loss":0},{"cards_removed":["Defend_B"],"damage_healed":0,"gold_gain":0,"player_choice":"Gave Gold","damage_taken":0,"max_hp_gain":0,"max_hp_loss":0,"event_name":"Beggar","floor":21,"gold_loss":75},{"damage_healed":0,"gold_gain":0,"player_choice":"Ignored","damage_taken":0,"max_hp_gain":0,"max_hp_loss":0,"event_name":"Ghosts","floor":27,"gold_loss":0},{"damage_healed":0,"gold_gain":0,"player_choice":"Paid","damage_taken":0,"relics_obtained":["Red Mask"],"max_hp_gain":0,"max_hp_loss":0,"event_name":"Tomb of Lord Red Mask","floor":38,"gold_loss":23},{"damage_healed":0,"gold_gain":0,"player_choice":"Embrace Madness","damage_taken":9,"max_hp_gain":0,"max_hp_loss":0,"event_name":"Winding Halls","floor":39,"gold_loss":0,"cards_obtained":["Madness","Madness"]},{"cards_removed":["Defend_B"],"damage_healed":0,"gold_gain":0,"player_choice":"Removed Skill","damage_taken":0,"max_hp_gain":0,"max_hp_loss":0,"event_name":"Falling","floor":41,"gold_loss":0},{"damage_healed":0,"gold_gain":0,"player_choice":"Memory 3","damage_taken":10,"max_hp_gain":0,"max_hp_loss":0,"event_name":"SensoryStone","floor":44,"gold_loss":0}],"is_beta":false,"boss_relics":[{"not_picked":["Busted Crown","White Beast Statue"],"picked":"Nuclear Battery"},{"not_picked":["Astrolabe","Philosopher\u0027s Stone"],"picked":"Eternal Feather"}],"items_purged_floors":[],"is_endless":false,"potions_floor_spawned":[6,8,11,18,29],"ascension_level":0}