{"gold_per_floor":[119,119,139,153,163,163,263,263,263,263,275,291,319,332,332,430,430,449,468,500,500],"floor_reached":21,"playtime":695,"items_purged":[],"score":183,"play_id":"4fa948db-4d46-4baf-80b4-9bf8d6bbd199","local_time":"20190131231959","is_ascension_mode":false,"campfire_choices":[{"data":"Zap","floor":6.0,"key":"SMITH"},{"data":"Sweeping Beam","floor":8.0,"key":"SMITH"},{"data":"Cold Snap","floor":10.0,"key":"SMITH"},{"data":"Streamline","floor":15.0,"key":"SMITH"}],"neow_cost":"NONE","seed_source_timestamp":100709526535641,"circlet_count":0,"master_deck":["Strike_B","Strike_B","Defend_B","Defend_B","Defend_B","Defend_B","Zap+1","Dualcast","Sweeping Beam+1","Compile Driver","Cold Snap+1","Gash","Streamline+1","Hologram","Seek","Machine Learning","Static Discharge+1","Cold Snap","Chill"],"special_seed":0,"relics":["Cracked Core"],"potions_floor_usage":[],"damage_taken":[{"damage":0.0,"enemies":"2 Louse","floor":1.0,"turns":2.0},{"damage":3.0,"enemies":"Jaw Worm","floor":3.0,"turns":4.0},{"damage":1.0,"enemies":"Cultist","floor":4.0,"turns":3.0},{"damage":0.0,"enemies":"Large Slime","floor":5.0,"turns":6.0},{"damage":0.0,"enemies":"2 Fungi Beasts","floor":11.0,"turns":2.0},{"damage":0.0,"enemies":"3 Louse","floor":12.0,"turns":3.0},{"damage":7.0,"enemies":"3 Sentries","floor":13.0,"turns":5.0},{"damage":7.0,"enemies":"Looter","floor":14.0,"turns":2.0},{"damage":2.0,"enemies":"Slime Boss","floor":16.0,"turns":7.0},{"damage":18.0,"enemies":"Shell Parasite","floor":18.0,"turns":5.0},{"damage":23.0,"enemies":"2 Thieves","floor":19.0,"turns":3.0},{"damage":31.0,"enemies":"Masked Bandits","floor":20.0,"turns":3.0},{"damage":0,"enemies":"Centurion and Healer","floor":21,"turns":1}],"seed_played":"333688568118118539","potions_obtained":[{"floor":3.0,"key":"FocusPotion"},{"floor":11.0,"key":"Dexterity Potion"},{"floor":12.0,"key":"Block Potion"},{"floor":13.0,"key":"Strength Potion"},{"floor":18.0,"key":"Regen Potion"},{"floor":20,"key":"SkillPotion"}],"is_trial":false,"path_per_floor":["M","?","M","M","M","R","?","R","T","R","M","M","E","M","R","B",null,"M","M","?","M"],"character_chosen":"DEFECT","items_purchased":[],"campfire_rested":0,"item_purchase_floors":[],"current_hp_per_floor":[75,75,72,71,71,71,71,71,71,71,71,71,64,57,57,55,75,57,43,12,12],"gold":500,"neow_bonus":"REMOVE_CARD","is_prod":false,"is_daily":false,"chose_seed":false,"campfire_upgraded":4,"win_rate":0,"timestamp":1549001999,"path_taken":["M","?","M","M","M","R","?","R","T","R","M","?","E","M","R","BOSS","M","M","?","M"],"build_version":"2019-01-23","purchased_purges":0,"victory":false,"max_hp_per_floor":[75,75,75,75,75,75,75,75,75,75,75,75,75,75,75,75,75,75,75,75,75],"card_choices":[{"not_picked":["Barrage","Coolheaded"],"picked":"Sweeping Beam","floor":1.0},{"not_picked":["Hello World","Redo"],"picked":"Compile Driver","floor":3.0},{"not_picked":["Turbo","Recycle"],"picked":"Cold Snap","floor":4.0},{"not_picked":["Rainbow","Melter"],"picked":"Gash","floor":5.0},{"not_picked":["Steam Power","White Noise"],"picked":"Streamline","floor":11.0},{"not_picked":["Compile Driver","Redo","Static Discharge"],"picked":"SKIP","floor":12.0},{"not_picked":["Turbo","Hello World"],"picked":"Hologram","floor":13.0},{"not_picked":["Coolheaded","Steam"],"picked":"Seek","floor":14.0},{"not_picked":["Hyperbeam","Rainbow"],"picked":"Machine Learning","floor":16.0},{"not_picked":["Steam Power","Self Repair+1"],"picked":"Static Discharge+1","floor":18.0},{"not_picked":["Stack","Sweeping Beam+1"],"picked":"Cold Snap","floor":19.0},{"not_picked":["Stack","Melter+1"],"picked":"Chill","floor":20}],"player_experience":1289564,"relics_obtained":[],"event_choices":[{"cards_removed":["Strike_B"],"damage_healed":0.0,"max_hp_gain":0.0,"max_hp_loss":0.0,"gold_gain":0.0,"event_name":"Living Wall","player_choice":"Forget","floor":2.0,"gold_loss":0.0,"damage_taken":0.0},{"damage_healed":0.0,"max_hp_gain":0.0,"max_hp_loss":0.0,"gold_gain":100.0,"event_name":"Golden Shrine","player_choice":"Pray","floor":7.0,"gold_loss":0.0,"damage_taken":0.0},{"damage_healed":0.0,"max_hp_gain":0.0,"max_hp_loss":0.0,"gold_gain":0.0,"event_name":"Masked Bandits","player_choice":"Fought Bandits","floor":20.0,"gold_loss":0.0,"damage_taken":0.0}],"is_beta":true,"boss_relics":[{"not_picked":["Orrery","Black Star","Runic Pyramid"]}],"items_purged_floors":[],"is_endless":false,"potions_floor_spawned":[3,11,12,13,18,20],"killed_by":"Centurion and Healer","ascension_level":0}