{"gold_per_floor":[110,128,128,148,165,165,197,197,197,197,214,11,11],"floor_reached":13,"playtime":360,"items_purged":["Strike_B"],"score":170,"play_id":"f27130ae-2bce-4896-a97f-254b0cd33fda","local_time":"20181205224647","is_ascension_mode":true,"campfire_choices":[{"data":"Streamline","floor":6,"key":"SMITH"},{"floor":8,"key":"REST"},{"data":"Zap","floor":10,"key":"SMITH"}],"neow_cost":"CURSE","seed_source_timestamp":1917077237810569,"circlet_count":0,"master_deck":["AscendersBane","Strike_B","Strike_B","Strike_B","Defend_B","Defend_B","Defend_B","Defend_B","Zap","Dualcast","Decay","Seek","Streamline+1","Leap","Zap+1","Glacier","Scrape","Go for the Eyes","FTL","Steam"],"relics":["Cracked Core","Matryoshka","Ancient Tea Set","Mummified Hand"],"potions_floor_usage":[7,13],"damage_taken":[{"damage":5,"enemies":"2 Louse","floor":1,"turns":2},{"damage":3,"enemies":"Cultist","floor":2,"turns":3},{"damage":5,"enemies":"Jaw Worm","floor":4,"turns":3},{"damage":19,"enemies":"2 Fungi Beasts","floor":5,"turns":4},{"damage":46,"enemies":"Lagavulin","floor":7,"turns":7},{"damage":3,"enemies":"Red Slaver","floor":11,"turns":3},{"damage":8,"enemies":"Gremlin Nob","floor":13,"turns":3}],"seed_played":"1676156259497654621","potions_obtained":[{"floor":4,"key":"Regen Potion"},{"floor":7,"key":"Swift Potion"}],"is_trial":false,"path_per_floor":["M","M","?","M","M","R","E","R","T","R","M","$","E"],"character_chosen":"DEFECT","items_purchased":["FTL","Steam"],"campfire_rested":1,"item_purchase_floors":[12,12],"current_hp_per_floor":[59,56,56,51,32,32,1,22,22,22,19,19,11],"gold":11,"neow_bonus":"THREE_RARE_CARDS","is_prod":false,"is_daily":false,"chose_seed":false,"campfire_upgraded":2,"win_rate":0,"timestamp":1544075207,"path_taken":["M","M","?","?","M","R","E","R","T","R","M","$","E"],"build_version":"2018-12-05","purchased_purges":1,"victory":false,"max_hp_per_floor":[71,71,71,71,71,71,71,71,71,71,71,71,71],"card_choices":[{"not_picked":["Buffer","Machine Learning"],"picked":"Seek","floor":0},{"not_picked":["Stack","Redo"],"picked":"Streamline","floor":1},{"not_picked":["Sweeping Beam","Steam Power"],"picked":"Leap","floor":2},{"not_picked":["Reprogram","Heatsinks","Coolheaded"],"picked":"SKIP","floor":4},{"not_picked":["Undo","Meteor Strike"],"picked":"Glacier","floor":5},{"not_picked":["Barrage","Tempest"],"picked":"Scrape","floor":7},{"not_picked":["Stack","Hello World"],"picked":"Go for the Eyes","floor":11}],"player_experience":1174481,"relics_obtained":[{"floor":7,"key":"Matryoshka"},{"floor":9,"key":"Ancient Tea Set"},{"floor":9,"key":"Mummified Hand"}],"event_choices":[{"damage_healed":0,"gold_gain":0,"player_choice":"1 cards matched","damage_taken":0,"max_hp_gain":0,"max_hp_loss":0,"event_name":"Match and Keep!","floor":3,"gold_loss":0,"cards_obtained":["Zap"]},{"damage_healed":0,"gold_gain":0,"player_choice":"1 cards matched","damage_taken":0,"max_hp_gain":0,"max_hp_loss":0,"event_name":"Match and Keep!","floor":3,"gold_loss":0,"cards_obtained":["Zap"]}],"is_beta":true,"boss_relics":[],"items_purged_floors":[12],"is_endless":false,"potions_floor_spawned":[4,7],"killed_by":"Gremlin Nob","ascension_level":20}