{"gold_per_floor":[115,115,127,127,140,140,169,119,119,119,135,151,170,201,201,296,296,311,56,74,85,85,118,143,66,92,121,121,147,147,182,182,284,284,304,324,324,340,111,137,137,170,193,206,238,238,273,283,283,283],"floor_reached":51,"playtime":4424,"items_purged":["Defend_B","Strike_B","Decay"],"score":1349,"play_id":"4d2b6b0a-d633-462c-bf6b-72bb3c9d6a7e","local_time":"20190214160226","is_ascension_mode":true,"campfire_choices":[{"data":"Double Energy","floor":6,"key":"SMITH"},{"floor":10,"key":"REST"},{"data":"White Noise","floor":15,"key":"SMITH"},{"floor":28,"key":"REST"},{"data":"White Noise","floor":32,"key":"SMITH"},{"floor":41,"key":"REST"},{"data":"Tempest","floor":46,"key":"SMITH"},{"floor":49,"key":"REST"}],"neow_cost":"NONE","seed_source_timestamp":41008787323809,"circlet_count":0,"master_deck":["Strike_B","Strike_B","Defend_B","Defend_B","Defend_B","Zap","Dualcast","Tempest+1","Double Energy+1","BootSequence","Electrodynamics+1","Conserve Battery","Ball Lightning","White Noise+1","Electrodynamics+1","Storm+1","Turbo","Hello World+1","Defragment+1","Leap","Ball Lightning","White Noise+1","Creative AI+1","Go for the Eyes+1","Leap+1","Zap","Hello World+1","Magnetism+1","Storm+1","Buffer+1","Reinforced Body+1"],"relics":["Black Star","Frozen Egg 2","Regal Pillow","Kunai","DataDisk","Happy Flower","Smiling Mask","Velvet Choker","Toy Ornithopter","Matryoshka","Lantern","Shuriken","Red Mask","Boot","Bag of Preparation","Pen Nib","PreservedInsect","Calipers","Bottled Lightning","Letter Opener","Du-Vu Doll","Nuclear Battery","Sundial","Oddly Smooth Stone","Art of War","Bottled Flame","Vajra","Anchor","Omamori","Dream Catcher","Toxic Egg 2","Centennial Puzzle"],"potions_floor_usage":[3,7,11,12,21,27,31,33,36,36,47,50,50],"damage_taken":[{"damage":0,"enemies":"Small Slimes","floor":1,"turns":3},{"damage":9,"enemies":"Jaw Worm","floor":3,"turns":4},{"damage":8,"enemies":"2 Louse","floor":5,"turns":2},{"damage":45,"enemies":"3 Sentries","floor":7,"turns":10},{"damage":0,"enemies":"Large Slime","floor":11,"turns":2},{"damage":0,"enemies":"Exordium Thugs","floor":12,"turns":3},{"damage":6,"enemies":"Blue Slaver","floor":13,"turns":3},{"damage":0,"enemies":"Gremlin Nob","floor":14,"turns":3},{"damage":0,"enemies":"Slime Boss","floor":16,"turns":6},{"damage":17,"enemies":"2 Thieves","floor":18,"turns":3},{"damage":0,"enemies":"Shell Parasite","floor":20,"turns":2},{"damage":2,"enemies":"Cultist and Chosen","floor":21,"turns":4},{"damage":44,"enemies":"Slavers","floor":23,"turns":3},{"damage":2,"enemies":"Masked Bandits","floor":24,"turns":2},{"damage":3,"enemies":"Book of Stabbing","floor":27,"turns":2},{"damage":7,"enemies":"Slavers","floor":29,"turns":2},{"damage":2,"enemies":"Gremlin Leader","floor":31,"turns":3},{"damage":33,"enemies":"Collector","floor":33,"turns":5},{"damage":3,"enemies":"Orb Walker","floor":35,"turns":3},{"damage":24,"enemies":"3 Darklings","floor":36,"turns":4},{"damage":14,"enemies":"Jaw Worm Horde","floor":38,"turns":3},{"damage":13,"enemies":"Reptomancer","floor":40,"turns":3},{"damage":0,"enemies":"Giant Head","floor":42,"turns":5},{"damage":5,"enemies":"Spire Growth","floor":44,"turns":4},{"damage":5,"enemies":"Nemesis","floor":45,"turns":5},{"damage":0,"enemies":"Giant Head","floor":47,"turns":5},{"damage":0,"enemies":"4 Shapes","floor":48,"turns":3},{"damage":11,"enemies":"Awakened One","floor":50,"turns":5}],"seed_played":"6036465893073835453","potions_obtained":[{"floor":1,"key":"Block Potion"},{"floor":5,"key":"GamblersBrew"},{"floor":7,"key":"Swift Potion"},{"floor":11,"key":"SkillPotion"},{"floor":20,"key":"AttackPotion"},{"floor":24,"key":"FocusPotion"},{"floor":29,"key":"Weak Potion"},{"floor":31,"key":"Fruit Juice"},{"floor":33,"key":"GamblersBrew"},{"floor":35,"key":"Weak Potion"},{"floor":42,"key":"SteroidPotion"},{"floor":45,"key":"Dexterity Potion"},{"floor":48,"key":"Poison Potion"}],"is_trial":false,"path_per_floor":["M","?","M","?","M","R","E","?","T","R","M","M","M","E","R","B",null,"M","$","M","M","?","E","?","$","T","E","R","E","?","E","R","B",null,"M","M","?","M","$","E","R","E","T","M","E","R","E","M","R","B",null],"character_chosen":"DEFECT","items_purchased":["Toy Ornithopter","Leap","Magnetism+1"],"campfire_rested":4,"item_purchase_floors":[19,25,39],"current_hp_per_floor":[68,68,59,59,51,51,6,6,6,43,43,43,37,37,37,37,66,49,49,49,52,52,8,6,6,6,8,45,38,38,46,46,18,65,62,48,48,34,34,21,60,60,60,55,50,50,55,55,80,69],"gold":283,"neow_bonus":"BOSS_RELIC","is_prod":false,"is_daily":false,"chose_seed":false,"campfire_upgraded":4,"win_rate":0,"timestamp":1550156546,"path_taken":["M","?","M","?","M","R","E","?","T","R","M","?","M","E","R","BOSS","M","$","M","M","?","E","?","?","T","E","R","E","?","E","R","BOSS","M","M","?","M","?","E","R","E","T","M","E","R","E","M","R","BOSS"],"build_version":"2019-01-23","purchased_purges":3,"victory":true,"max_hp_per_floor":[75,75,75,75,75,75,75,75,75,75,75,75,75,75,75,75,75,75,75,75,75,75,75,75,75,75,75,75,75,75,80,80,80,80,80,80,80,80,80,80,80,80,80,80,80,80,80,80,80,80],"card_choices":[{"not_picked":["Redo","Ball Lightning"],"picked":"Tempest","floor":1},{"not_picked":["Force Field","Leap"],"picked":"Double Energy","floor":3},{"not_picked":["Barrage","Stack"],"picked":"BootSequence","floor":5},{"not_picked":["Streamline","Leap"],"picked":"Electrodynamics+1","floor":7},{"not_picked":["Go for the Eyes","Gash"],"picked":"Conserve Battery","floor":11},{"not_picked":["Barrage","Redo","Reprogram"],"picked":"SKIP","floor":12},{"not_picked":["Melter","Scrape"],"picked":"Ball Lightning","floor":13},{"not_picked":["Steam","Rebound"],"picked":"White Noise","floor":14},{"not_picked":["Meteor Strike","All For One"],"picked":"Electrodynamics+1","floor":16},{"not_picked":["Static Discharge+1","Hologram"],"picked":"Storm+1","floor":18},{"not_picked":["Redo","Steam"],"picked":"Turbo","floor":20},{"not_picked":["Streamline","Barrage"],"picked":"Hello World+1","floor":21},{"not_picked":["Compile Driver","Auto Shields"],"picked":"Defragment+1","floor":23},{"not_picked":["Blizzard","Genetic Algorithm+1","Reprogram"],"picked":"SKIP","floor":27},{"not_picked":["Compile Driver","Stack"],"picked":"Ball Lightning","floor":29},{"not_picked":["Melter","Cold Snap"],"picked":"White Noise","floor":31},{"not_picked":["Seek","Buffer+1"],"picked":"Creative AI+1","floor":33},{"not_picked":["Self Repair+1","Hologram"],"picked":"Go for the Eyes+1","floor":35},{"not_picked":["Coolheaded+1","Sweeping Beam+1"],"picked":"Leap+1","floor":36},{"not_picked":["Consume","Barrage"],"picked":"Hello World+1","floor":38},{"not_picked":["Turbo","White Noise"],"picked":"Storm+1","floor":40},{"not_picked":["Undo","Gash","Steam Power"],"picked":"SKIP","floor":42},{"not_picked":["Melter","Stack"],"picked":"Buffer+1","floor":44},{"not_picked":["Lockon+1","Rainbow","Chill+1"],"picked":"SKIP","floor":45},{"not_picked":["Streamline+1","Go for the Eyes+1","Turbo"],"picked":"SKIP","floor":47},{"not_picked":["Skim+1","Gash"],"picked":"Reinforced Body+1","floor":48}],"player_experience":179917,"relics_obtained":[{"floor":7,"key":"Regal Pillow"},{"floor":7,"key":"Kunai"},{"floor":9,"key":"DataDisk"},{"floor":14,"key":"Happy Flower"},{"floor":14,"key":"Smiling Mask"},{"floor":23,"key":"Lantern"},{"floor":23,"key":"Shuriken"},{"floor":24,"key":"Red Mask"},{"floor":26,"key":"Boot"},{"floor":26,"key":"Bag of Preparation"},{"floor":27,"key":"Pen Nib"},{"floor":27,"key":"PreservedInsect"},{"floor":29,"key":"Calipers"},{"floor":29,"key":"Bottled Lightning"},{"floor":31,"key":"Letter Opener"},{"floor":31,"key":"Du-Vu Doll"},{"floor":40,"key":"Sundial"},{"floor":40,"key":"Oddly Smooth Stone"},{"floor":42,"key":"Art of War"},{"floor":42,"key":"Bottled Flame"},{"floor":43,"key":"Vajra"},{"floor":43,"key":"Anchor"},{"floor":45,"key":"Omamori"},{"floor":45,"key":"Dream Catcher"},{"floor":47,"key":"Toxic Egg 2"},{"floor":47,"key":"Centennial Puzzle"}],"event_choices":[{"damage_healed":0,"gold_gain":0,"player_choice":"Box","damage_taken":0,"relics_obtained":["Frozen Egg 2"],"max_hp_gain":0,"max_hp_loss":0,"event_name":"Big Fish","floor":2,"gold_loss":0,"cards_obtained":["Regret"]},{"cards_removed":["Regret"],"damage_healed":0,"gold_gain":0,"player_choice":"Forget","damage_taken":0,"max_hp_gain":0,"max_hp_loss":0,"event_name":"Living Wall","floor":4,"gold_loss":0},{"cards_removed":["Strike_B"],"damage_healed":0,"gold_gain":0,"player_choice":"Card Removal","damage_taken":0,"max_hp_gain":0,"max_hp_loss":0,"event_name":"The Cleric","floor":8,"gold_loss":50},{"damage_healed":0,"gold_gain":0,"player_choice":"Opened","damage_taken":0,"relics_obtained":["Matryoshka"],"max_hp_gain":0,"max_hp_loss":0,"event_name":"The Mausoleum","floor":22,"gold_loss":0},{"damage_healed":0,"gold_gain":0,"player_choice":"Fought Bandits","damage_taken":0,"max_hp_gain":0,"max_hp_loss":0,"event_name":"Masked Bandits","floor":24,"gold_loss":0},{"damage_healed":0,"gold_gain":0,"player_choice":"Smashed Altar","damage_taken":0,"max_hp_gain":0,"max_hp_loss":0,"event_name":"Forgotten Altar","floor":30,"gold_loss":0,"cards_obtained":["Decay"]},{"damage_healed":0,"gold_gain":0,"player_choice":"1 cards matched","damage_taken":0,"max_hp_gain":0,"max_hp_loss":0,"event_name":"Match and Keep!","floor":37,"gold_loss":0,"cards_obtained":["Zap"]}],"is_beta":false,"boss_relics":[{"not_picked":["Orrery","Runic Dome"],"picked":"Velvet Choker"},{"not_picked":["Runic Pyramid","Astrolabe"],"picked":"Nuclear Battery"}],"items_purged_floors":[19,25,39],"is_endless":false,"potions_floor_spawned":[1,5,7,11,20,24,29,31,33,35,42,45,48],"ascension_level":8}