{"gold_per_floor":[115,134,36,111,286,286,316,332,332,360,374,384,401,411,411,508,508,524,524,524,537,537,537],"floor_reached":23,"playtime":1428,"items_purged":[],"score":321,"play_id":"1788af18-f891-4c54-9827-096aee74d802","local_time":"20190214134054","is_ascension_mode":true,"campfire_choices":[{"data":"Footwork","floor":6,"key":"SMITH"},{"data":"Neutralize","floor":15,"key":"SMITH"}],"neow_cost":"NONE","seed_source_timestamp":875137710547762,"circlet_count":0,"master_deck":["Defend_G","Defend_G","Defend_G","Defend_G","Defend_G","Survivor","Neutralize+1","Poisoned Stab","Poisoned Stab","Footwork+1","Acrobatics","Doubt","Dagger Spray","Deflect","Riddle With Holes","Escape Plan","Infinite Blades","After Image","Leg Sweep","Cloak And Dagger","Bite","Bite","Bite","Bite","Bite","Quick Slash"],"relics":["Ring of the Snake","NeowsBlessing","Pen Nib","Ninja Scroll","Bag of Marbles","White Beast Statue","Ice Cream"],"potions_floor_usage":[10,16],"damage_taken":[{"damage":0,"enemies":"2 Louse","floor":1,"turns":1},{"damage":0,"enemies":"Small Slimes","floor":2,"turns":1},{"damage":0,"enemies":"Lagavulin","floor":7,"turns":1},{"damage":5,"enemies":"Jaw Worm","floor":8,"turns":5},{"damage":1,"enemies":"Gremlin Nob","floor":10,"turns":4},{"damage":1,"enemies":"Gremlin Gang","floor":11,"turns":4},{"damage":0,"enemies":"Looter","floor":12,"turns":2},{"damage":0,"enemies":"Exordium Wildlife","floor":13,"turns":1},{"damage":3,"enemies":"Exordium Thugs","floor":14,"turns":3},{"damage":40,"enemies":"The Guardian","floor":16,"turns":16},{"damage":1,"enemies":"Chosen","floor":18,"turns":7},{"damage":5,"enemies":"Shell Parasite","floor":21,"turns":9},{"damage":52,"enemies":"Gremlin Leader","floor":23,"turns":7}],"seed_played":"-5248499530027737227","potions_obtained":[{"floor":7,"key":"Dexterity Potion"},{"floor":12,"key":"Explosive Potion"},{"floor":13,"key":"Poison Potion"},{"floor":14,"key":"Explosive Potion"},{"floor":18,"key":"Ancient Potion"}],"is_trial":false,"path_per_floor":["M","M","$","?","?","R","E","M","T","E","M","M","M","M","R","B",null,"M","?","?","M","T","E"],"character_chosen":"THE_SILENT","items_purchased":["Footwork","Acrobatics"],"campfire_rested":0,"item_purchase_floors":[3,3],"current_hp_per_floor":[63,63,63,52,52,52,52,47,47,46,45,45,45,42,42,2,53,52,52,49,46,46,0],"gold":537,"neow_bonus":"THREE_ENEMY_KILL","is_prod":false,"is_daily":false,"chose_seed":false,"campfire_upgraded":2,"win_rate":0,"timestamp":1550130054,"path_taken":["M","M","$","?","?","R","E","M","T","E","M","?","?","M","R","BOSS","M","?","?","?","?","E"],"build_version":"2019-01-23","purchased_purges":0,"victory":false,"max_hp_per_floor":[70,70,70,70,70,70,70,70,70,70,70,70,70,70,70,70,70,70,70,49,49,49,49],"card_choices":[{"not_picked":["PiercingWail","Prepared"],"picked":"Poisoned Stab","floor":1},{"not_picked":["Heel Hook","Cloak And Dagger"],"picked":"Poisoned Stab","floor":2},{"not_picked":["Blade Dance","Outmaneuver"],"picked":"Dagger Spray","floor":7},{"not_picked":["Glass Knife","Poisoned Stab"],"picked":"Deflect","floor":8},{"not_picked":["Cloak And Dagger","Night Terror"],"picked":"Riddle With Holes","floor":10},{"not_picked":["Dagger Spray","Distraction"],"picked":"Escape Plan","floor":11},{"not_picked":["Poisoned Stab","Riddle With Holes","Skewer"],"picked":"SKIP","floor":12},{"not_picked":["Bouncing Flask","Flechettes","Infinite Blades"],"picked":"SKIP","floor":13},{"not_picked":["Bouncing Flask","Flechettes"],"picked":"Infinite Blades","floor":13},{"not_picked":["All Out Attack","Setup","Outmaneuver"],"picked":"SKIP","floor":14},{"not_picked":["Night Terror","Phantasmal Killer"],"picked":"After Image","floor":16},{"not_picked":["Dagger Throw","Dagger Spray+1"],"picked":"Leg Sweep","floor":18},{"not_picked":["Slice","Underhanded Strike"],"picked":"Quick Slash","floor":21}],"player_experience":802116,"relics_obtained":[{"floor":7,"key":"Pen Nib"},{"floor":9,"key":"Ninja Scroll"},{"floor":10,"key":"Bag of Marbles"},{"floor":22,"key":"Ice Cream"}],"event_choices":[{"damage_healed":0,"gold_gain":75,"player_choice":"Gather Gold","damage_taken":11,"max_hp_gain":0,"max_hp_loss":0,"event_name":"World of Goop","floor":4,"gold_loss":0},{"damage_healed":0,"gold_gain":175,"player_choice":"AGREE","damage_taken":0,"max_hp_gain":0,"max_hp_loss":0,"event_name":"Liars Game","floor":5,"gold_loss":0,"cards_obtained":["Doubt"]},{"damage_healed":0,"gold_gain":0,"player_choice":"Read","damage_taken":0,"max_hp_gain":0,"max_hp_loss":0,"event_name":"The Library","floor":19,"gold_loss":0,"cards_obtained":["Cloak And Dagger"]},{"damage_healed":0,"gold_gain":0,"player_choice":"Became a vampire","damage_taken":0,"max_hp_gain":0,"max_hp_loss":21,"event_name":"Vampires","floor":20,"gold_loss":0,"cards_obtained":["Bite","Bite","Bite","Bite","Bite"]}],"is_beta":false,"boss_relics":[{"not_picked":["Snecko Eye","Runic Dome"],"picked":"White Beast Statue"}],"items_purged_floors":[],"is_endless":false,"potions_floor_spawned":[7,12,13,14,18,21],"killed_by":"Gremlin Leader","ascension_level":6}