{"gold_per_floor":[114,114,38,56,56,56,22,22,22,55,55,67,95,26,26,121,121,134,233,253,253,253,253,264,264,338,338],"floor_reached":27,"playtime":685,"items_purged":[],"score":260,"play_id":"cc411db4-f6c7-41f7-9648-a338579beb48","local_time":"20190201040100","is_ascension_mode":true,"campfire_choices":[{"data":"Storm","floor":6,"key":"SMITH"},{"data":"Heatsinks","floor":8,"key":"SMITH"},{"data":"Amplify","floor":11,"key":"SMITH"},{"data":"Heatsinks","floor":15,"key":"SMITH"},{"data":"Echo Form","floor":23,"key":"SMITH"},{"data":"Sunder","floor":25,"key":"SMITH"}],"neow_cost":"NONE","seed_source_timestamp":740941329041813,"circlet_count":0,"master_deck":["Strike_B","Strike_B","Strike_B","Strike_B","Defend_B","Defend_B","Defend_B","Defend_B","Zap","Dualcast","Storm+1","Storm+1","Go for the Eyes","Heatsinks+1","Amplify+1","Hologram","Force Field","Heatsinks+1","Echo Form+1","Redo+1","Coolheaded+1","Necronomicurse","Sunder+1"],"relics":["Cracked Core","DataDisk","Sundial","Emotion Chip","Gremlin Horn","Coffee Dripper","Necronomicon","Kunai"],"potions_floor_usage":[10,10,16,27],"damage_taken":[{"damage":2,"enemies":"Jaw Worm","floor":1,"turns":3},{"damage":3,"enemies":"2 Louse","floor":4,"turns":3},{"damage":4,"enemies":"Gremlin Nob","floor":10,"turns":3},{"damage":0,"enemies":"Small Slimes","floor":12,"turns":1},{"damage":27,"enemies":"3 Sentries","floor":13,"turns":4},{"damage":13,"enemies":"Slime Boss","floor":16,"turns":7},{"damage":39,"enemies":"2 Thieves","floor":18,"turns":3},{"damage":11,"enemies":"Shell Parasite","floor":20,"turns":3},{"damage":12,"enemies":"Snake Plant","floor":24,"turns":2},{"damage":7,"enemies":"Book of Stabbing","floor":27,"turns":2}],"seed_played":"4700616720504850236","potions_obtained":[{"floor":1,"key":"Fire Potion"},{"floor":4,"key":"FocusPotion"},{"floor":12,"key":"Strength Potion"},{"floor":18,"key":"FearPotion"}],"is_trial":false,"path_per_floor":["M","?","$","M","?","R","$","R","T","E","R","M","E","$","R","B",null,"M","?","M","?","?","R","M","R","T","E"],"character_chosen":"DEFECT","items_purchased":["Storm","Heatsinks","Heatsinks"],"campfire_rested":0,"item_purchase_floors":[3,7,14],"current_hp_per_floor":[80,80,80,77,77,77,77,77,77,73,73,73,46,46,46,33,82,43,43,32,32,16,16,4,4,4,0],"gold":338,"neow_bonus":"TEN_PERCENT_HP_BONUS","is_prod":false,"is_daily":false,"chose_seed":false,"campfire_upgraded":6,"win_rate":0,"timestamp":1548990060,"path_taken":["M","?","$","M","?","R","$","R","T","E","R","M","E","?","R","BOSS","M","?","M","?","?","R","M","R","T","E"],"build_version":"2019-01-23","purchased_purges":0,"victory":false,"max_hp_per_floor":[82,82,82,82,82,82,82,82,82,82,82,82,82,82,82,82,82,82,82,82,82,82,82,82,82,82,82],"card_choices":[{"not_picked":["Auto Shields","Scrape"],"picked":"Storm","floor":1},{"not_picked":["Chaos","Sweeping Beam"],"picked":"Go for the Eyes","floor":4},{"not_picked":["Redo","Consume"],"picked":"Amplify","floor":10},{"not_picked":["Reinforced Body","Coolheaded"],"picked":"Hologram","floor":12},{"not_picked":["Beam Cell","Compile Driver"],"picked":"Force Field","floor":13},{"not_picked":["Meteor Strike","Biased Cognition"],"picked":"Echo Form","floor":16},{"not_picked":["Consume","Coolheaded"],"picked":"Redo+1","floor":18},{"not_picked":["Beam Cell+1","Rebound"],"picked":"Coolheaded+1","floor":20},{"not_picked":["Gash","Ball Lightning"],"picked":"Sunder","floor":24}],"player_experience":120913,"relics_obtained":[{"floor":9,"key":"Sundial"},{"floor":10,"key":"Emotion Chip"},{"floor":13,"key":"Gremlin Horn"},{"floor":22,"key":"Necronomicon"},{"floor":26,"key":"Kunai"}],"event_choices":[{"damage_healed":0,"gold_gain":0,"player_choice":"Grow","damage_taken":0,"max_hp_gain":0,"max_hp_loss":0,"event_name":"Living Wall","floor":2,"gold_loss":0,"cards_upgraded":["Storm"]},{"damage_healed":0,"gold_gain":0,"player_choice":"Box","damage_taken":0,"relics_obtained":["DataDisk"],"max_hp_gain":0,"max_hp_loss":0,"event_name":"Big Fish","floor":5,"gold_loss":0,"cards_obtained":["Regret"]},{"damage_healed":0,"gold_gain":99,"player_choice":"Stole From Cult","damage_taken":0,"max_hp_gain":0,"max_hp_loss":0,"event_name":"Nest","floor":19,"gold_loss":0},{"cards_removed":["Regret"],"damage_healed":0,"gold_gain":0,"player_choice":"Elegance","damage_taken":0,"max_hp_gain":0,"max_hp_loss":0,"event_name":"Back to Basics","floor":21,"gold_loss":0},{"damage_healed":0,"gold_gain":0,"player_choice":"Obtained Book","damage_taken":16,"max_hp_gain":0,"max_hp_loss":0,"event_name":"Cursed Tome","floor":22,"gold_loss":0}],"is_beta":false,"boss_relics":[{"not_picked":["Black Star","FrozenCore"],"picked":"Coffee Dripper"}],"items_purged_floors":[],"is_endless":false,"potions_floor_spawned":[1,4,12,18],"killed_by":"Book of Stabbing","ascension_level":4}