{"gold_per_floor":[116,116,116,132,147,147,47,60,60,60,90,90,104,120,120,195,195,213,230,250,250,75,75,106,121,144,155,155],"floor_reached":28,"playtime":964,"items_purged":["Strike_B","Strike_B"],"score":424,"play_id":"35fa3e3d-2ef5-4611-823b-75e7bc825dc8","local_time":"20180801162245","is_ascension_mode":true,"campfire_choices":[{"data":"Loop","floor":6,"key":"SMITH"},{"data":"Go for the Eyes","floor":12,"key":"SMITH"},{"data":"Rip and Tear","floor":15,"key":"SMITH"},{"data":"Defragment","floor":23,"key":"SMITH"}],"neow_cost":"NONE","seed_source_timestamp":628319306415823,"circlet_count":0,"master_deck":["Strike_B","Defend_B","Defend_B","Defend_B","Defend_B","Zap+1","Dualcast","AscendersBane","BootSequence","Ball Lightning","Loop+1","Conserve Battery","Coolheaded","Go for the Eyes+1","Doom and Gloom","Rip and Tear+1","Creative AI","Reinforced Body","Conserve Battery+1","Conserve Battery","Defragment+1","Lockon+1","White Noise"],"relics":["Cracked Core","Oddly Smooth Stone","Darkstone Periapt","Calipers","Sozu","Meat on the Bone","Art of War"],"potions_floor_usage":[11,16,16,24],"damage_taken":[{"damage":5,"enemies":"Small Slimes","floor":1,"turns":3},{"damage":0,"enemies":"2 Louse","floor":4,"turns":2},{"damage":0,"enemies":"Jaw Worm","floor":5,"turns":3},{"damage":3,"enemies":"Exordium Thugs","floor":8,"turns":3},{"damage":11,"enemies":"Gremlin Nob","floor":11,"turns":5},{"damage":0,"enemies":"Exordium Wildlife","floor":13,"turns":5},{"damage":0,"enemies":"2 Fungi Beasts","floor":14,"turns":2},{"damage":6,"enemies":"Slime Boss","floor":16,"turns":8},{"damage":4,"enemies":"Shell Parasite","floor":18,"turns":4},{"damage":27,"enemies":"2 Thieves","floor":19,"turns":5},{"damage":12,"enemies":"Snake Plant","floor":20,"turns":4},{"damage":15,"enemies":"Book of Stabbing","floor":24,"turns":5},{"damage":7,"enemies":"Snecko","floor":25,"turns":6},{"damage":1,"enemies":"Chosen and Byrds","floor":27,"turns":6},{"damage":22,"enemies":"3 Cultists","floor":28,"turns":4}],"seed_played":"7656848704992943753","potions_obtained":[{"floor":5,"key":"EssenceOfSteel"},{"floor":11,"key":"Fire Potion"},{"floor":13,"key":"SneckoOil"},{"floor":16,"key":"LiquidBronze"}],"is_trial":false,"path_per_floor":["M","?","?","M","M","R","$","M","T","?","E","R","M","M","R","B",null,"M","M","M","?","$","R","E","M","T","M"],"character_chosen":"DEFECT","items_purchased":["Conserve Battery","Defragment"],"campfire_rested":0,"item_purchase_floors":[7,22],"current_hp_per_floor":[59,41,41,41,41,41,41,38,38,38,27,27,27,27,27,21,59,55,28,16,30,30,30,15,20,20,31,9],"gold":155,"neow_bonus":"UPGRADE_CARD","is_prod":false,"is_daily":false,"chose_seed":false,"campfire_upgraded":4,"win_rate":0,"timestamp":1533162165,"path_taken":["M","?","?","M","?","R","$","M","T","?","E","R","?","M","R","BOSS","M","M","?","?","$","R","E","?","T","M","M"],"build_version":"2018-07-31","purchased_purges":2,"victory":false,"max_hp_per_floor":[71,71,71,71,71,71,71,71,71,71,71,71,71,71,71,71,71,71,71,71,71,71,71,71,71,71,71,71],"card_choices":[{"not_picked":["Steam","Hologram"],"picked":"BootSequence","floor":1},{"not_picked":["Tempest","Coolheaded"],"picked":"Ball Lightning","floor":4},{"not_picked":["Beam Cell","Amplify"],"picked":"Loop","floor":5},{"not_picked":["Static Discharge","Genetic Algorithm"],"picked":"Coolheaded","floor":8},{"not_picked":["Loop","Beam Cell"],"picked":"Go for the Eyes","floor":11},{"not_picked":["Leap","Streamline"],"picked":"Doom and Gloom","floor":13},{"not_picked":["Chill","Heatsinks"],"picked":"Rip and Tear","floor":14},{"not_picked":["Rainbow","Hyperbeam"],"picked":"Creative AI","floor":16},{"not_picked":["Leap","White Noise"],"picked":"Reinforced Body","floor":18},{"not_picked":["Leap","Stack"],"picked":"Conserve Battery+1","floor":19},{"not_picked":["Skim","Steam"],"picked":"Conserve Battery","floor":20},{"not_picked":["Reinforced Body","Hologram","Gash"],"picked":"SKIP","floor":24},{"not_picked":["Streamline","Reboot"],"picked":"Lockon+1","floor":25},{"not_picked":["Hello World","Reinforced Body"],"picked":"White Noise","floor":27}],"player_experience":900644,"relics_obtained":[{"floor":9,"key":"Darkstone Periapt"},{"floor":11,"key":"Calipers"},{"floor":24,"key":"Meat on the Bone"},{"floor":26,"key":"Art of War"}],"event_choices":[{"event_name":"Scrap Ooze","player_choice":"success","floor":2,"damage_taken":18},{"event_name":"Bonfire Elementals","player_choice":"BASIC","floor":3,"damage_taken":0},{"event_name":"Shining Light","player_choice":"Ignored","floor":10,"damage_taken":0},{"event_name":"The Library","player_choice":"Heal","floor":21,"damage_taken":0}],"is_beta":true,"boss_relics":[{"not_picked":["Empty Cage","Velvet Choker"],"picked":"Sozu"}],"items_purged_floors":[7,22],"is_endless":false,"potions_floor_spawned":[5,11,13,16,18,19,20],"killed_by":"3 Cultists","ascension_level":15}