{"gold_per_floor":[109,34,54,68,68,68,99,99,99,112,135,152,162,7,7,83,83,98,108,108,119,138,138,168,178,178,53,64,64,79,4,4,79,79,91,91,109,30,130,157,157,167,167,167],"floor_reached":44,"playtime":2760,"items_purged":["Strike_R","Strike_R","Strike_R"],"score":855,"play_id":"ba9af314-aa14-414d-bcff-78a3ebf2e723","local_time":"20181029020010","is_ascension_mode":true,"campfire_choices":[{"data":"Uppercut","floor":6,"key":"SMITH"},{"data":"Inflame","floor":8,"key":"SMITH"},{"data":"Carnage","floor":15,"key":"SMITH"},{"floor":23,"key":"REST"},{"data":"Armaments","floor":32,"key":"SMITH"},{"data":"Flame Barrier","floor":41,"key":"SMITH"}],"neow_cost":"NONE","seed_source_timestamp":135464228857564,"circlet_count":0,"master_deck":["Defend_R","Defend_R","Defend_R","Bash+1","AscendersBane","Inflame+1","Uppercut+1","Armaments+1","Battle Trance","Cleave","Shrug It Off","Carnage+1","Shrug It Off","Impervious","Ghostly Armor","Flame Barrier+1","Reaper","Metallicize+1","Inflame+1","Iron Wave+1","Juggernaut+1","Flame Barrier+1","Inflame+1","Heavy Blade+1","Feel No Pain+1"],"relics":["Burning Blood","Frozen Egg 2","Regal Pillow","Lantern","Snecko Eye","Ancient Tea Set","Boot","Cursed Key","Nunchaku","Happy Flower"],"potions_floor_usage":[7,10,16,16,22,33,35,44],"damage_taken":[{"damage":2,"enemies":"Cultist","floor":1,"turns":4},{"damage":9,"enemies":"Jaw Worm","floor":3,"turns":4},{"damage":5,"enemies":"Small Slimes","floor":4,"turns":3},{"damage":12,"enemies":"Lagavulin","floor":7,"turns":7},{"damage":28,"enemies":"Exordium Wildlife","floor":10,"turns":6},{"damage":0,"enemies":"Lots of Slimes","floor":12,"turns":2},{"damage":3,"enemies":"Looter","floor":13,"turns":3},{"damage":46,"enemies":"Slime Boss","floor":16,"turns":11},{"damage":17,"enemies":"2 Thieves","floor":18,"turns":4},{"damage":3,"enemies":"Shell Parasite","floor":19,"turns":3},{"damage":23,"enemies":"Sentry and Sphere","floor":21,"turns":7},{"damage":4,"enemies":"Chosen and Byrds","floor":22,"turns":9},{"damage":30,"enemies":"Gremlin Leader","floor":24,"turns":7},{"damage":1,"enemies":"Centurion and Healer","floor":25,"turns":7},{"damage":23,"enemies":"Sentry and Sphere","floor":28,"turns":8},{"damage":9,"enemies":"Snake Plant","floor":30,"turns":4},{"damage":37,"enemies":"Automaton","floor":33,"turns":13},{"damage":21,"enemies":"3 Darklings","floor":35,"turns":5},{"damage":4,"enemies":"Orb Walker","floor":37,"turns":3},{"damage":0,"enemies":"Mind Bloom Boss Battle","floor":39,"turns":6},{"damage":8,"enemies":"Nemesis","floor":40,"turns":7},{"damage":10,"enemies":"Jaw Worm Horde","floor":42,"turns":5},{"damage":85,"enemies":"Reptomancer","floor":44,"turns":5}],"seed_played":"-4849125360118866736","potions_obtained":[{"floor":1,"key":"Regen Potion"},{"floor":3,"key":"Poison Potion"},{"floor":12,"key":"Swift Potion"},{"floor":13,"key":"Explosive Potion"},{"floor":19,"key":"EssenceOfSteel"},{"floor":22,"key":"Strength Potion"},{"floor":33,"key":"AttackPotion"},{"floor":37,"key":"FearPotion"},{"floor":42,"key":"PowerPotion"}],"is_trial":false,"path_per_floor":["M","$","M","M","?","R","E","R","T","M","T","M","M","$","R","B",null,"M","M","?","M","M","R","E","M","T","$","M","?","M","?","R","B",null,"M","?","M","$","?","E","R","M","T"],"character_chosen":"IRONCLAD","items_purchased":["Shrug It Off","Inflame+1"],"campfire_rested":1,"item_purchase_floors":[14,38],"current_hp_per_floor":[72,72,69,70,70,70,64,64,64,56,56,62,65,65,65,25,63,52,55,55,38,46,75,51,72,72,72,58,73,70,70,70,44,67,66,66,68,68,75,73,73,69,69,0],"gold":167,"neow_bonus":"UPGRADE_CARD","is_prod":false,"is_daily":false,"chose_seed":false,"campfire_upgraded":5,"win_rate":0,"timestamp":1540800010,"path_taken":["M","$","M","?","?","R","E","R","T","M","?","M","?","$","R","BOSS","M","M","?","?","M","R","E","M","T","?","M","?","?","?","R","BOSS","M","?","M","$","?","E","R","?","T","E"],"build_version":"2018-10-25v2","purchased_purges":3,"victory":false,"max_hp_per_floor":[75,75,75,75,75,75,75,75,75,75,75,75,75,75,75,75,75,75,75,75,75,75,75,75,75,75,75,75,75,75,75,75,75,75,75,75,75,75,75,75,75,75,75,75],"card_choices":[{"not_picked":["Intimidate","Clash"],"picked":"Inflame","floor":1},{"not_picked":["Sword Boomerang","Body Slam"],"picked":"Uppercut","floor":3},{"not_picked":["Infernal Blade","Power Through"],"picked":"Armaments","floor":4},{"not_picked":["Carnage","Warcry"],"picked":"Battle Trance","floor":7},{"not_picked":["Twin Strike","Perfected Strike"],"picked":"Cleave","floor":10},{"not_picked":["Clash","Seeing Red"],"picked":"Shrug It Off","floor":12},{"not_picked":["Battle Trance","Flex"],"picked":"Carnage","floor":13},{"not_picked":["Dark Embrace+1","Berserk+1"],"picked":"Impervious","floor":16},{"not_picked":["Armaments+1","Warcry"],"picked":"Ghostly Armor","floor":18},{"not_picked":["Cleave","Headbutt+1"],"picked":"Flame Barrier+1","floor":19},{"not_picked":["Rupture+1","Iron Wave"],"picked":"Reaper","floor":21},{"not_picked":["Fire Breathing+1","Shrug It Off+1"],"picked":"Metallicize+1","floor":22},{"not_picked":["True Grit","Carnage"],"picked":"Inflame+1","floor":24},{"not_picked":["Fire Breathing+1","Havoc"],"picked":"Iron Wave+1","floor":25},{"not_picked":["Heavy Blade","Combust+1","Infernal Blade"],"picked":"SKIP","floor":28},{"not_picked":["Warcry","Dual Wield","Armaments+1"],"picked":"SKIP","floor":30},{"not_picked":["Brutality+1","Feed"],"picked":"Juggernaut+1","floor":33},{"not_picked":["Body Slam","Anger","Headbutt"],"picked":"SKIP","floor":35},{"not_picked":["Anger","Burning Pact"],"picked":"Flame Barrier","floor":37},{"not_picked":["Feed","Whirlwind"],"picked":"Heavy Blade+1","floor":40},{"not_picked":["Entrench","Infernal Blade"],"picked":"Feel No Pain+1","floor":42}],"player_experience":1070169,"relics_obtained":[{"floor":7,"key":"Frozen Egg 2"},{"floor":9,"key":"Regal Pillow"},{"floor":11,"key":"Lantern"},{"floor":24,"key":"Ancient Tea Set"},{"floor":26,"key":"Boot"},{"floor":39,"key":"Nunchaku"},{"floor":40,"key":"Happy Flower"}],"event_choices":[{"damage_healed":0,"gold_gain":0,"player_choice":"Fled","damage_taken":0,"max_hp_gain":0,"max_hp_loss":0,"event_name":"Scrap Ooze","floor":5,"gold_loss":0},{"cards_removed":["Strike_R"],"damage_healed":0,"gold_gain":0,"player_choice":"Purged","damage_taken":0,"max_hp_gain":0,"max_hp_loss":0,"event_name":"Purifier","floor":20,"gold_loss":0},{"damage_healed":15,"gold_gain":0,"player_choice":"Heal","damage_taken":0,"max_hp_gain":0,"max_hp_loss":0,"event_name":"The Library","floor":29,"gold_loss":0},{"cards_removed":["Strike_R"],"damage_healed":0,"gold_gain":0,"player_choice":"Gave Gold","damage_taken":0,"max_hp_gain":0,"max_hp_loss":0,"event_name":"Beggar","floor":31,"gold_loss":75},{"cards_removed":["Defend_R"],"damage_healed":0,"gold_gain":0,"player_choice":"Removed Skill","damage_taken":0,"max_hp_gain":0,"max_hp_loss":0,"event_name":"Falling","floor":36,"gold_loss":0},{"damage_healed":0,"gold_gain":0,"player_choice":"Fight","damage_taken":0,"max_hp_gain":0,"max_hp_loss":0,"event_name":"MindBloom","floor":39,"gold_loss":0}],"is_beta":true,"boss_relics":[{"not_picked":["Eternal Feather","Empty Cage"],"picked":"Snecko Eye"},{"not_picked":["Runic Pyramid","Philosopher\u0027s Stone"],"picked":"Cursed Key"}],"items_purged_floors":[2,14,27],"is_endless":false,"potions_floor_spawned":[1,3,12,13,19,22,33,37,42],"killed_by":"Reptomancer","ascension_level":17}