{"gold_per_floor":[115,126,126,426,146,189,189,264,264,294,294],"floor_reached":11,"playtime":422,"items_purged":["Strike_B"],"score":69,"play_id":"92f24a33-5657-4f9f-83ce-8703230f214b","local_time":"20190216203030","is_ascension_mode":false,"campfire_choices":[{"floor":7,"key":"REST"}],"neow_cost":"NONE","seed_source_timestamp":22367941114800,"circlet_count":0,"master_deck":["Strike_B","Strike_B","Strike_B","Defend_B","Defend_B","Defend_B","Defend_B","Zap+1","Dualcast","Hologram","Self Repair","Go for the Eyes","Sunder"],"relics":["Cracked Core","Golden Idol","Old Coin","Juzu Bracelet","Bag of Marbles","Pantograph"],"potions_floor_usage":[],"damage_taken":[{"damage":2,"enemies":"Jaw Worm","floor":1,"turns":4},{"damage":0,"enemies":"2 Louse","floor":2,"turns":3},{"damage":18,"enemies":"Lagavulin","floor":6,"turns":9},{"damage":44,"enemies":"Gremlin Nob","floor":11,"turns":4}],"seed_played":"-6902765440891577952","potions_obtained":[],"is_trial":false,"path_per_floor":["M","M","?","?","$","E","R","?","T","?","E"],"character_chosen":"DEFECT","items_purchased":["Juzu Bracelet","Go for the Eyes"],"campfire_rested":1,"item_purchase_floors":[5,5],"current_hp_per_floor":[73,73,55,43,43,32,54,43,43,43,0],"gold":294,"neow_bonus":"UPGRADE_CARD","is_prod":false,"is_daily":false,"chose_seed":false,"campfire_upgraded":0,"win_rate":0.0,"timestamp":1550377830,"path_taken":["M","M","?","?","?","E","R","?","T","?","E"],"build_version":"2019-01-23","purchased_purges":1,"victory":false,"max_hp_per_floor":[75,75,75,75,75,75,75,75,75,75,75],"card_choices":[{"not_picked":["Rebound","Compile Driver"],"picked":"Hologram","floor":1},{"not_picked":["Coolheaded","Compile Driver"],"picked":"Self Repair","floor":2},{"not_picked":["Doom and Gloom","Go for the Eyes"],"picked":"Sunder","floor":6}],"player_experience":144834,"relics_obtained":[{"floor":6,"key":"Bag of Marbles"},{"floor":9,"key":"Pantograph"}],"event_choices":[{"damage_healed":0,"gold_gain":0,"player_choice":"Take Damage","damage_taken":18,"relics_obtained":["Golden Idol"],"max_hp_gain":0,"max_hp_loss":0,"event_name":"Golden Idol","floor":3,"gold_loss":0},{"damage_healed":0,"gold_gain":0,"player_choice":"Success","damage_taken":12,"relics_obtained":["Old Coin"],"max_hp_gain":0,"max_hp_loss":0,"event_name":"Scrap Ooze","floor":4,"gold_loss":0},{"damage_healed":0,"gold_gain":75,"player_choice":"Gather Gold","damage_taken":11,"max_hp_gain":0,"max_hp_loss":0,"event_name":"World of Goop","floor":8,"gold_loss":0},{"damage_healed":0,"gold_gain":30,"player_choice":"Searched \u00271\u0027 times","damage_taken":0,"max_hp_gain":0,"max_hp_loss":0,"event_name":"Dead Adventurer","floor":10,"gold_loss":0}],"is_beta":false,"boss_relics":[],"items_purged_floors":[5],"is_endless":false,"potions_floor_spawned":[],"killed_by":"Gremlin Nob","ascension_level":0}