{"gold_per_floor":[109,123,26,46,46,107,107,107,187,187,223,223,284,297,297,425,425,438,452,326,340,361,361],"floor_reached":23,"playtime":35836,"items_purged":["Strike_R"],"score":221,"play_id":"b9d54844-9719-40cb-b11c-2023b20757a2","local_time":"20190218094552","is_ascension_mode":true,"campfire_choices":[{"floor":10,"key":"REST"},{"floor":12,"key":"REST"},{"data":"Intimidate","floor":15,"key":"SMITH"}],"neow_cost":"PERCENT_DAMAGE","seed_source_timestamp":2564110862915735,"circlet_count":0,"master_deck":["Strike_R","Strike_R","Strike_R","Defend_R","Defend_R","Defend_R","Defend_R","Bash","Thunderclap","Flex","Bandage Up","Intimidate+1","Headbutt","Spot Weakness","Battle Trance","Exhume","Flex","Metallicize","Anger","Shrug It Off+1","Armaments+1"],"relics":["Burning Blood","Tiny Chest","Golden Idol","Meat on the Bone","Art of War","Black Star"],"potions_floor_usage":[11,11,16,21],"damage_taken":[{"damage":1,"enemies":"Cultist","floor":1,"turns":3},{"damage":6,"enemies":"2 Louse","floor":2,"turns":2},{"damage":5,"enemies":"Small Slimes","floor":4,"turns":3},{"damage":60,"enemies":"3 Sentries","floor":6,"turns":12},{"damage":35,"enemies":"Lagavulin","floor":11,"turns":7},{"damage":34,"enemies":"Gremlin Nob","floor":13,"turns":5},{"damage":11,"enemies":"2 Fungi Beasts","floor":14,"turns":4},{"damage":58,"enemies":"Slime Boss","floor":16,"turns":10},{"damage":49,"enemies":"Spheric Guardian","floor":18,"turns":6},{"damage":30,"enemies":"Chosen","floor":19,"turns":5},{"damage":33,"enemies":"Centurion and Healer","floor":21,"turns":7},{"damage":42,"enemies":"3 Cultists","floor":22,"turns":6},{"damage":31,"enemies":"Gremlin Leader","floor":23,"turns":2}],"seed_played":"-6401405656763758116","potions_obtained":[{"floor":2,"key":"SteroidPotion"},{"floor":4,"key":"BloodPotion"},{"floor":11,"key":"SteroidPotion"},{"floor":16,"key":"Strength Potion"},{"floor":22,"key":"FearPotion"}],"is_trial":false,"path_per_floor":["M","M","$","M","?","E","?","?","T","R","E","R","?","M","R","B",null,"M","M","$","M","M","E"],"character_chosen":"IRONCLAD","items_purchased":["Bandage Up","Anger"],"campfire_rested":2,"item_purchase_floors":[3,20],"current_hp_per_floor":[77,77,77,82,82,32,25,25,25,51,34,60,48,59,59,23,89,58,54,54,47,27,0],"gold":361,"neow_bonus":"TWENTY_PERCENT_HP_BONUS","is_prod":false,"is_daily":false,"chose_seed":false,"campfire_upgraded":1,"win_rate":0,"timestamp":1550483152,"path_taken":["M","M","$","?","?","E","?","?","T","R","E","R","?","M","R","BOSS","M","M","$","M","M","E"],"build_version":"2019-01-23","purchased_purges":1,"victory":false,"max_hp_per_floor":[96,96,96,96,96,96,96,89,89,89,89,89,89,89,89,89,89,89,89,89,89,89,89],"card_choices":[{"not_picked":["Rupture","Clothesline"],"picked":"Thunderclap","floor":1},{"not_picked":["Warcry","Corruption"],"picked":"Flex","floor":2},{"not_picked":["Shockwave","Warcry"],"picked":"Intimidate","floor":4},{"not_picked":["Demon Form","Clash"],"picked":"Headbutt","floor":6},{"not_picked":["Combust","Power Through","Warcry"],"picked":"SKIP","floor":11},{"not_picked":["Pommel Strike","Dropkick"],"picked":"Spot Weakness","floor":13},{"not_picked":["Iron Wave","Power Through"],"picked":"Battle Trance","floor":14},{"not_picked":["Double Tap","Barricade"],"picked":"Exhume","floor":16},{"not_picked":["Sentinel+1","Clothesline"],"picked":"Flex","floor":18},{"not_picked":["Wild Strike","Pommel Strike+1"],"picked":"Metallicize","floor":19},{"not_picked":["Pommel Strike+1","Intimidate"],"picked":"Shrug It Off+1","floor":21},{"not_picked":["Infernal Blade+1","Pommel Strike"],"picked":"Armaments+1","floor":22}],"player_experience":884294,"relics_obtained":[{"floor":6,"key":"Tiny Chest"},{"floor":11,"key":"Meat on the Bone"},{"floor":13,"key":"Art of War"}],"event_choices":[{"damage_healed":0,"gold_gain":0,"player_choice":"Leave","damage_taken":0,"max_hp_gain":0,"max_hp_loss":0,"event_name":"The Cleric","floor":5,"gold_loss":0},{"cards_removed":["Strike_R"],"damage_healed":0,"gold_gain":0,"player_choice":"Card Removal","damage_taken":7,"max_hp_gain":0,"max_hp_loss":0,"event_name":"Golden Wing","floor":7,"gold_loss":0},{"damage_healed":0,"gold_gain":0,"player_choice":"Lose Max HP","damage_taken":0,"relics_obtained":["Golden Idol"],"max_hp_gain":0,"max_hp_loss":7,"event_name":"Golden Idol","floor":8,"gold_loss":0},{"damage_healed":0,"gold_gain":30,"player_choice":"Searched \u00272\u0027 times","damage_taken":0,"max_hp_gain":0,"max_hp_loss":0,"event_name":"Dead Adventurer","floor":13,"gold_loss":0}],"is_beta":false,"boss_relics":[{"not_picked":["Mark of Pain","Cursed Key"],"picked":"Black Star"}],"items_purged_floors":[20],"is_endless":false,"potions_floor_spawned":[2,4,11,16,22],"killed_by":"Gremlin Leader","ascension_level":2}