{"gold_per_floor":[112,127,146,18,18,18,50,66,66,66,98,98,98,118,118,195,195,177,192,192,192,192,192],"floor_reached":23,"playtime":1165,"items_purged":["Strike_G"],"score":348,"play_id":"2ae811ec-e179-42cc-838a-66f57d9533b1","local_time":"20180720150316","is_ascension_mode":true,"campfire_choices":[{"data":"Doppelganger","floor":6,"key":"SMITH"},{"data":"Neutralize","floor":10,"key":"SMITH"},{"floor":15,"key":"REST"}],"neow_cost":"NONE","seed_source_timestamp":833302153049404,"circlet_count":0,"master_deck":["Defend_G","Defend_G+1","Defend_G","Defend_G","Defend_G","Strike_G+1","Survivor","Neutralize+1","AscendersBane","Doppelganger+1","Distraction","Blur","Sucker Punch","Cloak And Dagger","Quick Slash","Tools of the Trade","Dash","Parasite","Endless Agony","Die Die Die","Blur+1","Grand Finale+1","Poisoned Stab+1","Heel Hook","Cloak And Dagger+1"],"relics":["Ring of the Snake","Du-Vu Doll","Pantograph","Question Card","Mummified Hand","Astrolabe","Nilry\u0027s Codex"],"potions_floor_usage":[7,11,14,14],"damage_taken":[{"damage":1,"enemies":"Cultist","floor":1,"turns":4},{"damage":8,"enemies":"Jaw Worm","floor":2,"turns":6},{"damage":3,"enemies":"Small Slimes","floor":3,"turns":5},{"damage":5,"enemies":"3 Sentries","floor":7,"turns":13},{"damage":0,"enemies":"2 Fungi Beasts","floor":8,"turns":4},{"damage":24,"enemies":"Lagavulin","floor":11,"turns":8},{"damage":6,"enemies":"Large Slime","floor":14,"turns":8},{"damage":45,"enemies":"Slime Boss","floor":16,"turns":15},{"damage":7,"enemies":"2 Thieves","floor":18,"turns":4},{"damage":1,"enemies":"3 Byrds","floor":19,"turns":6},{"damage":23,"enemies":"Book of Stabbing","floor":23,"turns":7}],"seed_played":"4245127298421871925","potions_obtained":[{"floor":1,"key":"Explosive Potion"},{"floor":7,"key":"FearPotion"}],"is_trial":false,"path_per_floor":["M","M","M","$","?","R","E","M","T","R","E","?","?","M","R","B",null,"M","M","?","?","?"],"character_chosen":"THE_SILENT","items_purchased":["Cloak And Dagger"],"campfire_rested":1,"item_purchase_floors":[4],"current_hp_per_floor":[58,50,47,47,42,42,37,37,37,37,13,29,9,3,22,2,50,43,42,42,21,34,11],"gold":192,"neow_bonus":"ONE_RANDOM_RARE_CARD","is_prod":false,"is_daily":false,"chose_seed":false,"campfire_upgraded":2,"win_rate":0,"timestamp":1532120596,"path_taken":["M","M","M","$","?","R","E","M","T","R","E","?","?","?","R","BOSS","M","M","?","?","?","E"],"build_version":"2018-07-19","purchased_purges":1,"victory":false,"max_hp_per_floor":[66,66,66,66,66,66,66,66,66,66,66,66,66,66,66,66,66,66,66,66,66,66,66],"card_choices":[{"not_picked":["Eviscerate","Catalyst"],"picked":"Distraction","floor":1},{"not_picked":["Setup","Underhanded Strike"],"picked":"Blur","floor":2},{"not_picked":["Dagger Spray","Flying Knee"],"picked":"Sucker Punch","floor":3},{"not_picked":["Calculated Gamble","Distraction"],"picked":"Quick Slash","floor":7},{"not_picked":["Masterful Stab","Dagger Spray"],"picked":"Tools of the Trade","floor":8},{"not_picked":["Deadly Poison","Tools of the Trade","Sucker Punch"],"picked":"Dash","floor":11},{"not_picked":["Flechettes","Backflip","Backstab"],"picked":"Endless Agony","floor":14},{"not_picked":["A Thousand Cuts","Phantasmal Killer","Bullet Time"],"picked":"Die Die Die","floor":16},{"not_picked":["Bouncing Flask","Bane","Distraction"],"picked":"Heel Hook","floor":18},{"not_picked":["Dodge and Roll","Slice","Concentrate"],"picked":"Cloak And Dagger+1","floor":19}],"player_experience":810651,"relics_obtained":[{"floor":7,"key":"Pantograph"},{"floor":9,"key":"Question Card"},{"floor":11,"key":"Mummified Hand"},{"floor":21,"key":"Nilry\u0027s Codex"}],"event_choices":[{"event_name":"Scrap Ooze","player_choice":"success","floor":5,"damage_taken":5},{"event_name":"Mushrooms","player_choice":"Healed and dodged fight","floor":12,"damage_taken":0},{"event_name":"Shining Light","player_choice":"Entered Light","floor":13,"damage_taken":0},{"event_name":"Vampires","player_choice":"Ignored","floor":20,"damage_taken":0},{"event_name":"Cursed Tome","player_choice":"Obtained Book","floor":21,"damage_taken":0},{"event_name":"The Library","player_choice":"Heal","floor":22,"damage_taken":0}],"is_beta":true,"boss_relics":[{"not_picked":["Ring of the Serpent","HoveringKite"],"picked":"Astrolabe"}],"items_purged_floors":[4],"is_endless":false,"potions_floor_spawned":[1,7],"killed_by":"Book of Stabbing","ascension_level":15}