{"gold_per_floor":[111,111,111,127,49,49,84,84,108,108,121,47,122,152,152,226,226,236,247,247,267,75,75,85,85,85,158,173,173,198,214,214,214],"floor_reached":33,"playtime":1033,"items_purged":["Strike_R"],"score":478,"play_id":"735976ef-c55e-4490-a9ec-2f9c322107aa","local_time":"20180919163817","is_ascension_mode":true,"campfire_choices":[{"data":"Perfected Strike","floor":6,"key":"SMITH"},{"data":"Bash","floor":8,"key":"SMITH"},{"data":"Perfected Strike","floor":15,"key":"SMITH"},{"data":"Perfected Strike","floor":23,"key":"SMITH"},{"data":"True Grit","floor":29,"key":"SMITH"},{"data":"Armaments","floor":32,"key":"SMITH"}],"neow_cost":"NONE","seed_source_timestamp":595002718812181,"circlet_count":0,"master_deck":["Strike_R","Strike_R","Strike_R","Strike_R","Defend_R","Defend_R","Defend_R","Defend_R","Bash+1","AscendersBane","Thunderclap","Perfected Strike+1","Pommel Strike","Wild Strike","Pummel","Perfected Strike+1","Spot Weakness","Burning Pact","Battle Trance","Feed","Pommel Strike","Shrug It Off","Armaments+1","Perfected Strike+1","Shrug It Off","True Grit+1","Twin Strike","Offering","Metallicize+1"],"relics":["Burning Blood","CultistMask","Mercury Hourglass","Happy Flower","Centennial Puzzle","Black Star","Boot","Ornamental Fan","Juzu Bracelet","Regal Pillow"],"potions_floor_usage":[4,7,16,21,24,30,33],"damage_taken":[{"damage":8,"enemies":"2 Louse","floor":1,"turns":3},{"damage":15,"enemies":"Small Slimes","floor":4,"turns":4},{"damage":25,"enemies":"Lagavulin","floor":7,"turns":5},{"damage":0,"enemies":"Cultist","floor":11,"turns":2},{"damage":18,"enemies":"Gremlin Nob","floor":14,"turns":3},{"damage":31,"enemies":"Hexaghost","floor":16,"turns":5},{"damage":16,"enemies":"Shell Parasite","floor":18,"turns":3},{"damage":1,"enemies":"Spheric Guardian","floor":19,"turns":3},{"damage":13,"enemies":"Snake Plant","floor":21,"turns":3},{"damage":6,"enemies":"3 Cultists","floor":24,"turns":3},{"damage":6,"enemies":"Sentry and Sphere","floor":28,"turns":3},{"damage":18,"enemies":"Slavers","floor":30,"turns":5},{"damage":15,"enemies":"Centurion and Healer","floor":31,"turns":3},{"damage":72,"enemies":"Automaton","floor":33,"turns":8}],"seed_played":"1387984227797466083","potions_obtained":[{"floor":1,"key":"Weak Potion"},{"floor":4,"key":"Poison Potion"},{"floor":11,"key":"BloodPotion"},{"floor":18,"key":"Dexterity Potion"},{"floor":21,"key":"Block Potion"},{"floor":28,"key":"FairyPotion"},{"floor":31,"key":"SkillPotion"}],"is_trial":false,"path_per_floor":["M","?","?","M","$","R","E","R","T","?","M","$","?","E","R","B",null,"M","M","?","M","$","R","M","?","T","T","M","R","E","M","R"],"character_chosen":"IRONCLAD","items_purchased":["Pommel Strike","Wild Strike","Burning Pact","Perfected Strike","Shrug It Off","Fire Potion"],"campfire_rested":0,"item_purchase_floors":[5,5,12,22,22,22],"current_hp_per_floor":[73,73,73,64,64,64,45,45,45,45,51,51,40,28,28,11,64,54,59,75,68,68,68,68,68,68,68,71,71,62,56,56,9],"gold":214,"neow_bonus":"TEN_PERCENT_HP_BONUS","is_prod":false,"is_daily":false,"chose_seed":false,"campfire_upgraded":6,"win_rate":0,"timestamp":1537396697,"path_taken":["M","?","?","M","$","R","E","R","T","?","M","$","?","E","R","BOSS","M","M","?","M","$","R","?","?","T","?","M","R","E","M","R","BOSS"],"build_version":"2018-09-18v3","purchased_purges":1,"victory":false,"max_hp_per_floor":[82,82,82,82,82,82,82,82,82,82,82,82,82,82,82,82,82,82,82,82,82,82,82,82,82,82,82,85,85,88,91,91,91],"card_choices":[{"not_picked":["Hemokinesis","Wild Strike"],"picked":"Thunderclap","floor":1},{"not_picked":["Flex","Power Through"],"picked":"Perfected Strike","floor":4},{"not_picked":["Sword Boomerang","Corruption"],"picked":"Pummel","floor":7},{"not_picked":["Cleave","Armaments"],"picked":"Spot Weakness","floor":11},{"not_picked":["Warcry","Heavy Blade"],"picked":"Battle Trance","floor":14},{"not_picked":["Barricade","Berserk"],"picked":"Feed","floor":16},{"not_picked":["Carnage","Searing Blow"],"picked":"Pommel Strike","floor":18},{"not_picked":["Anger","Blood for Blood"],"picked":"Shrug It Off","floor":19},{"not_picked":["Clothesline","Combust"],"picked":"Armaments","floor":21},{"not_picked":["Cleave","Anger"],"picked":"True Grit","floor":24},{"not_picked":["Sword Boomerang","Iron Wave"],"picked":"Twin Strike","floor":28},{"not_picked":["Infernal Blade","Seeing Red"],"picked":"Offering","floor":30},{"not_picked":["Clash","True Grit"],"picked":"Metallicize+1","floor":31}],"player_experience":1037208,"relics_obtained":[{"floor":7,"key":"Mercury Hourglass"},{"floor":9,"key":"Happy Flower"},{"floor":14,"key":"Centennial Puzzle"},{"floor":26,"key":"Boot"},{"floor":27,"key":"Ornamental Fan"},{"floor":30,"key":"Juzu Bracelet"},{"floor":30,"key":"Regal Pillow"}],"event_choices":[{"event_name":"Liars Game","player_choice":"disagreed","floor":2,"damage_taken":0},{"event_name":"FaceTrader","player_choice":"Trade","floor":3,"damage_taken":0},{"event_name":"Match and Keep!","player_choice":"1 cards matched","floor":10,"damage_taken":0},{"event_name":"World of Goop","player_choice":"Gather Gold","floor":13,"damage_taken":0},{"event_name":"The Library","player_choice":"Heal","floor":20,"damage_taken":0},{"event_name":"Vampires","player_choice":"Ignored","floor":25,"damage_taken":0}],"is_beta":true,"boss_relics":[{"not_picked":["Pandora\u0027s Box","Eternal Feather"],"picked":"Black Star"}],"items_purged_floors":[22],"is_endless":false,"potions_floor_spawned":[1,4,11,18,21,28,31],"killed_by":"Automaton","ascension_level":15}