{"gold_per_floor":[116,266,341,69,69,109,109,152,230,230,230,255,269,293,293,388,388,408,21,21,21,21,21,21],"floor_reached":24,"playtime":1086,"items_purged":["Doubt","Strike_R"],"score":500,"play_id":"83ccc49b-482c-49af-aa4d-996a522fa00c","local_time":"20181202193915","is_ascension_mode":true,"campfire_choices":[{"data":"Body Slam","floor":7,"key":"SMITH"},{"data":"Demon Form","floor":10,"key":"SMITH"},{"data":"Armaments","floor":15,"key":"SMITH"},{"data":"Shockwave","floor":23,"key":"SMITH"}],"neow_cost":"NONE","seed_source_timestamp":0,"circlet_count":0,"master_deck":["AscendersBane","Defend_R","Defend_R","Defend_R","Defend_R","Bash","Rampage","Spot Weakness+1","Body Slam+1","Demon Form+1","Shockwave+1","Armaments+1","Clothesline","Sword Boomerang","Reaper","Twin Strike","Cleave+1","Bite+1","Bite+1","Bite+1","Bite+1","Bite+1"],"special_seed":0,"relics":["Burning Blood","NeowsBlessing","Golden Idol","PreservedInsect","Pen Nib","White Beast Statue","Molten Egg 2"],"potions_floor_usage":[12,16,16,24],"damage_taken":[{"damage":0.0,"enemies":"Jaw Worm","floor":1.0,"turns":1.0},{"damage":0,"enemies":"3 Sentries","floor":6,"turns":2},{"damage":0,"enemies":"Lagavulin","floor":8,"turns":1},{"damage":0,"enemies":"Small Slimes","floor":12,"turns":2},{"damage":10,"enemies":"2 Louse","floor":13,"turns":3},{"damage":12,"enemies":"2 Fungi Beasts","floor":14,"turns":4},{"damage":15,"enemies":"The Guardian","floor":16,"turns":11},{"damage":12,"enemies":"3 Byrds","floor":18,"turns":7},{"damage":56,"enemies":"Book of Stabbing","floor":24,"turns":4}],"seed_played":"-3549475196937023190","potions_obtained":[{"floor":1.0,"key":"FearPotion"},{"floor":13,"key":"Fire Potion"},{"floor":18,"key":"GamblersBrew"}],"is_trial":false,"path_per_floor":["M","?","?","$","?","E","R","E","T","R","?","M","M","M","R","B",null,"M","$","?","$","?","R","E"],"character_chosen":"IRONCLAD","items_purchased":["Spot Weakness","Body Slam","AttackPotion","Molten Egg 2","Cleave+1"],"campfire_rested":0,"item_purchase_floors":[4,4,4,19,19],"current_hp_per_floor":[74,74,63,63,63,68,68,68,68,68,68,68,64,58,58,49,63,65,65,47,47,47,47,0],"gold":21,"neow_bonus":"THREE_ENEMY_KILL","is_prod":false,"is_daily":false,"chose_seed":false,"campfire_upgraded":4,"win_rate":0,"timestamp":1543804755,"path_taken":["M","?","?","$","?","E","R","E","T","R","?","M","M","M","R","BOSS","M","$","?","$","?","R","E"],"build_version":"2018-11-15","purchased_purges":2,"victory":false,"max_hp_per_floor":[75,75,75,75,68,68,68,68,68,68,68,68,68,68,68,68,68,68,68,47,47,47,47,47],"card_choices":[{"not_picked":["Wild Strike","Blood for Blood"],"picked":"Rampage","floor":1.0},{"not_picked":["Thunderclap","Anger"],"picked":"Demon Form","floor":6},{"not_picked":["Thunderclap","Warcry"],"picked":"Shockwave","floor":8},{"not_picked":["Seeing Red","Infernal Blade"],"picked":"Armaments","floor":12},{"not_picked":["Twin Strike","Headbutt"],"picked":"Clothesline","floor":13},{"not_picked":["Feel No Pain","Double Tap"],"picked":"Sword Boomerang","floor":14},{"not_picked":["Fiend Fire","Juggernaut"],"picked":"Reaper","floor":16},{"not_picked":["Sever Soul","Headbutt"],"picked":"Twin Strike","floor":18}],"player_experience":1155200,"relics_obtained":[{"floor":6,"key":"PreservedInsect"},{"floor":8,"key":"Pen Nib"}],"event_choices":[{"damage_healed":0.0,"max_hp_gain":0.0,"max_hp_loss":0.0,"gold_gain":150.0,"event_name":"Liars Game","player_choice":"AGREE","floor":2.0,"gold_loss":0.0,"damage_taken":0.0,"cards_obtained":["Doubt"]},{"damage_healed":0.0,"max_hp_gain":0.0,"max_hp_loss":0.0,"gold_gain":75.0,"event_name":"World of Goop","player_choice":"Gather Gold","floor":3.0,"gold_loss":0.0,"damage_taken":11.0},{"damage_healed":0,"gold_gain":0,"player_choice":"Lose Max HP","damage_taken":0,"relics_obtained":["Golden Idol"],"max_hp_gain":0,"max_hp_loss":7,"event_name":"Golden Idol","floor":5,"gold_loss":0},{"damage_healed":0,"gold_gain":0,"player_choice":"Grow","damage_taken":0,"max_hp_gain":0,"max_hp_loss":0,"event_name":"Living Wall","floor":11,"gold_loss":0,"cards_upgraded":["Spot Weakness"]},{"damage_healed":0,"gold_gain":0,"player_choice":"Became a vampire","damage_taken":0,"max_hp_gain":0,"max_hp_loss":21,"event_name":"Vampires","floor":20,"gold_loss":0,"cards_obtained":["Bite","Bite","Bite","Bite","Bite"]},{"damage_healed":0,"gold_gain":0,"player_choice":"Ignored","damage_taken":0,"max_hp_gain":0,"max_hp_loss":0,"event_name":"Ghosts","floor":22,"gold_loss":0}],"is_beta":true,"boss_relics":[{"not_picked":["Lizard Tail","Pandora\u0027s Box"],"picked":"White Beast Statue"}],"items_purged_floors":[4,19],"is_endless":false,"potions_floor_spawned":[1,8,13,18],"killed_by":"Book of Stabbing","ascension_level":18}