{"gold_per_floor":[114,124,140,158,158,158,187,201,228,228,239,239,274,120,120,222,222,235,335,345,364,383,383,414,434,434,434,434],"floor_reached":28,"playtime":1372,"items_purged":["Strike_R"],"score":290,"play_id":"499d76c7-ef43-4aab-8799-307bf4ef4098","local_time":"20181206095925","is_ascension_mode":true,"campfire_choices":[{"data":"Bash","floor":6,"key":"SMITH"},{"data":"True Grit","floor":10,"key":"SMITH"},{"floor":12,"key":"REST"},{"floor":15,"key":"REST"},{"floor":23,"key":"REST"},{"floor":27,"key":"REST"}],"neow_cost":"NONE","seed_source_timestamp":35715915564964,"circlet_count":0,"master_deck":["Strike_R","Strike_R","Strike_R","Strike_R","Defend_R","Defend_R","Defend_R","Defend_R","Bash+1","Flame Barrier","Cleave","Havoc","Inflame","True Grit+1","Clash","Evolve","Rage","Anger","Metallicize","Offering","Pummel"],"relics":["Eternal Feather","Bag of Marbles","Vajra","Potion Belt","Busted Crown","PreservedInsect"],"potions_floor_usage":[7,13,21,21,25,28],"damage_taken":[{"damage":1,"enemies":"Cultist","floor":1,"turns":3},{"damage":28,"enemies":"Jaw Worm","floor":2,"turns":5},{"damage":6,"enemies":"2 Louse","floor":3,"turns":3},{"damage":14,"enemies":"Lots of Slimes","floor":4,"turns":3},{"damage":40,"enemies":"3 Sentries","floor":7,"turns":7},{"damage":3,"enemies":"2 Fungi Beasts","floor":8,"turns":4},{"damage":20,"enemies":"Exordium Thugs","floor":11,"turns":4},{"damage":26,"enemies":"Lagavulin","floor":13,"turns":6},{"damage":21,"enemies":"Slime Boss","floor":16,"turns":11},{"damage":15,"enemies":"Shell Parasite","floor":18,"turns":4},{"damage":8,"enemies":"2 Thieves","floor":20,"turns":3},{"damage":22,"enemies":"Snake Plant","floor":21,"turns":5},{"damage":21,"enemies":"Snecko","floor":22,"turns":4},{"damage":30,"enemies":"Gremlin Leader","floor":24,"turns":7},{"damage":18,"enemies":"Shelled Parasite and Fungi","floor":25,"turns":6},{"damage":44,"enemies":"Chosen and Byrds","floor":28,"turns":5}],"seed_played":"-2660221192741256606","potions_obtained":[{"floor":2,"key":"Weak Potion"},{"floor":3,"key":"SkillPotion"},{"floor":4,"key":"Regen Potion"},{"floor":11,"key":"EssenceOfSteel"},{"floor":18,"key":"GamblersBrew"},{"floor":20,"key":"FearPotion"},{"floor":25,"key":"GamblersBrew"}],"is_trial":false,"path_per_floor":["M","M","M","M","?","R","E","M","T","R","M","R","E","$","R","B",null,"M","?","M","M","M","R","E","M","T","R","M"],"character_chosen":"IRONCLAD","items_purchased":["Anger","Metallicize"],"campfire_rested":4,"item_purchase_floors":[14,14],"current_hp_per_floor":[79,51,45,31,57,63,23,20,20,29,9,42,28,28,61,40,80,65,65,57,35,14,50,20,2,2,38,0],"gold":434,"neow_bonus":"BOSS_RELIC","is_prod":false,"is_daily":false,"chose_seed":false,"campfire_upgraded":2,"win_rate":0,"timestamp":1544097565,"path_taken":["M","?","M","M","?","R","E","M","T","R","M","R","E","?","R","BOSS","M","?","M","M","?","R","E","M","T","R","M"],"build_version":"2018-11-15","purchased_purges":1,"victory":false,"max_hp_per_floor":[80,80,80,80,80,80,80,80,80,80,80,80,80,80,80,80,80,80,80,80,80,80,80,80,80,80,80,80],"card_choices":[{"not_picked":["Headbutt","Inflame"],"picked":"Flame Barrier","floor":1},{"not_picked":["True Grit","Armaments"],"picked":"Cleave","floor":2},{"not_picked":["Power Through","Heavy Blade"],"picked":"Havoc","floor":3},{"not_picked":["Searing Blow","Sever Soul"],"picked":"Inflame","floor":4},{"not_picked":["Cleave","Perfected Strike"],"picked":"True Grit","floor":7},{"not_picked":["Burning Pact","Armaments"],"picked":"Clash","floor":8},{"not_picked":["True Grit","Sword Boomerang"],"picked":"Evolve","floor":11},{"not_picked":["Battle Trance","Warcry"],"picked":"Rage","floor":13},{"not_picked":["Reaper","Impervious"],"picked":"Offering","floor":16},{"not_picked":["Rage"],"picked":"SKIP","floor":18},{"not_picked":["Iron Wave"],"picked":"SKIP","floor":20},{"not_picked":["Twin Strike"],"picked":"SKIP","floor":21},{"not_picked":["Armaments"],"picked":"SKIP","floor":22},{"not_picked":[],"picked":"Pummel","floor":24},{"not_picked":["Power Through"],"picked":"SKIP","floor":25}],"player_experience":187141,"relics_obtained":[{"floor":7,"key":"Bag of Marbles"},{"floor":9,"key":"Vajra"},{"floor":13,"key":"Potion Belt"},{"floor":24,"key":"PreservedInsect"}],"event_choices":[{"damage_healed":26,"gold_gain":0,"player_choice":"Banana","damage_taken":0,"max_hp_gain":0,"max_hp_loss":0,"event_name":"Big Fish","floor":5,"gold_loss":0},{"damage_healed":0,"gold_gain":100,"player_choice":"Pray","damage_taken":0,"max_hp_gain":0,"max_hp_loss":0,"event_name":"Golden Shrine","floor":19,"gold_loss":0}],"is_beta":false,"boss_relics":[{"not_picked":["Ectoplasm","Astrolabe"],"picked":"Busted Crown"}],"items_purged_floors":[14],"is_endless":false,"potions_floor_spawned":[2,3,4,11,18,20,25],"killed_by":"Chosen and Byrds","ascension_level":3}