{"gold_per_floor":[119,69,69,244,255,255,285,285,310,163,197,197,213,224,224,320,320,334,334,345,361,394,394,594,48,48,60,87,99,126,148,160,274,286,311,323,351,31,31,31,59,59,59,70,82,7,27,27,27,27],"floor_reached":51,"playtime":5224,"items_purged":["Doubt","Consume","Scrape+1","Rip and Tear+1"],"score":982,"play_id":"84f977a4-1a91-44a7-bf3b-b0afa5d60ff3","local_time":"20190214174947","is_ascension_mode":true,"campfire_choices":[{"data":"Defragment","floor":6.0,"key":"SMITH"},{"data":"Darkness","floor":8.0,"key":"SMITH"},{"data":"Double Energy","floor":12.0,"key":"SMITH"},{"floor":15.0,"key":"REST"},{"data":"Fission","floor":23.0,"key":"SMITH"},{"floor":27.0,"key":"REST"},{"data":"Chill","floor":29.0,"key":"SMITH"},{"data":"Consume","floor":32.0,"key":"SMITH"},{"data":"Electrodynamics","floor":40.0,"key":"SMITH"},{"floor":42.0,"key":"REST"},{"data":"Capacitor","floor":49,"key":"SMITH"}],"neow_cost":"NONE","seed_source_timestamp":45667232453655,"circlet_count":0,"master_deck":["Zap","Dualcast","Chill+1","Consume+1","Double Energy+1","Darkness+1","Compile Driver+1","Defragment+1","Undo","Capacitor+1","Turbo","Glacier","Fission+1","Hologram+1","Steam","BootSequence","Ball Lightning+1","Cold Snap+1","Stack+1","Leap+1","Glacier","Electrodynamics+1","Coolheaded","Aggregate+1"],"special_seed":0,"relics":["Pandora\u0027s Box","Boot","Pantograph","Blood Vial","Omamori","Busted Crown","Red Mask","Symbiotic Virus","Membership Card","MawBank","Astrolabe","FaceOfCleric","Bag of Marbles","Whetstone","Bottled Tornado","Art of War"],"potions_floor_usage":[47],"damage_taken":[{"damage":7.0,"enemies":"Jaw Worm","floor":1.0,"turns":3.0},{"damage":0.0,"enemies":"2 Louse","floor":5.0,"turns":3.0},{"damage":29.0,"enemies":"Lagavulin","floor":7.0,"turns":6.0},{"damage":17.0,"enemies":"Gremlin Nob","floor":11.0,"turns":4.0},{"damage":0.0,"enemies":"Cultist","floor":13.0,"turns":4.0},{"damage":13.0,"enemies":"3 Louse","floor":14.0,"turns":3.0},{"damage":19.0,"enemies":"Slime Boss","floor":16.0,"turns":6.0},{"damage":38.0,"enemies":"2 Thieves","floor":18.0,"turns":5.0},{"damage":3.0,"enemies":"3 Byrds","floor":20.0,"turns":5.0},{"damage":10.0,"enemies":"Snecko","floor":21.0,"turns":4.0},{"damage":0.0,"enemies":"Masked Bandits","floor":22.0,"turns":5.0},{"damage":0.0,"enemies":"Sentry and Sphere","floor":28.0,"turns":5.0},{"damage":0.0,"enemies":"Centurion and Healer","floor":30.0,"turns":4.0},{"damage":0.0,"enemies":"Chosen and Byrds","floor":31.0,"turns":5.0},{"damage":55.0,"enemies":"Collector","floor":33.0,"turns":8.0},{"damage":24.0,"enemies":"3 Darklings","floor":35.0,"turns":3.0},{"damage":0.0,"enemies":"3 Shapes","floor":37.0,"turns":5.0},{"damage":39.0,"enemies":"Giant Head","floor":41.0,"turns":11.0},{"damage":0.0,"enemies":"Sphere and 2 Shapes","floor":44.0,"turns":4.0},{"damage":0,"enemies":"Jaw Worm Horde","floor":45,"turns":3},{"damage":18,"enemies":"3 Darklings","floor":47,"turns":3},{"damage":52,"enemies":"Awakened One","floor":50,"turns":15}],"seed_played":"-480589923023555578","potions_obtained":[{"floor":1.0,"key":"LiquidBronze"},{"floor":5.0,"key":"Weak Potion"},{"floor":7.0,"key":"Block Potion"},{"floor":13.0,"key":"GamblersBrew"},{"floor":16.0,"key":"FocusPotion"},{"floor":21.0,"key":"FearPotion"},{"floor":22.0,"key":"AttackPotion"},{"floor":30.0,"key":"Energy Potion"},{"floor":31.0,"key":"PowerPotion"},{"floor":33.0,"key":"EssenceOfSteel"},{"floor":35.0,"key":"PowerPotion"},{"floor":37.0,"key":"EssenceOfSteel"},{"floor":39.0,"key":"Poison Potion"},{"floor":39.0,"key":"Poison Potion"},{"floor":45,"key":"Weak Potion"}],"is_trial":false,"path_per_floor":["M","?","?","?","M","R","E","R","T","$","E","R","M","M","R","B",null,"M","?","M","M","?","R","?","$","T","R","M","R","M","M","R","B",null,"M","?","M","$","?","R","E","R","T","M","M","$","M","?","R","B",null],"character_chosen":"DEFECT","items_purchased":["Capacitor","Symbiotic Virus","Membership Card","BootSequence","Glacier","Electrodynamics","Bag of Marbles","Whetstone"],"campfire_rested":3,"item_purchase_floors":[10,25,25,25,38,38,38,38],"current_hp_per_floor":[61,61,54,54,54,54,25,25,25,25,10,10,12,1,23,31,64,28,28,27,19,21,21,21,21,21,43,45,45,47,49,49,20,61,39,39,42,42,42,42,6,29,29,32,35,35,20,70,70,19],"gold":27,"neow_bonus":"BOSS_RELIC","is_prod":false,"is_daily":false,"chose_seed":false,"campfire_upgraded":8,"win_rate":0,"timestamp":1550162987,"path_taken":["M","?","?","?","M","R","E","R","T","$","E","R","M","M","R","BOSS","M","?","M","M","?","R","?","$","T","R","?","R","M","M","R","BOSS","M","?","?","$","?","R","E","R","T","?","M","?","M","?","R","BOSS"],"build_version":"2019-01-23","purchased_purges":4,"victory":true,"max_hp_per_floor":[75,75,75,75,75,75,75,75,75,75,75,75,75,75,75,75,75,75,75,75,75,75,75,75,75,75,75,75,75,75,75,75,75,75,75,75,76,76,76,76,77,77,77,78,79,79,80,70,70,71],"card_choices":[{"not_picked":["Compile Driver","Self Repair"],"picked":"Defragment","floor":1.0},{"not_picked":["Force Field","Gash"],"picked":"Stack","floor":5.0},{"not_picked":["Streamline","Ball Lightning"],"picked":"Undo","floor":7.0},{"not_picked":["Stack","Tempest"],"picked":"Turbo","floor":11.0},{"not_picked":["Buffer","Barrage"],"picked":"Doom and Gloom","floor":13.0},{"not_picked":["Conserve Battery","Blizzard"],"picked":"Glacier","floor":14.0},{"not_picked":["Biased Cognition","Electrodynamics"],"picked":"Fission","floor":16.0},{"not_picked":[],"picked":"Hologram+1","floor":18.0},{"not_picked":["Barrage+1"],"picked":"SKIP","floor":20.0},{"not_picked":[],"picked":"Turbo","floor":21.0},{"not_picked":["Rip and Tear"],"picked":"SKIP","floor":28.0},{"not_picked":["Scrape"],"picked":"SKIP","floor":30.0},{"not_picked":[],"picked":"Ball Lightning","floor":31.0},{"not_picked":[],"picked":"Stack+1","floor":35.0},{"not_picked":[],"picked":"Leap+1","floor":37.0},{"not_picked":[],"picked":"Coolheaded","floor":41.0},{"not_picked":[],"picked":"Aggregate+1","floor":44.0},{"not_picked":["Barrage"],"picked":"SKIP","floor":45},{"not_picked":["Doom and Gloom+1"],"picked":"SKIP","floor":47}],"player_experience":184341,"relics_obtained":[{"floor":7.0,"key":"Pantograph"},{"floor":9.0,"key":"Blood Vial"},{"floor":11.0,"key":"Omamori"},{"floor":22.0,"key":"Red Mask"},{"floor":26.0,"key":"MawBank"},{"floor":41.0,"key":"Bottled Tornado"},{"floor":43.0,"key":"Art of War"}],"event_choices":[{"cards_removed":["Amplify"],"damage_healed":0.0,"max_hp_gain":0.0,"max_hp_loss":0.0,"gold_gain":0.0,"event_name":"The Cleric","player_choice":"Card Removal","floor":2.0,"gold_loss":50.0,"damage_taken":0.0},{"damage_healed":0.0,"max_hp_gain":0.0,"max_hp_loss":0.0,"gold_gain":0.0,"event_name":"Scrap Ooze","player_choice":"Success","floor":3.0,"gold_loss":0.0,"damage_taken":7.0,"relics_obtained":["Boot"]},{"damage_healed":0.0,"max_hp_gain":0.0,"max_hp_loss":0.0,"gold_gain":175.0,"event_name":"Liars Game","player_choice":"AGREE","floor":4.0,"gold_loss":0.0,"damage_taken":0.0,"cards_obtained":["Doubt"]},{"damage_healed":0.0,"max_hp_gain":0.0,"max_hp_loss":0.0,"gold_gain":0.0,"cards_transformed":["Streamline","Force Field"],"event_name":"Drug Dealer","player_choice":"Became Test Subject","floor":19.0,"gold_loss":0.0,"damage_taken":0.0,"cards_obtained":["Steam","Consume"]},{"damage_healed":0.0,"max_hp_gain":0.0,"max_hp_loss":0.0,"gold_gain":0.0,"event_name":"Masked Bandits","player_choice":"Fought Bandits","floor":22.0,"gold_loss":0.0,"damage_taken":0.0},{"damage_healed":0.0,"max_hp_gain":0.0,"max_hp_loss":0.0,"gold_gain":200.0,"event_name":"Wheel of Change","player_choice":"Gold","floor":24.0,"gold_loss":0.0,"damage_taken":0.0},{"damage_healed":0.0,"max_hp_gain":0.0,"max_hp_loss":0.0,"gold_gain":0.0,"event_name":"FaceTrader","player_choice":"Trade","floor":36.0,"gold_loss":0.0,"damage_taken":0.0,"relics_obtained":["FaceOfCleric"]},{"damage_healed":0.0,"max_hp_gain":0.0,"max_hp_loss":0.0,"gold_gain":0.0,"event_name":"Lab","player_choice":"Got Potions","floor":39.0,"gold_loss":0.0,"damage_taken":0.0},{"damage_healed":70,"gold_gain":0,"player_choice":"Heal","damage_taken":0,"max_hp_gain":0,"max_hp_loss":10,"event_name":"The Moai Head","floor":48,"gold_loss":0}],"is_beta":false,"boss_relics":[{"not_picked":["Black Star","Fusion Hammer"],"picked":"Busted Crown"},{"not_picked":["Calling Bell","Lizard Tail"],"picked":"Astrolabe"}],"items_purged_floors":[10,25,38,46],"is_endless":false,"potions_floor_spawned":[1,5,7,13,16,21,22,30,31,33,35,37,45],"ascension_level":9}