{"gold_per_floor":[312,387,387,406,416,416,428,428,428,155,155,10,25,53,53,153,153,170,95,95,194,207,242,242,253,253,253,267,294,305,1,1,106,106,116,127,32,46,46,80,80,80],"floor_reached":42,"playtime":1869,"items_purged":[],"score":746,"play_id":"270cb0d5-ac4b-41da-b14e-b471d89fbf8f","local_time":"20181216092448","is_ascension_mode":true,"campfire_choices":[{"data":"Zap","floor":6.0,"key":"SMITH"},{"data":"Go for the Eyes","floor":8.0,"key":"SMITH"},{"data":"Coolheaded","floor":11.0,"key":"SMITH"},{"floor":15.0,"key":"REST"},{"floor":24.0,"key":"REST"},{"data":"Capacitor","floor":32,"key":"SMITH"},{"floor":41,"key":"RECALL"}],"neow_cost":"NO_GOLD","seed_source_timestamp":6197570320055,"circlet_count":0,"master_deck":["Strike_B","Strike_B","Strike_B","Defend_B","Defend_B","Defend_B","Defend_B","Zap+1","Dualcast","Coolheaded+1","Double Energy","Sunder","Go for the Eyes+1","Capacitor+1","Cold Snap","Leap","Leap","All For One","Glacier","FTL+1","BootSequence+1","Coolheaded+1","Parasite","Ghostly","Ghostly","Ghostly","Ghostly","Ghostly","Electrodynamics","Rip and Tear","Barrage","Fission","Self Repair","Beam Cell","Capacitor","Steam","Beam Cell+1","Ghostly","Coolheaded+1"],"special_seed":0,"relics":["Cracked Core","Old Coin","Bird Faced Urn","Bronze Scales","DataDisk","WingedGreaves","Cursed Key","Peace Pipe","Orichalcum","Lantern","Calipers","Busted Crown","Sundial"],"potions_floor_usage":[29,33,42,42],"damage_taken":[{"damage":7.0,"enemies":"Small Slimes","floor":1.0,"turns":3.0},{"damage":1.0,"enemies":"2 Louse","floor":4.0,"turns":3.0},{"damage":5.0,"enemies":"Jaw Worm","floor":5.0,"turns":5.0},{"damage":7.0,"enemies":"Exordium Thugs","floor":7.0,"turns":4.0},{"damage":0.0,"enemies":"Blue Slaver","floor":13.0,"turns":3.0},{"damage":29.0,"enemies":"Gremlin Nob","floor":14.0,"turns":4.0},{"damage":1.0,"enemies":"The Guardian","floor":16.0,"turns":12.0},{"damage":7.0,"enemies":"Spheric Guardian","floor":18.0,"turns":4.0},{"damage":9.0,"enemies":"Colosseum Slavers","floor":20.0,"turns":4.0},{"damage":2.0,"enemies":"Shell Parasite","floor":22.0,"turns":7.0},{"damage":20.0,"enemies":"Slavers","floor":23.0,"turns":5.0},{"damage":0.0,"enemies":"Sentry and Sphere","floor":25.0,"turns":5.0},{"damage":10.0,"enemies":"Snake Plant","floor":28.0,"turns":5.0},{"damage":0,"enemies":"Book of Stabbing","floor":29,"turns":6},{"damage":0,"enemies":"Cultist and Chosen","floor":30,"turns":4},{"damage":38,"enemies":"Collector","floor":33,"turns":13},{"damage":0,"enemies":"Orb Walker","floor":35,"turns":4},{"damage":0,"enemies":"3 Shapes","floor":36,"turns":6},{"damage":7,"enemies":"Jaw Worm Horde","floor":38,"turns":5},{"damage":0,"enemies":"Nemesis","floor":40,"turns":7},{"damage":49,"enemies":"Giant Head","floor":42,"turns":11}],"seed_played":"-3880969784333051065","potions_obtained":[{"floor":1.0,"key":"FairyPotion"},{"floor":13.0,"key":"Poison Potion"},{"floor":16.0,"key":"FocusPotion"},{"floor":22.0,"key":"Swift Potion"},{"floor":23.0,"key":"Weak Potion"},{"floor":29,"key":"Poison Potion"},{"floor":30,"key":"LiquidBronze"},{"floor":36,"key":"Poison Potion"},{"floor":38,"key":"Weak Potion"}],"is_trial":false,"path_per_floor":["M","?","?","M","M","R","M","R","T","$","R","$","M","E","R","B",null,"M","?","?","?","M","E","R","M","T","?","M","E","M","$","R","B",null,"M","M","$","M","?","E","R","E"],"character_chosen":"DEFECT","items_purchased":["Capacitor","Cold Snap","Bronze Scales","DataDisk","Calipers","Capacitor","Steam"],"campfire_rested":2,"item_purchase_floors":[10,10,10,12,31,37,37],"current_hp_per_floor":[61,50,50,49,44,44,37,37,37,37,37,37,37,10,32,33,65,60,60,53,53,53,33,55,57,57,37,27,31,35,35,35,3,29,33,37,37,37,37,37,37,0],"gold":80,"neow_bonus":"ONE_RARE_RELIC","is_prod":false,"is_daily":false,"chose_seed":false,"campfire_upgraded":4,"win_rate":0,"timestamp":1544959488,"path_taken":["M","?","?","M","M","R","M","R","T","$","R","?","?","E","R","BOSS","M","?","?","?","M","E","R","M","T","?","M","E","M","$","R","BOSS","M","M","$","M","?","E","R","E"],"build_version":"2018-12-13","purchased_purges":0,"victory":false,"max_hp_per_floor":[75,75,75,75,75,75,75,75,75,75,75,75,75,75,75,75,75,75,75,75,75,75,75,75,75,75,37,37,37,37,37,37,37,37,37,37,37,37,37,37,37,37],"card_choices":[{"not_picked":["Reprogram","Hologram"],"picked":"Coolheaded","floor":1.0},{"not_picked":["White Noise","Streamline"],"picked":"Double Energy","floor":4.0},{"not_picked":["Streamline","Chill"],"picked":"Sunder","floor":5.0},{"not_picked":["Streamline","Ball Lightning"],"picked":"Go for the Eyes","floor":7.0},{"not_picked":["Beam Cell","Go for the Eyes"],"picked":"Leap","floor":13.0},{"not_picked":["Doom and Gloom","Compile Driver"],"picked":"Leap","floor":14.0},{"not_picked":["Multi-Cast","Hyperbeam"],"picked":"All For One","floor":16.0},{"not_picked":["Ball Lightning","Gash"],"picked":"Glacier","floor":18.0},{"not_picked":["Leap","Skim"],"picked":"FTL+1","floor":22.0},{"not_picked":["Force Field+1","Chaos+1"],"picked":"BootSequence+1","floor":23.0},{"not_picked":["Turbo","Auto Shields+1"],"picked":"Coolheaded+1","floor":25.0},{"not_picked":["Gash","Leap"],"picked":"Electrodynamics","floor":28.0},{"not_picked":["Streamline","Leap"],"picked":"Rip and Tear","floor":29},{"not_picked":["Beam Cell+1","Fusion+1"],"picked":"Barrage","floor":30},{"not_picked":["Multi-Cast","Machine Learning"],"picked":"Fission","floor":33},{"not_picked":[],"picked":"Self Repair","floor":35},{"not_picked":[],"picked":"Beam Cell","floor":36},{"not_picked":[],"picked":"Beam Cell+1","floor":38},{"not_picked":[],"picked":"Coolheaded+1","floor":40}],"player_experience":254349,"relics_obtained":[{"floor":9.0,"key":"Bird Faced Urn"},{"floor":14.0,"key":"WingedGreaves"},{"floor":23.0,"key":"Peace Pipe"},{"floor":26.0,"key":"Orichalcum"},{"floor":29,"key":"Lantern"},{"floor":40,"key":"Sundial"}],"event_choices":[{"damage_healed":0.0,"max_hp_gain":0.0,"max_hp_loss":0.0,"gold_gain":75.0,"event_name":"World of Goop","player_choice":"Gather Gold","floor":2.0,"gold_loss":0.0,"damage_taken":11.0},{"damage_healed":0.0,"max_hp_gain":0.0,"max_hp_loss":0.0,"gold_gain":0.0,"event_name":"Golden Wing","player_choice":"Ignored","floor":3.0,"gold_loss":0.0,"damage_taken":0.0},{"cards_removed":["Strike_B"],"damage_healed":0.0,"max_hp_gain":0.0,"max_hp_loss":0.0,"gold_gain":0.0,"event_name":"Beggar","player_choice":"Gave Gold","floor":19.0,"gold_loss":75.0,"damage_taken":0.0},{"damage_healed":0.0,"max_hp_gain":0.0,"max_hp_loss":0.0,"gold_gain":0.0,"event_name":"Colosseum","player_choice":"Fight","floor":20.0,"gold_loss":0.0,"damage_taken":0.0},{"damage_healed":0.0,"max_hp_gain":0.0,"max_hp_loss":0.0,"gold_gain":0.0,"event_name":"Colosseum","player_choice":"Fled From Nobs","floor":20.0,"gold_loss":0.0,"damage_taken":0.0},{"damage_healed":0.0,"max_hp_gain":0.0,"max_hp_loss":0.0,"gold_gain":99.0,"event_name":"Nest","player_choice":"Stole From Cult","floor":21.0,"gold_loss":0.0,"damage_taken":0.0},{"damage_healed":0.0,"max_hp_gain":0.0,"max_hp_loss":38.0,"gold_gain":0.0,"event_name":"Ghosts","player_choice":"Became a Ghost","floor":27.0,"gold_loss":0.0,"damage_taken":0.0,"cards_obtained":["Ghostly","Ghostly","Ghostly","Ghostly","Ghostly"]},{"damage_healed":0,"gold_gain":0,"player_choice":"Copied","damage_taken":0,"max_hp_gain":0,"max_hp_loss":0,"event_name":"Duplicator","floor":39,"gold_loss":0,"cards_obtained":["Ghostly"]}],"is_beta":false,"boss_relics":[{"not_picked":["Pandora\u0027s Box","Black Star"],"picked":"Cursed Key"},{"not_picked":["Runic Pyramid","White Beast Statue"],"picked":"Busted Crown"}],"items_purged_floors":[],"is_endless":false,"potions_floor_spawned":[1,13,16,22,23,29,30,36,38],"killed_by":"Giant Head","ascension_level":6}