{"gold_per_floor":[118,136,186,199,217,243,243,278,278,46,46,57,57,17,17,90,90,67,77,77,77],"floor_reached":21,"playtime":980,"items_purged":["Strike_G"],"score":369,"play_id":"bc486659-0d82-4e7c-9253-62274080a4ad","local_time":"20190125192038","is_ascension_mode":true,"campfire_choices":[{"data":"Glass Knife","floor":7,"key":"SMITH"},{"floor":11,"key":"REST"},{"data":"Noxious Fumes","floor":15,"key":"SMITH"}],"neow_cost":"NONE","seed_source_timestamp":1387349721686950,"circlet_count":0,"master_deck":["AscendersBane","Defend_G","Defend_G","Defend_G","Defend_G","Defend_G","Strike_G","Strike_G","Strike_G","Strike_G","Survivor","Neutralize","Deadly Poison","Noxious Fumes+1","Footwork","Riddle With Holes","Glass Knife+1","Well Laid Plans","Crippling Poison","Poisoned Stab","Cloak And Dagger","Envenom"],"relics":["Ring of the Snake","Gremlin Horn","Darkstone Periapt","FossilizedHelix","Busted Crown"],"potions_floor_usage":[1,6,6,8,16,18],"damage_taken":[{"damage":0,"enemies":"Small Slimes","floor":1,"turns":3},{"damage":6,"enemies":"Cultist","floor":2,"turns":4},{"damage":2,"enemies":"2 Louse","floor":4,"turns":4},{"damage":7,"enemies":"Blue Slaver","floor":5,"turns":5},{"damage":12,"enemies":"Lagavulin","floor":6,"turns":7},{"damage":25,"enemies":"3 Sentries","floor":8,"turns":7},{"damage":14,"enemies":"Large Slime","floor":12,"turns":5},{"damage":0,"enemies":"Looter","floor":14,"turns":4},{"damage":7,"enemies":"The Guardian","floor":16,"turns":10},{"damage":3,"enemies":"2 Thieves","floor":18,"turns":4},{"damage":34,"enemies":"Chosen","floor":19,"turns":6},{"damage":17,"enemies":"Centurion and Healer","floor":21,"turns":4}],"seed_played":"-3163453864203401432","potions_obtained":[{"floor":0,"key":"SkillPotion"},{"floor":0,"key":"Explosive Potion"},{"floor":5,"key":"Fruit Juice"},{"floor":6,"key":"FearPotion"},{"floor":12,"key":"Energy Potion"},{"floor":19,"key":"Ancient Potion"}],"is_trial":false,"path_per_floor":["M","M","?","M","M","E","R","E","T","$","R","M","?","M","R","B",null,"M","M","$","M"],"character_chosen":"THE_SILENT","items_purchased":["Crippling Poison","LiquidBronze"],"campfire_rested":1,"item_purchase_floors":[10,10],"current_hp_per_floor":[59,53,53,51,44,37,37,12,12,12,33,19,19,19,19,12,56,53,19,19,2],"gold":77,"neow_bonus":"THREE_SMALL_POTIONS","is_prod":false,"is_daily":false,"chose_seed":false,"campfire_upgraded":2,"win_rate":0,"timestamp":1548469238,"path_taken":["M","M","?","?","M","E","R","E","T","?","R","M","?","M","R","BOSS","M","M","$","M"],"build_version":"2019-01-23","purchased_purges":1,"victory":false,"max_hp_per_floor":[66,66,66,66,66,71,71,71,71,71,71,71,71,71,71,71,71,71,71,71,71],"card_choices":[{"not_picked":["Flying Knee","Slice"],"picked":"Deadly Poison","floor":1},{"not_picked":["Dagger Throw","Accuracy"],"picked":"Noxious Fumes","floor":2},{"not_picked":["Underhanded Strike","Poisoned Stab"],"picked":"Footwork","floor":4},{"not_picked":["All Out Attack","Outmaneuver"],"picked":"Riddle With Holes","floor":5},{"not_picked":["Blur","Terror"],"picked":"Glass Knife","floor":6},{"not_picked":["Underhanded Strike","Dodge and Roll"],"picked":"Well Laid Plans","floor":8},{"not_picked":["Dagger Spray","Slice"],"picked":"Poisoned Stab","floor":12},{"not_picked":["Slice","Dagger Throw"],"picked":"Cloak And Dagger","floor":14},{"not_picked":["Storm of Steel","Tools of the Trade"],"picked":"Envenom","floor":16},{"not_picked":["Concentrate"],"picked":"SKIP","floor":18},{"not_picked":["Flying Knee"],"picked":"SKIP","floor":19}],"player_experience":1250013,"relics_obtained":[{"floor":6,"key":"Gremlin Horn"},{"floor":8,"key":"Darkstone Periapt"},{"floor":9,"key":"FossilizedHelix"}],"event_choices":[{"damage_healed":0,"gold_gain":50,"player_choice":"Pray","damage_taken":0,"max_hp_gain":0,"max_hp_loss":0,"event_name":"Golden Shrine","floor":3,"gold_loss":0},{"damage_healed":0,"gold_gain":0,"player_choice":"Ignored","damage_taken":0,"max_hp_gain":0,"max_hp_loss":0,"event_name":"Shining Light","floor":13,"gold_loss":0}],"is_beta":true,"boss_relics":[{"not_picked":["Eternal Feather","Runic Pyramid"],"picked":"Busted Crown"}],"items_purged_floors":[10],"is_endless":false,"potions_floor_spawned":[5,6,12,19],"killed_by":"Centurion and Healer","ascension_level":19}