{"gold_per_floor":[114,114,133,58,71,101,101,120,173,190,22,35,35,52,52,130,130,140,190,208,223,223],"floor_reached":22,"playtime":1468,"items_purged":[],"score":350,"play_id":"6b47bd7f-01b1-4150-9bea-86e8f9929cf0","local_time":"20181103030851","is_ascension_mode":true,"campfire_choices":[{"floor":15,"key":"RECALL"}],"neow_cost":"TEN_PERCENT_HP_LOSS","seed_source_timestamp":572874850445617,"circlet_count":0,"master_deck":["AscendersBane","Strike_B","Strike_B","Defend_B","Defend_B","Defend_B","Defend_B","Zap","Dualcast","All For One","Ball Lightning","Zap","Conserve Battery","Glacier","Self Repair","Steam","Panache","Leap","Conserve Battery","Echo Form","Ball Lightning","Ball Lightning","Glacier"],"relics":["Cracked Core","Meat on the Bone","Runic Pyramid"],"potions_floor_usage":[8,13,16,16,22,22],"damage_taken":[{"damage":4,"enemies":"Jaw Worm","floor":1,"turns":4},{"damage":0,"enemies":"Cultist","floor":3,"turns":2},{"damage":16,"enemies":"2 Louse","floor":5,"turns":2},{"damage":26,"enemies":"Lagavulin","floor":6,"turns":7},{"damage":9,"enemies":"Exordium Thugs","floor":8,"turns":7},{"damage":5,"enemies":"Blue Slaver","floor":10,"turns":4},{"damage":0,"enemies":"Red Slaver","floor":12,"turns":5},{"damage":20,"enemies":"3 Sentries","floor":13,"turns":4},{"damage":13,"enemies":"3 Louse","floor":14,"turns":4},{"damage":36,"enemies":"The Guardian","floor":16,"turns":16},{"damage":0,"enemies":"Chosen","floor":18,"turns":6},{"damage":9,"enemies":"Spheric Guardian","floor":20,"turns":6},{"damage":37,"enemies":"Shelled Parasite and Fungi","floor":21,"turns":7},{"damage":52,"enemies":"3 Cultists","floor":22,"turns":7}],"seed_played":"-1136785386712673383","potions_obtained":[{"floor":3,"key":"FearPotion"},{"floor":5,"key":"SpeedPotion"},{"floor":6,"key":"SkillPotion"},{"floor":12,"key":"SmokeBomb"},{"floor":14,"key":"LiquidBronze"},{"floor":16,"key":"Swift Potion"},{"floor":18,"key":"Strength Potion"},{"floor":21,"key":"Block Potion"}],"is_trial":false,"path_per_floor":["M","?","M","?","M","E","?","M","T","M","$","M","E","M","R","B",null,"M","?","M","M","M"],"character_chosen":"DEFECT","items_purchased":["Panache"],"campfire_rested":0,"item_purchase_floors":[11],"current_hp_per_floor":[60,60,60,60,44,18,18,28,28,42,42,49,48,42,42,25,54,64,64,64,53,1],"gold":223,"neow_bonus":"THREE_RARE_CARDS","is_prod":false,"is_daily":false,"chose_seed":false,"campfire_upgraded":0,"win_rate":0,"timestamp":1541236131,"path_taken":["M","?","?","?","M","E","?","M","T","M","$","?","E","M","R","BOSS","M","?","M","?","M"],"build_version":"2018-11-01v2","purchased_purges":0,"victory":false,"max_hp_per_floor":[64,64,64,64,64,64,64,64,64,64,64,64,64,64,64,64,64,64,64,64,64,64],"card_choices":[{"not_picked":["Rainbow","Creative AI"],"picked":"All For One","floor":0},{"not_picked":["Gash","Redo"],"picked":"Ball Lightning","floor":1},{"not_picked":["Blizzard","Sweeping Beam"],"picked":"Conserve Battery","floor":3},{"not_picked":["Thunder Strike","Steam Power"],"picked":"Glacier","floor":5},{"not_picked":["Stack","Lockon"],"picked":"Self Repair","floor":6},{"not_picked":["Stack","Hello World"],"picked":"Steam","floor":8},{"not_picked":["Beam Cell","Barrage","Static Discharge"],"picked":"SKIP","floor":10},{"not_picked":["Gash","Chill"],"picked":"Leap","floor":12},{"not_picked":["Gash","Leap"],"picked":"Conserve Battery","floor":14},{"not_picked":["Machine Learning","Core Surge"],"picked":"Echo Form","floor":16},{"not_picked":["Scrape","Loop"],"picked":"Ball Lightning","floor":18},{"not_picked":["Stack","Undo"],"picked":"Ball Lightning","floor":20},{"not_picked":["Turbo","Ball Lightning"],"picked":"Glacier","floor":21}],"player_experience":1087763,"relics_obtained":[{"floor":6,"key":"Meat on the Bone"}],"event_choices":[{"damage_healed":0,"gold_gain":0,"player_choice":"1 cards matched","damage_taken":0,"max_hp_gain":0,"max_hp_loss":0,"event_name":"Match and Keep!","floor":2,"gold_loss":0,"cards_obtained":["Zap"]},{"damage_healed":0,"gold_gain":0,"player_choice":"1 cards matched","damage_taken":0,"max_hp_gain":0,"max_hp_loss":0,"event_name":"Match and Keep!","floor":2,"gold_loss":0,"cards_obtained":["Zap"]},{"damage_healed":0,"gold_gain":0,"player_choice":"1 cards matched","damage_taken":0,"max_hp_gain":0,"max_hp_loss":0,"event_name":"Match and Keep!","floor":2,"gold_loss":0,"cards_obtained":["Zap"]},{"cards_removed":["Strike_B"],"damage_healed":0,"gold_gain":0,"player_choice":"Card Removal","damage_taken":0,"max_hp_gain":0,"max_hp_loss":0,"event_name":"The Cleric","floor":4,"gold_loss":75},{"cards_removed":["Strike_B"],"damage_healed":0,"gold_gain":0,"player_choice":"Card Removal","damage_taken":0,"max_hp_gain":0,"max_hp_loss":0,"event_name":"Wheel of Change","floor":7,"gold_loss":0},{"damage_healed":0,"gold_gain":100,"player_choice":"Bet on Murderer","damage_taken":0,"max_hp_gain":0,"max_hp_loss":0,"event_name":"The Joust","floor":19,"gold_loss":50}],"is_beta":true,"boss_relics":[{"not_picked":["Philosopher\u0027s Stone","Eternal Feather"],"picked":"Runic Pyramid"}],"items_purged_floors":[],"is_endless":false,"potions_floor_spawned":[3,5,6,12,14,16,18,20,21],"killed_by":"3 Cultists","ascension_level":15}