{"gold_per_floor":[116,130,130,150,168,168,183,183,238,256,283,358,45,60,60,134,134,148,117,130,130,130,130],"floor_reached":23,"playtime":808,"items_purged":[],"score":351,"play_id":"f14e2ba2-0fcd-4e45-a24c-07516284443a","local_time":"20190212214253","is_ascension_mode":true,"campfire_choices":[{"data":"Dramatic Entrance","floor":6,"key":"SMITH"},{"data":"Poisoned Stab","floor":8,"key":"SMITH"},{"data":"Footwork","floor":15,"key":"SMITH"}],"neow_cost":"NONE","seed_source_timestamp":3615972551000,"circlet_count":0,"master_deck":["AscendersBane","Defend_G","Defend_G","Defend_G","Defend_G","Defend_G","Strike_G","Strike_G","Strike_G","Strike_G","Strike_G","Survivor","Neutralize+1","Dramatic Entrance+1","Quick Slash","PiercingWail","Predator","Poisoned Stab+1","Bouncing Flask","Footwork+1","Noxious Fumes","Wraith Form v2","Dagger Spray"],"relics":["Ring of the Snake","Snake Skull","Singing Bowl","OrangePellets","Black Star"],"potions_floor_usage":[16,23,23],"damage_taken":[{"damage":5,"enemies":"Small Slimes","floor":1,"turns":3},{"damage":0,"enemies":"Cultist","floor":2,"turns":4},{"damage":1,"enemies":"2 Louse","floor":4,"turns":3},{"damage":1,"enemies":"Large Slime","floor":5,"turns":8},{"damage":1,"enemies":"Exordium Thugs","floor":7,"turns":4},{"damage":1,"enemies":"Exordium Wildlife","floor":10,"turns":3},{"damage":7,"enemies":"Lagavulin","floor":11,"turns":7},{"damage":8,"enemies":"2 Fungi Beasts","floor":14,"turns":3},{"damage":12,"enemies":"The Guardian","floor":16,"turns":9},{"damage":1,"enemies":"Spheric Guardian","floor":18,"turns":3},{"damage":10,"enemies":"2 Thieves","floor":19,"turns":5},{"damage":26,"enemies":"Snake Plant","floor":20,"turns":5},{"damage":54,"enemies":"Book of Stabbing","floor":23,"turns":7}],"seed_played":"7470382101429764725","potions_obtained":[{"floor":2,"key":"Strength Potion"},{"floor":5,"key":"PowerPotion"},{"floor":16,"key":"Swift Potion"},{"floor":18,"key":"Explosive Potion"}],"is_trial":false,"path_per_floor":["M","M","?","M","M","R","M","R","T","M","E","?","$","M","R","B",null,"M","M","M","?","?","E"],"character_chosen":"THE_SILENT","items_purchased":["OrangePellets","Footwork"],"campfire_rested":0,"item_purchase_floors":[13,13],"current_hp_per_floor":[54,54,54,53,52,52,51,51,51,50,45,34,34,26,26,14,55,54,46,22,22,36,0],"gold":130,"neow_bonus":"RANDOM_COLORLESS","is_prod":false,"is_daily":false,"chose_seed":false,"campfire_upgraded":3,"win_rate":0,"timestamp":1550036573,"path_taken":["M","M","?","M","?","R","M","R","T","M","E","?","$","M","R","BOSS","M","M","M","?","?","E"],"build_version":"2019-01-23","purchased_purges":0,"victory":false,"max_hp_per_floor":[66,66,66,66,66,66,66,66,66,66,68,68,68,68,68,68,68,68,70,72,72,72,72],"card_choices":[{"not_picked":["Riddle With Holes","Acrobatics"],"picked":"Quick Slash","floor":1},{"not_picked":["Blade Dance","Dagger Throw","Bane"],"picked":"SKIP","floor":2},{"not_picked":["Bane","Masterful Stab"],"picked":"PiercingWail","floor":4},{"not_picked":["Catalyst","Terror"],"picked":"Predator","floor":5},{"not_picked":["Blade Dance","Finisher"],"picked":"Poisoned Stab","floor":7},{"not_picked":["Deadly Poison","Dash"],"picked":"Bouncing Flask","floor":10},{"not_picked":["Tactician","Dagger Throw","Calculated Gamble"],"picked":"Singing Bowl","floor":11},{"not_picked":["Poisoned Stab","Outmaneuver"],"picked":"Noxious Fumes","floor":14},{"not_picked":["Envenom","Unload"],"picked":"Wraith Form v2","floor":16},{"not_picked":["Dagger Throw","Deadly Poison"],"picked":"Dagger Spray","floor":18},{"not_picked":["Deflect","Poisoned Stab","Dagger Throw"],"picked":"Singing Bowl","floor":19},{"not_picked":["Acrobatics","Prepared+1","PiercingWail"],"picked":"Singing Bowl","floor":20}],"player_experience":432952,"relics_obtained":[{"floor":9,"key":"Snake Skull"},{"floor":11,"key":"Singing Bowl"}],"event_choices":[{"damage_healed":0,"gold_gain":0,"player_choice":"Upgraded","damage_taken":0,"max_hp_gain":0,"max_hp_loss":0,"event_name":"Upgrade Shrine","floor":3,"gold_loss":0,"cards_upgraded":["Neutralize"]},{"damage_healed":0,"gold_gain":75,"player_choice":"Gather Gold","damage_taken":11,"max_hp_gain":0,"max_hp_loss":0,"event_name":"World of Goop","floor":12,"gold_loss":0},{"damage_healed":0,"gold_gain":0,"player_choice":"Ignored","damage_taken":0,"max_hp_gain":0,"max_hp_loss":0,"event_name":"Cursed Tome","floor":21,"gold_loss":0},{"damage_healed":14,"gold_gain":0,"player_choice":"Heal","damage_taken":0,"max_hp_gain":0,"max_hp_loss":0,"event_name":"The Library","floor":22,"gold_loss":0}],"is_beta":false,"boss_relics":[{"not_picked":["HoveringKite","Calling Bell"],"picked":"Black Star"}],"items_purged_floors":[],"is_endless":false,"potions_floor_spawned":[2,5,16,18],"killed_by":"Book of Stabbing","ascension_level":16}