{"gold_per_floor":[117,134,145,163,175,175,206,206,206,216,226,242,252,278,278,378,378,389,389,304,304,322,322,349,349,349,364,364],"floor_reached":28,"playtime":1825,"items_purged":[],"score":379,"play_id":"fd4a7e7f-55a3-42a5-b806-7abdc906f2bc","local_time":"20181209194939","daily_mods":["SealedDeck","Insanity"],"is_ascension_mode":false,"campfire_choices":[{"data":"Corruption","floor":6,"key":"SMITH"},{"data":"Corruption","floor":15,"key":"SMITH"},{"floor":23,"key":"REST"}],"neow_cost":"","seed_source_timestamp":0,"circlet_count":0,"master_deck":["Sever Soul","Battle Trance","Warcry","Shockwave","Intimidate","Twin Strike","Clash","Iron Wave","Second Wind","Thunderclap","Shrug It Off","Cleave","Iron Wave","Havoc","Clash","True Grit","Iron Wave","Wild Strike","Inflame","Warcry","Clothesline","Power Through","Wild Strike","Sword Boomerang","Pommel Strike","Cleave","Corruption+1","Iron Wave","Headbutt","Anger","Warcry","Combust","Bloodletting","Shrug It Off","Thunderclap","Bloodletting","Armaments","Battle Trance","Anger","Rampage","Warcry","Shockwave","Iron Wave","Heavy Blade","Rampage","Twin Strike","Headbutt","Hemokinesis","Carnage","True Grit","True Grit","Second Wind","Uppercut","Entrench","Shrug It Off","Flame Barrier","Shrug It Off","Corruption+1","Flame Barrier","Havoc","Headbutt","Rupture","Flame Barrier","Exhume","Havoc","Ghostly Armor","Uppercut","Demon Form","Barricade","Armaments+1","Disarm"],"relics":["Burning Blood","Smiling Mask","CultistMask","Bottled Flame","Shuriken","Empty Cage","Unceasing Top","Happy Flower","Centennial Puzzle","Ancient Tea Set"],"potions_floor_usage":[24],"damage_taken":[{"damage":0,"enemies":"Cultist","floor":1,"turns":4},{"damage":0,"enemies":"2 Louse","floor":2,"turns":3},{"damage":10,"enemies":"Jaw Worm","floor":3,"turns":4},{"damage":0,"enemies":"Large Slime","floor":4,"turns":5},{"damage":8,"enemies":"2 Fungi Beasts","floor":5,"turns":3},{"damage":6,"enemies":"Gremlin Nob","floor":7,"turns":5},{"damage":4,"enemies":"Exordium Wildlife","floor":10,"turns":5},{"damage":0,"enemies":"Exordium Thugs","floor":11,"turns":3},{"damage":0,"enemies":"2 Fungi Beasts","floor":12,"turns":4},{"damage":13,"enemies":"3 Louse","floor":13,"turns":3},{"damage":4,"enemies":"Lagavulin","floor":14,"turns":5},{"damage":25,"enemies":"The Guardian","floor":16,"turns":8},{"damage":29,"enemies":"Spheric Guardian","floor":18,"turns":7},{"damage":19,"enemies":"Chosen","floor":22,"turns":7},{"damage":30,"enemies":"Slavers","floor":24,"turns":5},{"damage":17,"enemies":"Snecko","floor":27,"turns":5},{"damage":21,"enemies":"Colosseum Slavers","floor":28,"turns":4}],"seed_played":"8336740710665044110","potions_obtained":[{"floor":1,"key":"Block Potion"},{"floor":2,"key":"Swift Potion"},{"floor":10,"key":"Energy Potion"},{"floor":12,"key":"Ancient Potion"},{"floor":24,"key":"SteroidPotion"}],"is_trial":true,"path_per_floor":["M","M","M","M","M","R","E","?","T","M","M","M","M","E","R","B",null,"M","T","?","?","M","R","E","?","T","M","?"],"character_chosen":"IRONCLAD","items_purchased":[],"campfire_rested":1,"item_purchase_floors":[],"current_hp_per_floor":[80,80,76,80,78,78,78,78,78,80,80,80,73,75,75,56,80,57,57,57,57,44,68,44,29,29,18,0],"gold":364,"neow_bonus":"","is_prod":false,"is_daily":false,"chose_seed":false,"campfire_upgraded":2,"win_rate":0,"timestamp":1544392179,"path_taken":["M","M","?","M","M","R","E","?","T","M","M","M","M","E","R","BOSS","M","?","?","?","M","R","E","?","T","M","?"],"build_version":"2018-12-06","purchased_purges":0,"victory":false,"max_hp_per_floor":[80,80,80,80,80,80,80,80,80,80,80,80,80,80,80,80,80,80,80,80,80,80,80,80,85,85,85,85],"card_choices":[{"not_picked":["Wild Strike","Entrench"],"picked":"Flame Barrier","floor":1},{"not_picked":["Body Slam","Warcry"],"picked":"Havoc","floor":2},{"not_picked":["Clash","Armaments"],"picked":"Headbutt","floor":3},{"not_picked":["Uppercut","Dual Wield"],"picked":"Rupture","floor":4},{"not_picked":["Carnage","Heavy Blade"],"picked":"Flame Barrier","floor":5},{"not_picked":["Flame Barrier","Pummel"],"picked":"Exhume","floor":7},{"not_picked":["Flex","Headbutt"],"picked":"Havoc","floor":10},{"not_picked":["Intimidate","Cleave"],"picked":"Ghostly Armor","floor":11},{"not_picked":["Cleave","Iron Wave","Wild Strike"],"picked":"SKIP","floor":12},{"not_picked":["Perfected Strike","Armaments"],"picked":"Uppercut","floor":13},{"not_picked":["True Grit","Heavy Blade"],"picked":"Demon Form","floor":14},{"not_picked":["Bludgeon","Demon Form"],"picked":"Barricade","floor":16},{"not_picked":["Searing Blow+1","Evolve+1"],"picked":"Armaments+1","floor":18},{"not_picked":["Body Slam","Sword Boomerang","Heavy Blade+1"],"picked":"SKIP","floor":22},{"not_picked":["Cleave","Pummel"],"picked":"Disarm","floor":24},{"not_picked":["True Grit","Sword Boomerang","Headbutt"],"picked":"SKIP","floor":27}],"player_experience":212864,"relics_obtained":[{"floor":7,"key":"Smiling Mask"},{"floor":9,"key":"Bottled Flame"},{"floor":14,"key":"Shuriken"},{"floor":19,"key":"Unceasing Top"},{"floor":24,"key":"Centennial Puzzle"},{"floor":26,"key":"Ancient Tea Set"}],"event_choices":[{"damage_healed":0,"gold_gain":0,"player_choice":"Trade","damage_taken":0,"relics_obtained":["CultistMask"],"max_hp_gain":0,"max_hp_loss":0,"event_name":"FaceTrader","floor":8,"gold_loss":0},{"damage_healed":0,"gold_gain":0,"player_choice":"Obtained Relic","damage_taken":0,"relics_obtained":["Happy Flower"],"max_hp_gain":0,"max_hp_loss":0,"event_name":"Addict","floor":20,"gold_loss":85},{"damage_healed":0,"gold_gain":0,"player_choice":"Ignored","damage_taken":0,"max_hp_gain":0,"max_hp_loss":0,"event_name":"Vampires","floor":21,"gold_loss":0},{"damage_healed":0,"gold_gain":0,"player_choice":"Shed Blood","damage_taken":20,"max_hp_gain":5,"max_hp_loss":0,"event_name":"Forgotten Altar","floor":25,"gold_loss":0},{"damage_healed":0,"gold_gain":0,"player_choice":"Fight","damage_taken":0,"max_hp_gain":0,"max_hp_loss":0,"event_name":"Colosseum","floor":28,"gold_loss":0}],"is_beta":false,"boss_relics":[{"not_picked":["Runic Pyramid","Velvet Choker"],"picked":"Empty Cage"}],"items_purged_floors":[],"is_endless":false,"potions_floor_spawned":[1,2,10,11,12,14,16,22,24],"killed_by":"Colosseum Slavers","ascension_level":0}