{"gold_per_floor":[117,134,134,134,146,146,146,146,199,199,210,226,226,240,240,314,314,324,324,338,166,185,110,110,110,137,150,50,83,83],"floor_reached":30,"playtime":1004,"items_purged":["Strike_G+1","Writhe"],"score":490,"play_id":"a0b013f9-72c8-43e0-85df-ae9d732f5d19","local_time":"20181102233540","is_ascension_mode":true,"campfire_choices":[{"data":"Neutralize","floor":6,"key":"SMITH"},{"data":"Dagger Spray","floor":8,"key":"SMITH"},{"data":"Corpse Explosion","floor":10,"key":"SMITH"},{"data":"Survivor","floor":13,"key":"SMITH"},{"data":"Cloak And Dagger","floor":15,"key":"SMITH"},{"data":"A Thousand Cuts","floor":24,"key":"SMITH"}],"neow_cost":"TEN_PERCENT_HP_LOSS","seed_source_timestamp":560548065348137,"circlet_count":0,"master_deck":["AscendersBane","Defend_G+1","Defend_G+1","Defend_G+1","Defend_G+1","Defend_G+1","Strike_G+1","Strike_G+1","Strike_G+1","Strike_G+1","Survivor+1","Neutralize+1","Corpse Explosion+1","Cloak And Dagger+1","Slice+1","Dagger Spray+1","All Out Attack+1","Footwork","A Thousand Cuts+1","Cloak And Dagger","Phantasmal Killer"],"relics":["Ring of the Snake","Bag of Marbles","Snecko Eye","Anchor","Question Card","Whetstone","Ancient Tea Set"],"potions_floor_usage":[11,16,18,30],"damage_taken":[{"damage":3,"enemies":"Cultist","floor":1,"turns":4},{"damage":5,"enemies":"Jaw Worm","floor":2,"turns":5},{"damage":0,"enemies":"2 Louse","floor":5,"turns":3},{"damage":0,"enemies":"Large Slime","floor":11,"turns":3},{"damage":3,"enemies":"Exordium Thugs","floor":12,"turns":4},{"damage":0,"enemies":"3 Louse","floor":14,"turns":1},{"damage":3,"enemies":"Slime Boss","floor":16,"turns":9},{"damage":19,"enemies":"2 Thieves","floor":18,"turns":2},{"damage":9,"enemies":"Spheric Guardian","floor":20,"turns":4},{"damage":0,"enemies":"3 Cultists","floor":22,"turns":2},{"damage":5,"enemies":"Snake Plant","floor":27,"turns":4},{"damage":0,"enemies":"Gremlin Leader","floor":29,"turns":6},{"damage":21,"enemies":"Sentry and Sphere","floor":30,"turns":4}],"seed_played":"5829314227192667421","potions_obtained":[{"floor":1,"key":"Explosive Potion"},{"floor":5,"key":"Weak Potion"},{"floor":12,"key":"Ancient Potion"},{"floor":14,"key":"Fire Potion"},{"floor":20,"key":"Swift Potion"},{"floor":29,"key":"SneckoOil"}],"is_trial":false,"path_per_floor":["M","M","?","?","M","R","?","R","T","R","M","M","R","M","R","B",null,"M","?","M","$","M","$","R","?","T","M","$","E","M"],"character_chosen":"THE_SILENT","items_purchased":["Anchor"],"campfire_rested":0,"item_purchase_floors":[21],"current_hp_per_floor":[56,51,51,51,51,51,51,51,51,51,51,48,48,48,48,45,56,37,37,28,28,28,28,28,28,28,23,23,23,2],"gold":83,"neow_bonus":"THREE_RARE_CARDS","is_prod":false,"is_daily":false,"chose_seed":false,"campfire_upgraded":6,"win_rate":0,"timestamp":1541223340,"path_taken":["M","?","?","?","M","R","?","R","T","R","M","?","R","M","R","BOSS","M","?","M","$","M","$","R","?","T","M","$","E","M"],"build_version":"2018-11-01v2","purchased_purges":2,"victory":false,"max_hp_per_floor":[60,60,60,60,60,60,60,60,60,60,60,60,60,60,60,60,60,60,60,60,60,60,60,60,60,60,60,60,60,60],"card_choices":[{"not_picked":["Envenom","Glass Knife"],"picked":"Corpse Explosion","floor":0},{"not_picked":["Backflip","Infinite Blades"],"picked":"Cloak And Dagger","floor":1},{"not_picked":["Dodge and Roll","Backflip"],"picked":"Slice","floor":2},{"not_picked":["Slice","Outmaneuver"],"picked":"Dagger Spray","floor":5},{"not_picked":["Slice","Distraction"],"picked":"All Out Attack","floor":11},{"not_picked":["Slice","Heel Hook","Phantasmal Killer"],"picked":"SKIP","floor":12},{"not_picked":["Deadly Poison","Underhanded Strike"],"picked":"Footwork","floor":14},{"not_picked":["Malaise","Grand Finale"],"picked":"A Thousand Cuts","floor":16},{"not_picked":["Sucker Punch","Dodge and Roll","Underhanded Strike"],"picked":"SKIP","floor":18},{"not_picked":["All Out Attack+1","Outmaneuver","Deflect"],"picked":"SKIP","floor":20},{"not_picked":["Acrobatics","Dodge and Roll+1"],"picked":"Cloak And Dagger","floor":22},{"not_picked":["Backflip","Concentrate","Deflect+1","Distraction"],"picked":"SKIP","floor":27},{"not_picked":["Sucker Punch","Bane","Finisher"],"picked":"Phantasmal Killer","floor":29}],"player_experience":1075718,"relics_obtained":[{"floor":9,"key":"Bag of Marbles"},{"floor":26,"key":"Whetstone"},{"floor":29,"key":"Ancient Tea Set"}],"event_choices":[{"damage_healed":0,"gold_gain":0,"player_choice":"Ignored","damage_taken":0,"max_hp_gain":0,"max_hp_loss":0,"event_name":"Liars Game","floor":3,"gold_loss":0},{"damage_healed":0,"gold_gain":0,"player_choice":"Ignored","damage_taken":0,"max_hp_gain":0,"max_hp_loss":0,"event_name":"Golden Idol","floor":4,"gold_loss":0},{"damage_healed":0,"gold_gain":0,"player_choice":"Fled","damage_taken":0,"max_hp_gain":0,"max_hp_loss":0,"event_name":"Scrap Ooze","floor":7,"gold_loss":0},{"damage_healed":0,"gold_gain":0,"player_choice":"Simplicity","damage_taken":0,"max_hp_gain":0,"max_hp_loss":0,"event_name":"Back to Basics","floor":19,"gold_loss":0,"cards_upgraded":["Defend_G","Defend_G","Defend_G","Defend_G","Defend_G","Strike_G","Strike_G","Strike_G","Strike_G","Strike_G"]},{"damage_healed":0,"gold_gain":0,"player_choice":"Opened","damage_taken":0,"relics_obtained":["Question Card"],"max_hp_gain":0,"max_hp_loss":0,"event_name":"The Mausoleum","floor":25,"gold_loss":0,"cards_obtained":["Writhe"]}],"is_beta":true,"boss_relics":[{"not_picked":["Tiny House","Ring of the Serpent"],"picked":"Snecko Eye"}],"items_purged_floors":[23,28],"is_endless":false,"potions_floor_spawned":[1,5,12,14,20,29],"killed_by":"Sentry and Sphere","ascension_level":17}