{"gold_per_floor":[114,114,133,10,25,57,57,57,57,70,103,3,16,16,16,116,116,126,143,143,159,108,108,108,120,144,144,156,156,173,188,188,188],"floor_reached":33,"playtime":1648,"items_purged":["Strike_B","Strike_B"],"score":349,"play_id":"764a5ee6-db99-462a-a589-381a61b04ce1","local_time":"20190201181550","is_ascension_mode":true,"campfire_choices":[{"data":"Coolheaded","floor":7,"key":"SMITH"},{"floor":15,"key":"REST"},{"floor":24,"key":"REST"},{"floor":27,"key":"REST"},{"data":"Blizzard","floor":32,"key":"SMITH"}],"neow_cost":"NONE","seed_source_timestamp":791273189283002,"circlet_count":0,"master_deck":["Strike_B","Defend_B","Defend_B","Defend_B","Defend_B","Zap","Dualcast","Gash+1","Coolheaded+1","Go for the Eyes","Beam Cell","BootSequence","Go for the Eyes+1","Go for the Eyes","Turbo","Purity","Streamline+1","All For One","Steam","Leap","Conserve Battery+1","Gash","Scrape","Gash+1","Glacier","Blizzard+1"],"relics":["FrozenCore","Symbiotic Virus","Darkstone Periapt","Pen Nib","GremlinMask","Whetstone"],"potions_floor_usage":[11,16,16,23,31],"damage_taken":[{"damage":1,"enemies":"Jaw Worm","floor":1,"turns":4},{"damage":0,"enemies":"Cultist","floor":3,"turns":3},{"damage":0,"enemies":"2 Louse","floor":5,"turns":2},{"damage":36,"enemies":"Gremlin Nob","floor":6,"turns":5},{"damage":0,"enemies":"Red Slaver","floor":10,"turns":3},{"damage":29,"enemies":"3 Sentries","floor":11,"turns":9},{"damage":0,"enemies":"Exordium Thugs","floor":13,"turns":4},{"damage":6,"enemies":"Slime Boss","floor":16,"turns":5},{"damage":15,"enemies":"Chosen","floor":18,"turns":5},{"damage":12,"enemies":"Shell Parasite","floor":19,"turns":6},{"damage":7,"enemies":"Shelled Parasite and Fungi","floor":21,"turns":6},{"damage":27,"enemies":"Gremlin Leader","floor":23,"turns":7},{"damage":11,"enemies":"Snake Plant","floor":25,"turns":6},{"damage":0,"enemies":"Cultist and Chosen","floor":28,"turns":4},{"damage":14,"enemies":"Snecko","floor":30,"turns":7},{"damage":0,"enemies":"Centurion and Healer","floor":31,"turns":4},{"damage":39,"enemies":"Champ","floor":33,"turns":12}],"seed_played":"8932382499686201429","potions_obtained":[{"floor":10,"key":"SpeedPotion"},{"floor":11,"key":"Fire Potion"},{"floor":13,"key":"PowerPotion"},{"floor":18,"key":"SmokeBomb"},{"floor":25,"key":"Ancient Potion"}],"is_trial":false,"path_per_floor":["M","?","M","$","M","E","R","$","T","M","E","$","M","?","R","B",null,"M","M","?","M","$","E","R","M","T","R","M","?","M","M","R","B"],"character_chosen":"DEFECT","items_purchased":["Go for the Eyes","Gash"],"campfire_rested":3,"item_purchase_floors":[4,22],"current_hp_per_floor":[81,81,81,81,81,45,45,45,45,45,16,16,16,16,40,34,70,55,43,43,36,36,9,33,22,22,46,46,46,32,32,32,0],"gold":188,"neow_bonus":"TEN_PERCENT_HP_BONUS","is_prod":false,"is_daily":false,"chose_seed":false,"campfire_upgraded":2,"win_rate":0,"timestamp":1549041350,"path_taken":["M","?","M","$","?","E","R","$","T","M","E","$","M","?","R","BOSS","M","M","?","?","?","E","R","M","T","R","M","?","M","M","R","BOSS"],"build_version":"2019-01-23","purchased_purges":2,"victory":false,"max_hp_per_floor":[82,82,82,82,82,82,82,82,82,82,82,82,82,82,82,82,82,82,82,82,82,82,82,82,82,82,82,82,82,82,82,82,82],"card_choices":[{"not_picked":["Beam Cell","Barrage"],"picked":"Gash","floor":1},{"not_picked":["Turbo","Redo"],"picked":"Coolheaded","floor":3},{"not_picked":["Cold Snap","Tempest"],"picked":"Beam Cell","floor":5},{"not_picked":["Tempest","Ball Lightning"],"picked":"BootSequence","floor":6},{"not_picked":["Stack","Hyperbeam"],"picked":"Go for the Eyes","floor":10},{"not_picked":["Coolheaded","Steam"],"picked":"Go for the Eyes","floor":11},{"not_picked":["Blizzard","Leap"],"picked":"Turbo","floor":13},{"not_picked":["Electrodynamics","Multi-Cast"],"picked":"All For One","floor":16},{"not_picked":["Compile Driver+1","Leap+1"],"picked":"Steam","floor":18},{"not_picked":["Turbo+1","Conserve Battery"],"picked":"Leap","floor":19},{"not_picked":["Sweeping Beam","Chaos"],"picked":"Conserve Battery+1","floor":21},{"not_picked":["Redo","BootSequence"],"picked":"Scrape","floor":25},{"not_picked":["Fusion","Beam Cell+1"],"picked":"Gash+1","floor":28},{"not_picked":["Hello World","Redo+1"],"picked":"Glacier","floor":30},{"not_picked":["Rebound","Force Field+1"],"picked":"Blizzard","floor":31}],"player_experience":128024,"relics_obtained":[{"floor":6,"key":"Symbiotic Virus"},{"floor":9,"key":"Darkstone Periapt"},{"floor":11,"key":"Pen Nib"},{"floor":26,"key":"Whetstone"}],"event_choices":[{"damage_healed":0,"gold_gain":0,"player_choice":"Upgraded","damage_taken":0,"max_hp_gain":0,"max_hp_loss":0,"event_name":"Upgrade Shrine","floor":2,"gold_loss":0,"cards_upgraded":["Gash"]},{"damage_healed":0,"gold_gain":0,"player_choice":"2 cards matched","damage_taken":0,"max_hp_gain":0,"max_hp_loss":0,"event_name":"Match and Keep!","floor":14,"gold_loss":0,"cards_obtained":["Purity","Streamline"]},{"damage_healed":0,"gold_gain":0,"player_choice":"Trade","damage_taken":0,"relics_obtained":["GremlinMask"],"max_hp_gain":0,"max_hp_loss":0,"event_name":"FaceTrader","floor":20,"gold_loss":0},{"cards_removed":["Strike_B"],"damage_healed":0,"gold_gain":0,"player_choice":"Elegance","damage_taken":0,"max_hp_gain":0,"max_hp_loss":0,"event_name":"Back to Basics","floor":29,"gold_loss":0}],"is_beta":false,"boss_relics":[{"not_picked":["Busted Crown","Philosopher\u0027s Stone"],"picked":"FrozenCore"}],"items_purged_floors":[4,12],"is_endless":false,"potions_floor_spawned":[10,11,13,18,25],"killed_by":"Champ","ascension_level":5}