{"gold_per_floor":[20,35,52,66,76,76,101,119,199,199,217,217,217,250,250,352,352,365,365,56,56,56,56,56,56],"floor_reached":25,"playtime":1000,"items_purged":["Decay"],"score":253,"play_id":"79e5ab00-dc70-4a6f-9ade-44976eb817af","local_time":"20181210233545","is_ascension_mode":true,"campfire_choices":[{"data":"Armaments","floor":6,"key":"SMITH"},{"floor":10,"key":"REST"},{"floor":15,"key":"REST"},{"data":"Corruption","floor":23,"key":"SMITH"}],"neow_cost":"NO_GOLD","seed_source_timestamp":20393186177322,"circlet_count":0,"master_deck":["Strike_R","Defend_R","Defend_R","Defend_R","Bash","Anger","Clothesline+1","Armaments+1","Flame Barrier","Clash","Warcry","Rage","Demon Form","Corruption+1"],"relics":["Burning Blood","Kunai","Darkstone Periapt","Bag of Preparation","Sozu","Juzu Bracelet"],"potions_floor_usage":[4,5,7],"damage_taken":[{"damage":6,"enemies":"Small Slimes","floor":1,"turns":4},{"damage":7,"enemies":"2 Louse","floor":2,"turns":3},{"damage":1,"enemies":"Cultist","floor":3,"turns":3},{"damage":42,"enemies":"Gremlin Gang","floor":4,"turns":6},{"damage":3,"enemies":"Blue Slaver","floor":5,"turns":3},{"damage":27,"enemies":"3 Sentries","floor":7,"turns":9},{"damage":3,"enemies":"Large Slime","floor":8,"turns":6},{"damage":9,"enemies":"3 Louse","floor":11,"turns":4},{"damage":19,"enemies":"Lagavulin","floor":14,"turns":7},{"damage":61,"enemies":"Slime Boss","floor":16,"turns":14},{"damage":11,"enemies":"3 Byrds","floor":18,"turns":6},{"damage":83,"enemies":"Book of Stabbing","floor":25,"turns":7}],"seed_played":"-373046955584811511","potions_obtained":[{"floor":2,"key":"Weak Potion"},{"floor":3,"key":"BloodPotion"},{"floor":4,"key":"Fire Potion"},{"floor":16,"key":"Ancient Potion"}],"is_trial":false,"path_per_floor":["M","M","M","M","M","R","E","M","T","R","M","?","?","E","R","B",null,"M","?","$","?","?","R","?","E"],"character_chosen":"IRONCLAD","items_purchased":["Corruption","Juzu Bracelet"],"campfire_rested":2,"item_purchase_floors":[20,20],"current_hp_per_floor":[80,79,80,44,47,47,34,37,37,61,58,58,51,38,62,7,80,75,81,81,81,81,81,81,0],"gold":56,"neow_bonus":"REMOVE_TWO","is_prod":false,"is_daily":false,"chose_seed":false,"campfire_upgraded":2,"win_rate":0,"timestamp":1544492145,"path_taken":["M","M","M","M","M","R","E","M","T","R","M","?","?","E","R","BOSS","M","?","$","?","?","R","?","E"],"build_version":"2018-12-06","purchased_purges":1,"victory":false,"max_hp_per_floor":[80,80,80,80,80,80,80,80,80,80,80,80,80,80,80,80,80,80,86,86,86,86,86,86,86],"card_choices":[{"not_picked":["Twin Strike","Carnage"],"picked":"Anger","floor":1},{"not_picked":["Second Wind","Wild Strike","Heavy Blade"],"picked":"SKIP","floor":2},{"not_picked":["Pummel","Dropkick"],"picked":"Clothesline","floor":3},{"not_picked":["Havoc","Battle Trance"],"picked":"Armaments","floor":4},{"not_picked":["Perfected Strike","Twin Strike"],"picked":"Flame Barrier","floor":5},{"not_picked":["Infernal Blade","Flex"],"picked":"Clash","floor":7},{"not_picked":["Clash","Wild Strike"],"picked":"Warcry","floor":8},{"not_picked":["Reckless Charge","Wild Strike"],"picked":"Rage","floor":11},{"not_picked":["Bludgeon","Sword Boomerang","Body Slam"],"picked":"SKIP","floor":14},{"not_picked":["Dark Embrace","Immolate"],"picked":"Demon Form","floor":16},{"not_picked":["Power Through","Clash","Second Wind+1"],"picked":"SKIP","floor":18}],"player_experience":230497,"relics_obtained":[{"floor":7,"key":"Kunai"},{"floor":9,"key":"Darkstone Periapt"},{"floor":14,"key":"Bag of Preparation"}],"event_choices":[{"damage_healed":0,"gold_gain":0,"player_choice":"Grow","damage_taken":0,"max_hp_gain":0,"max_hp_loss":0,"event_name":"Living Wall","floor":12,"gold_loss":0,"cards_upgraded":["Clothesline"]},{"cards_removed":["Strike_R"],"damage_healed":0,"gold_gain":0,"player_choice":"Card Removal","damage_taken":7,"max_hp_gain":0,"max_hp_loss":0,"event_name":"Golden Wing","floor":13,"gold_loss":0},{"damage_healed":0,"gold_gain":0,"player_choice":"Smashed Altar","damage_taken":0,"max_hp_gain":0,"max_hp_loss":0,"event_name":"Forgotten Altar","floor":19,"gold_loss":0,"cards_obtained":["Decay"]},{"damage_healed":0,"gold_gain":0,"player_choice":"Ignored","damage_taken":0,"max_hp_gain":0,"max_hp_loss":0,"event_name":"Vampires","floor":21,"gold_loss":0},{"cards_removed":["Defend_R"],"damage_healed":0,"gold_gain":0,"player_choice":"Purged","damage_taken":0,"max_hp_gain":0,"max_hp_loss":0,"event_name":"Purifier","floor":22,"gold_loss":0},{"cards_removed":["Strike_R"],"damage_healed":0,"gold_gain":0,"player_choice":"Offered Basic","damage_taken":0,"max_hp_gain":0,"max_hp_loss":0,"event_name":"Bonfire Elementals","floor":24,"gold_loss":0}],"is_beta":false,"boss_relics":[{"not_picked":["Black Blood","Ectoplasm"],"picked":"Sozu"}],"items_purged_floors":[20],"is_endless":false,"potions_floor_spawned":[2,3,4,16],"killed_by":"Book of Stabbing","ascension_level":4}