{"gold_per_floor":[118,43,43,63,81,81,109,109,183,201,54,54,66,100,100,172,172,188,204,204],"floor_reached":20,"playtime":975,"items_purged":["Strike_B"],"score":322,"play_id":"89cc9931-6928-4add-832d-ed8a4ea74ddb","local_time":"20180918134620","is_ascension_mode":true,"campfire_choices":[{"data":"Cold Snap","floor":6,"key":"SMITH"},{"floor":8,"key":"REST"},{"floor":15,"key":"REST"}],"neow_cost":"NONE","seed_source_timestamp":498348530278380,"circlet_count":0,"master_deck":["Defend_B","Defend_B","Defend_B","Zap+1","Dualcast","AscendersBane","Compile Driver","Hello World","Cold Snap+1","Hologram+1","Compile Driver","Go for the Eyes","Leap","Echo Form","Force Field+1","Aggregate+1","Echo Form+1","Conserve Battery","Scrape+1"],"relics":["Cracked Core","Omamori","Pantograph","DataDisk","Astrolabe"],"potions_floor_usage":[5,7,7,16],"damage_taken":[{"damage":0,"enemies":"2 Louse","floor":1,"turns":3},{"damage":0,"enemies":"Small Slimes","floor":4,"turns":3},{"damage":12,"enemies":"Jaw Worm","floor":5,"turns":2},{"damage":56,"enemies":"Gremlin Nob","floor":7,"turns":5},{"damage":1,"enemies":"Blue Slaver","floor":10,"turns":3},{"damage":7,"enemies":"Large Slime","floor":13,"turns":5},{"damage":10,"enemies":"3 Sentries","floor":14,"turns":8},{"damage":20,"enemies":"Hexaghost","floor":16,"turns":9},{"damage":27,"enemies":"2 Thieves","floor":18,"turns":5},{"damage":9,"enemies":"Shell Parasite","floor":19,"turns":5},{"damage":21,"enemies":"Masked Bandits","floor":20,"turns":3}],"seed_played":"4431153006746363750","potions_obtained":[{"floor":1,"key":"Dexterity Potion"},{"floor":4,"key":"FearPotion"},{"floor":5,"key":"GamblersBrew"},{"floor":18,"key":"Ancient Potion"}],"is_trial":false,"path_per_floor":["M","?","?","M","M","R","E","R","T","M","$","?","M","E","R","B",null,"M","M"],"character_chosen":"DEFECT","items_purchased":["FocusPotion"],"campfire_rested":2,"item_purchase_floors":[11],"current_hp_per_floor":[64,64,69,69,57,57,1,23,23,22,22,22,15,5,27,32,65,38,29,8],"gold":204,"neow_bonus":"UPGRADE_CARD","is_prod":false,"is_daily":false,"chose_seed":false,"campfire_upgraded":1,"win_rate":0,"timestamp":1537299980,"path_taken":["M","?","?","M","M","R","E","R","T","M","$","?","?","E","R","BOSS","M","M","?"],"build_version":"2018-09-18","purchased_purges":1,"victory":false,"max_hp_per_floor":[71,71,76,76,76,76,76,76,76,76,76,76,76,76,76,76,76,76,76,76],"card_choices":[{"not_picked":["Recycle","Double Energy"],"picked":"Compile Driver","floor":1},{"not_picked":["Recycle","Stack"],"picked":"Hello World","floor":4},{"not_picked":["Stack","Static Discharge"],"picked":"Cold Snap","floor":5},{"not_picked":["Thunder Strike","Static Discharge"],"picked":"Hologram","floor":7},{"not_picked":["Tempest","Rebound"],"picked":"Compile Driver","floor":10},{"not_picked":["Streamline","Fusion"],"picked":"Go for the Eyes","floor":13},{"not_picked":["Doom and Gloom","Fusion"],"picked":"Leap","floor":14},{"not_picked":["Fission","Rainbow"],"picked":"Echo Form","floor":16},{"not_picked":["Stack+1","Double Energy"],"picked":"Conserve Battery","floor":18},{"not_picked":["Streamline","Gash"],"picked":"Scrape+1","floor":19}],"player_experience":1015913,"relics_obtained":[{"floor":7,"key":"Omamori"},{"floor":9,"key":"Pantograph"},{"floor":14,"key":"DataDisk"}],"event_choices":[{"event_name":"The Cleric","player_choice":"Card Removal","floor":2,"damage_taken":0},{"event_name":"Big Fish","player_choice":"Donut","floor":3,"damage_taken":0},{"event_name":"Living Wall","player_choice":"Grow","floor":12,"damage_taken":0},{"event_name":"Masked Bandits","player_choice":"Fought Bandits","floor":20,"damage_taken":0}],"is_beta":true,"boss_relics":[{"not_picked":["Runic Pyramid","Orrery"],"picked":"Astrolabe"}],"items_purged_floors":[11],"is_endless":false,"potions_floor_spawned":[1,4,5,18],"killed_by":"Masked Bandits","ascension_level":15}