{"gold_per_floor":[417,417,417,249,249,249,281,281,281,298,78,78,94,94,94,191,191,203,216,235,235,235,235],"floor_reached":23,"playtime":2185,"items_purged":["Strike_B","Strike_B"],"score":196,"play_id":"a71ba45f-9c03-4283-8224-b30b4b36afe2","local_time":"20181015211905","is_ascension_mode":true,"campfire_choices":[{"data":"Dualcast","floor":8.0,"key":"SMITH"},{"data":"Zap","floor":15.0,"key":"SMITH"}],"neow_cost":"CURSE","seed_source_timestamp":0,"circlet_count":0,"master_deck":["Strike_B","Defend_B","Defend_B","Defend_B","Defend_B","Zap+1","Dualcast+1","Compile Driver","Cold Snap","Genetic Algorithm","Fusion","Conserve Battery","Capacitor+1","Double Energy","Cold Snap","Seek","Double Energy+1","Auto Shields","Gash"],"special_seed":0,"relics":["Cracked Core","Old Coin","Frozen Egg 2","Du-Vu Doll","Torii","Nuclear Battery","Nilry\u0027s Codex"],"potions_floor_usage":[20,23],"damage_taken":[{"damage":10.0,"enemies":"Jaw Worm","floor":1.0,"turns":4.0},{"damage":15.0,"enemies":"Lagavulin","floor":7.0,"turns":7.0},{"damage":1.0,"enemies":"Cultist","floor":10.0,"turns":4.0},{"damage":0.0,"enemies":"Small Slimes","floor":13.0,"turns":3.0},{"damage":13.0,"enemies":"Hexaghost","floor":16.0,"turns":16.0},{"damage":8.0,"enemies":"3 Byrds","floor":18.0,"turns":7.0},{"damage":10,"enemies":"Spheric Guardian","floor":19,"turns":6},{"damage":9,"enemies":"Centurion and Healer","floor":20,"turns":16},{"damage":53,"enemies":"Gremlin Leader","floor":23,"turns":10}],"seed_played":"7531895695481592313","potions_obtained":[{"floor":1.0,"key":"Energy Potion"},{"floor":7.0,"key":"SteroidPotion"},{"floor":12.0,"key":"Weak Potion"},{"floor":12.0,"key":"SkillPotion"},{"floor":20,"key":"SteroidPotion"}],"is_trial":false,"path_per_floor":["M","?","?","$","?","?","E","R","T","M","$","?","M","?","R","B",null,"M","M","M","?","?"],"character_chosen":"DEFECT","items_purchased":["Cold Snap","Genetic Algorithm","Capacitor+1","Double Energy"],"campfire_rested":0,"item_purchase_floors":[4,4,11,11],"current_hp_per_floor":[65,70,70,70,70,58,43,43,43,42,42,42,42,42,42,29,80,72,62,53,53,37,0],"gold":235,"neow_bonus":"ONE_RARE_RELIC","is_prod":false,"is_daily":false,"chose_seed":false,"campfire_upgraded":2,"win_rate":0,"timestamp":1539649145,"path_taken":["M","?","?","$","?","?","E","R","T","?","$","?","M","?","R","BOSS","M","M","M","?","?","E"],"build_version":"2018-10-11","purchased_purges":2,"victory":false,"max_hp_per_floor":[75,80,80,80,80,80,80,80,80,80,80,80,80,80,80,80,80,80,80,80,80,80,80],"card_choices":[{"not_picked":["Steam","Streamline"],"picked":"Compile Driver","floor":1.0},{"not_picked":["Go for the Eyes","Leap"],"picked":"Fusion","floor":7.0},{"not_picked":["Sweeping Beam","Go for the Eyes"],"picked":"Conserve Battery","floor":10.0},{"not_picked":["Streamline","Sweeping Beam"],"picked":"Cold Snap","floor":13.0},{"not_picked":["Thunder Strike","All For One"],"picked":"Seek","floor":16.0},{"not_picked":["Tempest+1","Rebound"],"picked":"Double Energy+1","floor":18.0},{"not_picked":["Compile Driver","Go for the Eyes"],"picked":"Auto Shields","floor":19},{"not_picked":["Stack+1","Conserve Battery"],"picked":"Gash","floor":20}],"player_experience":71539,"relics_obtained":[{"floor":7.0,"key":"Du-Vu Doll"},{"floor":9.0,"key":"Torii"},{"floor":22,"key":"Nilry\u0027s Codex"}],"event_choices":[{"event_name":"Big Fish","player_choice":"Donut","floor":2.0,"damage_taken":0.0},{"event_name":"Purifier","player_choice":"One Purge","floor":3.0,"damage_taken":0.0},{"event_name":"Liars Game","player_choice":"disagreed","floor":5.0,"damage_taken":0.0},{"event_name":"Scrap Ooze","player_choice":"success","floor":6.0,"damage_taken":12.0},{"event_name":"The Lab","player_choice":"Got Potions","floor":12.0,"damage_taken":0.0},{"event_name":"Bonfire Elementals","player_choice":"BASIC","floor":14.0,"damage_taken":0.0},{"event_name":"Vampires","player_choice":"Ignored","floor":21,"damage_taken":0},{"event_name":"Cursed Tome","player_choice":"Obtained Book","floor":22,"damage_taken":0}],"is_beta":false,"boss_relics":[{"not_picked":["Tiny House","Snecko Eye"],"picked":"Nuclear Battery"}],"items_purged_floors":[4,11],"is_endless":false,"potions_floor_spawned":[1,7,20],"killed_by":"Gremlin Leader","ascension_level":1}