{"gold_per_floor":[214,214,233,154,154,154,183,183,207,218,218,229,247,273,273,347,347,318,329,339,339,356,388,388,407,407,407],"floor_reached":27,"playtime":1326,"items_purged":[],"score":478,"play_id":"a7c1b91d-3ca1-43ad-8068-ddc82324fe86","local_time":"20181205224036","is_ascension_mode":true,"campfire_choices":[{"data":"Clothesline","floor":6,"key":"SMITH"},{"data":"Rampage","floor":8,"key":"SMITH"},{"data":"True Grit","floor":11,"key":"SMITH"},{"data":"Bash","floor":15,"key":"SMITH"},{"data":"RitualDagger","floor":24,"key":"SMITH"}],"neow_cost":"NONE","seed_source_timestamp":1915739327574537,"circlet_count":0,"master_deck":["AscendersBane","Strike_R","Strike_R","Strike_R","Strike_R","Strike_R","Defend_R","Defend_R","Defend_R","Defend_R","Bash+1","Corruption","Clothesline+1","Feel No Pain","Rampage+1","True Grit+1","Ghostly Armor","Impervious","Clothesline","Headbutt","RitualDagger+1","Offering","Shockwave"],"relics":["Burning Blood","Gremlin Horn","Pear","Snecko Eye","The Courier","Bird Faced Urn"],"potions_floor_usage":[7,16,23,27],"damage_taken":[{"damage":4,"enemies":"Jaw Worm","floor":1,"turns":4},{"damage":12,"enemies":"Cultist","floor":3,"turns":4},{"damage":18,"enemies":"Lagavulin","floor":7,"turns":9},{"damage":3,"enemies":"Small Slimes","floor":10,"turns":3},{"damage":8,"enemies":"Exordium Wildlife","floor":12,"turns":5},{"damage":4,"enemies":"Blue Slaver","floor":13,"turns":6},{"damage":5,"enemies":"3 Sentries","floor":14,"turns":14},{"damage":10,"enemies":"The Guardian","floor":16,"turns":11},{"damage":17,"enemies":"2 Thieves","floor":18,"turns":4},{"damage":0,"enemies":"Chosen","floor":19,"turns":5},{"damage":0,"enemies":"3 Cultists","floor":20,"turns":5},{"damage":10,"enemies":"Snecko","floor":22,"turns":5},{"damage":16,"enemies":"Gremlin Leader","floor":23,"turns":6},{"damage":18,"enemies":"Sentry and Sphere","floor":25,"turns":6},{"damage":50,"enemies":"Slavers","floor":27,"turns":7}],"seed_played":"-565112651150135299","potions_obtained":[{"floor":3,"key":"SkillPotion"},{"floor":12,"key":"AttackPotion"},{"floor":18,"key":"Strength Potion"},{"floor":20,"key":"Dexterity Potion"},{"floor":22,"key":"Block Potion"}],"is_trial":false,"path_per_floor":["M","?","M","$","$","R","E","R","T","M","R","M","M","E","R","B",null,"M","M","M","?","M","E","R","M","T","E"],"character_chosen":"IRONCLAD","items_purchased":["Feel No Pain"],"campfire_rested":0,"item_purchase_floors":[4],"current_hp_per_floor":[70,70,64,64,64,64,52,52,52,55,55,53,55,66,66,62,79,68,74,80,74,70,60,60,48,48,2],"gold":407,"neow_bonus":"HUNDRED_GOLD","is_prod":false,"is_daily":false,"chose_seed":false,"campfire_upgraded":5,"win_rate":0,"timestamp":1544074836,"path_taken":["M","?","M","?","$","R","E","R","T","M","R","M","M","E","R","BOSS","M","M","M","?","M","E","R","M","T","E"],"build_version":"2018-12-05","purchased_purges":0,"victory":false,"max_hp_per_floor":[75,75,75,75,75,75,75,75,75,75,75,75,75,85,85,85,85,85,85,85,85,85,85,85,85,85,85],"card_choices":[{"not_picked":["Sword Boomerang","Rampage"],"picked":"Corruption","floor":1},{"not_picked":["Perfected Strike","Cleave"],"picked":"Clothesline","floor":3},{"not_picked":["Pommel Strike","Headbutt"],"picked":"Rampage","floor":7},{"not_picked":["Infernal Blade","Heavy Blade"],"picked":"True Grit","floor":10},{"not_picked":["Rampage","Perfected Strike"],"picked":"Ghostly Armor","floor":12},{"not_picked":["Heavy Blade","Sword Boomerang","Hemokinesis"],"picked":"SKIP","floor":13},{"not_picked":["Cleave","Wild Strike","Heavy Blade"],"picked":"SKIP","floor":14},{"not_picked":["Immolate","Berserk"],"picked":"Impervious","floor":16},{"not_picked":["Rupture","Second Wind","Entrench"],"picked":"SKIP","floor":18},{"not_picked":["Wild Strike+1","Warcry"],"picked":"Clothesline","floor":19},{"not_picked":["Shockwave","Blood for Blood"],"picked":"Headbutt","floor":20},{"not_picked":["Feel No Pain","Heavy Blade"],"picked":"Offering","floor":22},{"not_picked":["Anger","Flex","Rage+1"],"picked":"SKIP","floor":23},{"not_picked":["Clothesline","Flex"],"picked":"Shockwave","floor":25}],"player_experience":1173155,"relics_obtained":[{"floor":7,"key":"Gremlin Horn"},{"floor":14,"key":"Pear"},{"floor":23,"key":"The Courier"},{"floor":26,"key":"Bird Faced Urn"}],"event_choices":[{"damage_healed":0,"gold_gain":0,"player_choice":"Leave","damage_taken":0,"max_hp_gain":0,"max_hp_loss":0,"event_name":"The Cleric","floor":2,"gold_loss":0},{"damage_healed":0,"gold_gain":0,"player_choice":"Joined the Cult","damage_taken":6,"max_hp_gain":0,"max_hp_loss":0,"event_name":"Nest","floor":21,"gold_loss":0,"cards_obtained":["RitualDagger"]}],"is_beta":true,"boss_relics":[{"not_picked":["Sozu","Runic Pyramid"],"picked":"Snecko Eye"}],"items_purged_floors":[],"is_endless":false,"potions_floor_spawned":[3,12,18,20,22],"killed_by":"Slavers","ascension_level":19}