{"gold_per_floor":[110,120,140,156,17,52,52,111,137,137,165,177,177,202,202,298,298,308,13,24,24,24,57,69,69],"floor_reached":25,"playtime":1612,"items_purged":[],"score":241,"play_id":"7d50d488-fd4e-4402-a763-cee19ed52e8b","local_time":"20190216205732","is_ascension_mode":false,"campfire_choices":[{"data":"Self Repair","floor":7,"key":"SMITH"},{"data":"Static Discharge","floor":15,"key":"SMITH"}],"neow_cost":"NONE","seed_source_timestamp":22799037535200,"circlet_count":0,"master_deck":["Strike_B","Strike_B","Strike_B","Strike_B","Defend_B","Defend_B","Defend_B","Defend_B","Zap","Dualcast","Conserve Battery","Conserve Battery","Fusion","Static Discharge+1","Self Repair+1","Melter","Redo","Self Repair","Hologram","Sunder","Amplify","Leap","Hologram+1","Buffer"],"relics":["Cracked Core","Pear","Tiny Chest","Centennial Puzzle","Oddly Smooth Stone","Matryoshka","Bag of Preparation","Lantern","White Beast Statue","Boot","Blood Vial","Nloth\u0027s Gift","Toxic Egg 2"],"potions_floor_usage":[6,8,11,20,23,24,25],"damage_taken":[{"damage":0,"enemies":"Jaw Worm","floor":1,"turns":1},{"damage":0,"enemies":"Small Slimes","floor":2,"turns":1},{"damage":0,"enemies":"Cultist","floor":3,"turns":1},{"damage":5,"enemies":"3 Louse","floor":4,"turns":4},{"damage":15,"enemies":"3 Sentries","floor":6,"turns":6},{"damage":28,"enemies":"Lagavulin","floor":8,"turns":6},{"damage":24,"enemies":"Gremlin Nob","floor":11,"turns":4},{"damage":15,"enemies":"Large Slime","floor":12,"turns":7},{"damage":36,"enemies":"The Guardian","floor":16,"turns":10},{"damage":40,"enemies":"2 Thieves","floor":18,"turns":4},{"damage":25,"enemies":"3 Byrds","floor":20,"turns":3},{"damage":16,"enemies":"Gremlin Leader","floor":23,"turns":6},{"damage":63,"enemies":"3 Cultists","floor":24,"turns":5},{"damage":24,"enemies":"Snecko","floor":25,"turns":5}],"seed_played":"4614121480656805584","potions_obtained":[{"floor":3,"key":"Fire Potion"},{"floor":6,"key":"PowerPotion"},{"floor":8,"key":"Fire Potion"},{"floor":18,"key":"AttackPotion"},{"floor":20,"key":"AttackPotion"},{"floor":23,"key":"Weak Potion"},{"floor":24,"key":"Explosive Potion"}],"is_trial":false,"path_per_floor":["M","M","M","M","$","E","R","E","T","?","E","M","T","T","R","B",null,"M","$","M","$","?","E","M","M"],"character_chosen":"DEFECT","items_purchased":["Self Repair","Melter","Boot","Blood Vial"],"campfire_rested":0,"item_purchase_floors":[5,5,19,19],"current_hp_per_floor":[75,75,75,70,70,72,72,64,64,64,57,59,59,59,59,40,85,65,65,59,59,59,62,18,0],"gold":69,"neow_bonus":"THREE_ENEMY_KILL","is_prod":false,"is_daily":false,"chose_seed":false,"campfire_upgraded":2,"win_rate":0.0,"timestamp":1550379452,"path_taken":["M","M","M","M","$","E","R","E","T","?","E","M","?","?","R","BOSS","M","$","M","$","?","E","?","M"],"build_version":"2019-01-23","purchased_purges":0,"victory":false,"max_hp_per_floor":[75,75,75,75,75,85,85,85,85,85,85,85,85,85,85,85,85,85,85,85,85,85,85,85,85],"card_choices":[{"not_picked":["Chaos","Coolheaded"],"picked":"Conserve Battery","floor":1},{"not_picked":["Gash","Steam Power"],"picked":"Conserve Battery","floor":2},{"not_picked":["Steam","Turbo"],"picked":"Fusion","floor":3},{"not_picked":["Coolheaded","Turbo"],"picked":"Static Discharge","floor":4},{"not_picked":["Stack","Cold Snap"],"picked":"Redo","floor":6},{"not_picked":["Static Discharge","Glacier"],"picked":"Self Repair","floor":8},{"not_picked":["Steam","Rip and Tear"],"picked":"Hologram","floor":11},{"not_picked":["Redo","Steam Power"],"picked":"Sunder","floor":12},{"not_picked":["Biased Cognition","Buffer"],"picked":"Amplify","floor":16},{"not_picked":["Streamline","Turbo+1"],"picked":"Leap","floor":18},{"not_picked":["Redo","Ball Lightning"],"picked":"Hologram+1","floor":20},{"not_picked":["Barrage","Leap","Sweeping Beam"],"picked":"SKIP","floor":23},{"not_picked":["Defragment","Steam Power+1"],"picked":"Buffer","floor":24}],"player_experience":145256,"relics_obtained":[{"floor":6,"key":"Pear"},{"floor":8,"key":"Tiny Chest"},{"floor":9,"key":"Centennial Puzzle"},{"floor":11,"key":"Oddly Smooth Stone"},{"floor":13,"key":"Matryoshka"},{"floor":14,"key":"Bag of Preparation"},{"floor":14,"key":"Lantern"},{"floor":23,"key":"Toxic Egg 2"}],"event_choices":[{"damage_healed":0,"gold_gain":0,"player_choice":"Ignored","damage_taken":0,"max_hp_gain":0,"max_hp_loss":0,"event_name":"Shining Light","floor":10,"gold_loss":0},{"damage_healed":0,"gold_gain":0,"player_choice":"Traded Relic","damage_taken":0,"relics_obtained":["Nloth\u0027s Gift"],"max_hp_gain":0,"max_hp_loss":0,"event_name":"N\u0027loth","floor":22,"relics_lost":["NeowsBlessing"],"gold_loss":0}],"is_beta":false,"boss_relics":[{"not_picked":["Runic Dome","Orrery"],"picked":"White Beast Statue"}],"items_purged_floors":[],"is_endless":false,"potions_floor_spawned":[3,6,8,18,20,23,24],"killed_by":"Snecko","ascension_level":0}