{"gold_per_floor":[109,34,34,46,58,84,96,138,177,224,236,280,86,36,36,135,135,150,150,50,61,80,105,105,134,160,186,202,28,28,40,40,140,140,154,201,212,144,0,32,32,61,87,118,132,132,132,148,148,148],"floor_reached":51,"playtime":3115,"items_purged":["Beam Cell","All For One","Hologram"],"score":1143,"play_id":"de8aa6ed-724d-4182-9f1e-4cca08e70446","local_time":"20190203203225","is_ascension_mode":true,"campfire_choices":[{"data":"Tempest","floor":7,"key":"SMITH"},{"floor":11,"key":"REST"},{"data":"Double Energy","floor":15,"key":"SMITH"},{"data":"Tempest","floor":24,"key":"SMITH"},{"floor":32,"key":"REST"},{"data":"Seek","floor":41,"key":"SMITH"},{"data":"Double Energy","floor":47,"key":"SMITH"},{"data":"Turbo","floor":49,"key":"SMITH"}],"neow_cost":"NONE","seed_source_timestamp":970792998142928,"circlet_count":0,"master_deck":["Zap","Tempest+1","Tempest+1","FTL","Double Energy+1","Steam","Double Energy+1","Coolheaded","Consume","Steam Power","Skim","Reinforced Body","BootSequence","Thunder Strike","Steam+1","Steam+1","Electrodynamics","Turbo+1","Turbo+1","Seek+1","Steam Power"],"relics":["Pandora\u0027s Box","MawBank","Orichalcum","Centennial Puzzle","Happy Flower","Juzu Bracelet","Strange Spoon","Inserter","Oddly Smooth Stone","Bag of Preparation","DataDisk","Nunchaku","Busted Crown","Pocketwatch","Red Mask","Lantern","Vajra","Pen Nib","Anchor"],"potions_floor_usage":[6,12,16,22,23,23,23,25,27,42,50,50],"damage_taken":[{"damage":0,"enemies":"Cultist","floor":1,"turns":2},{"damage":12,"enemies":"Jaw Worm","floor":4,"turns":2},{"damage":0,"enemies":"Small Slimes","floor":5,"turns":2},{"damage":19,"enemies":"Lagavulin","floor":6,"turns":4},{"damage":14,"enemies":"Gremlin Nob","floor":8,"turns":3},{"damage":27,"enemies":"Lagavulin","floor":10,"turns":4},{"damage":5,"enemies":"3 Sentries","floor":12,"turns":5},{"damage":0,"enemies":"Slime Boss","floor":16,"turns":4},{"damage":10,"enemies":"Shell Parasite","floor":18,"turns":5},{"damage":0,"enemies":"Chosen","floor":21,"turns":2},{"damage":2,"enemies":"Snecko","floor":22,"turns":3},{"damage":19,"enemies":"Book of Stabbing","floor":23,"turns":4},{"damage":3,"enemies":"Slavers","floor":25,"turns":4},{"damage":8,"enemies":"Gremlin Leader","floor":27,"turns":4},{"damage":0,"enemies":"Centurion and Healer","floor":28,"turns":1},{"damage":0,"enemies":"Cultist and Chosen","floor":31,"turns":3},{"damage":1,"enemies":"Automaton","floor":33,"turns":4},{"damage":0,"enemies":"3 Shapes","floor":35,"turns":1},{"damage":0,"enemies":"2 Orb Walkers","floor":36,"turns":2},{"damage":0,"enemies":"3 Darklings","floor":37,"turns":2},{"damage":0,"enemies":"Reptomancer","floor":40,"turns":2},{"damage":7,"enemies":"Nemesis","floor":42,"turns":3},{"damage":9,"enemies":"Reptomancer","floor":44,"turns":5},{"damage":0,"enemies":"4 Shapes","floor":45,"turns":1},{"damage":0,"enemies":"Maw","floor":48,"turns":1},{"damage":0,"enemies":"Time Eater","floor":50,"turns":1}],"seed_played":"-1890387891397874874","potions_obtained":[{"floor":5,"key":"Poison Potion"},{"floor":10,"key":"Explosive Potion"},{"floor":12,"key":"Poison Potion"},{"floor":16,"key":"Poison Potion"},{"floor":19,"key":"SteroidPotion"},{"floor":19,"key":"SteroidPotion"},{"floor":19,"key":"AttackPotion"},{"floor":22,"key":"Fruit Juice"},{"floor":23,"key":"AttackPotion"},{"floor":25,"key":"SkillPotion"},{"floor":28,"key":"FearPotion"},{"floor":37,"key":"Regen Potion"},{"floor":44,"key":"Dexterity Potion"},{"floor":45,"key":"SkillPotion"}],"is_trial":false,"path_per_floor":["M","$","$","M","M","E","R","E","T","E","R","E","$","?","R","B",null,"M","?","$","M","M","E","R","E","T","E","M","$","?","M","R","B",null,"M","?","M","$","?","E","R","E","T","E","M","?","R","M","R","B",null],"character_chosen":"DEFECT","items_purchased":["Strange Spoon","Turbo","Steam Power"],"campfire_rested":2,"item_purchase_floors":[13,29,38],"current_hp_per_floor":[75,75,75,63,63,44,44,30,30,3,25,20,20,20,20,20,61,51,51,51,51,49,35,35,32,32,24,24,24,24,24,48,47,72,72,72,72,72,72,72,72,73,73,64,64,64,64,64,64,64],"gold":148,"neow_bonus":"BOSS_RELIC","is_prod":false,"is_daily":false,"chose_seed":false,"campfire_upgraded":6,"win_rate":0,"timestamp":1549222345,"path_taken":["M","?","$","M","M","E","R","E","T","E","R","E","$","?","R","BOSS","M","?","$","M","M","E","R","E","T","E","M","$","?","M","R","BOSS","M","?","M","$","?","E","R","E","T","E","M","?","R","M","R","BOSS"],"build_version":"2019-01-23","purchased_purges":3,"victory":true,"max_hp_per_floor":[75,75,75,75,75,75,75,75,75,75,75,75,75,75,75,75,75,75,75,75,75,75,80,80,80,80,80,80,80,80,80,80,80,80,80,80,80,80,80,80,80,80,80,80,80,80,80,80,80,80],"card_choices":[{"not_picked":["Turbo","Rip and Tear"],"picked":"Coolheaded","floor":1},{"not_picked":["Ball Lightning","Chaos"],"picked":"Consume","floor":4},{"not_picked":["Fusion","Compile Driver","Sweeping Beam"],"picked":"SKIP","floor":5},{"not_picked":["Cold Snap","Fusion"],"picked":"Steam Power","floor":6},{"not_picked":["Self Repair","Beam Cell"],"picked":"Skim","floor":8},{"not_picked":["Ball Lightning","Heatsinks"],"picked":"Reinforced Body","floor":10},{"not_picked":["Streamline","Double Energy"],"picked":"BootSequence","floor":12},{"not_picked":["Machine Learning","Meteor Strike"],"picked":"Thunder Strike","floor":16},{"not_picked":["Barrage","Go for the Eyes"],"picked":"Steam+1","floor":18},{"not_picked":["Darkness+1","Coolheaded"],"picked":"Hologram","floor":21},{"not_picked":["Redo+1","BootSequence"],"picked":"Steam+1","floor":22},{"not_picked":["Reprogram","Go for the Eyes"],"picked":"Steam","floor":23},{"not_picked":["Go for the Eyes","Consume"],"picked":"Electrodynamics","floor":25},{"not_picked":["Storm","Streamline"],"picked":"Turbo+1","floor":27},{"not_picked":["Recycle+1","Leap","Coolheaded"],"picked":"SKIP","floor":28},{"not_picked":["Cold Snap","Auto Shields","Rebound"],"picked":"SKIP","floor":31},{"not_picked":["Hyperbeam","Core Surge"],"picked":"Seek","floor":33},{"not_picked":["Coolheaded"],"picked":"SKIP","floor":35},{"not_picked":["Beam Cell+1"],"picked":"SKIP","floor":37},{"not_picked":["Ball Lightning+1"],"picked":"SKIP","floor":40},{"not_picked":["Glacier"],"picked":"SKIP","floor":42},{"not_picked":["Scrape"],"picked":"SKIP","floor":44},{"not_picked":["Force Field+1"],"picked":"SKIP","floor":45},{"not_picked":["Heatsinks+1"],"picked":"SKIP","floor":48}],"player_experience":143244,"relics_obtained":[{"floor":6,"key":"MawBank"},{"floor":8,"key":"Orichalcum"},{"floor":9,"key":"Centennial Puzzle"},{"floor":10,"key":"Happy Flower"},{"floor":12,"key":"Juzu Bracelet"},{"floor":23,"key":"Oddly Smooth Stone"},{"floor":25,"key":"Bag of Preparation"},{"floor":26,"key":"DataDisk"},{"floor":27,"key":"Nunchaku"},{"floor":36,"key":"Pocketwatch"},{"floor":40,"key":"Lantern"},{"floor":42,"key":"Vajra"},{"floor":43,"key":"Pen Nib"},{"floor":44,"key":"Anchor"}],"event_choices":[{"cards_removed":["Dualcast"],"damage_healed":0,"gold_gain":0,"player_choice":"Card Removal","damage_taken":0,"max_hp_gain":0,"max_hp_loss":0,"event_name":"The Cleric","floor":14,"gold_loss":50},{"damage_healed":0,"gold_gain":0,"player_choice":"Got Potions","damage_taken":0,"max_hp_gain":0,"max_hp_loss":0,"event_name":"Lab","floor":19,"gold_loss":0},{"damage_healed":0,"gold_gain":0,"player_choice":"Ignored","damage_taken":0,"max_hp_gain":0,"max_hp_loss":0,"event_name":"N\u0027loth","floor":30,"gold_loss":0},{"damage_healed":0,"gold_gain":0,"player_choice":"Fight","damage_taken":0,"max_hp_gain":0,"max_hp_loss":0,"event_name":"Mysterious Sphere","floor":36,"gold_loss":0},{"damage_healed":0,"gold_gain":0,"player_choice":"Paid","damage_taken":0,"relics_obtained":["Red Mask"],"max_hp_gain":0,"max_hp_loss":0,"event_name":"Tomb of Lord Red Mask","floor":39,"gold_loss":144},{"cards_removed":["Steam"],"damage_healed":0,"gold_gain":0,"player_choice":"Removed Skill","damage_taken":0,"max_hp_gain":0,"max_hp_loss":0,"event_name":"Falling","floor":46,"gold_loss":0}],"is_beta":false,"boss_relics":[{"not_picked":["Nuclear Battery","Tiny House"],"picked":"Inserter"},{"not_picked":["Black Star","Orrery"],"picked":"Busted Crown"}],"items_purged_floors":[2,20,29],"is_endless":false,"potions_floor_spawned":[5,10,12,16,22,23,25,28,37,44,45],"ascension_level":5}