{"gold_per_floor":[14,14,26,44,55,55,67,67,67,67,97,97,97,18,18,18],"floor_reached":16,"playtime":662,"items_purged":[],"score":185,"play_id":"ac82ee45-5d65-4124-982c-632a11978e93","local_time":"20181201143755","is_ascension_mode":true,"campfire_choices":[{"data":"Neutralize","floor":6,"key":"SMITH"},{"floor":8,"key":"REST"},{"data":"Cloak And Dagger","floor":10,"key":"SMITH"},{"floor":13,"key":"REST"},{"data":"Leg Sweep","floor":15,"key":"SMITH"}],"neow_cost":"NO_GOLD","seed_source_timestamp":1541842463294358,"circlet_count":0,"master_deck":["AscendersBane","Defend_G","Defend_G","Defend_G","Defend_G","Defend_G","Strike_G","Strike_G","Strike_G","Strike_G+1","Survivor+1","Neutralize+1","Quick Slash","Cloak And Dagger+1","Cloak And Dagger","PiercingWail","Slice","Leg Sweep+1"],"relics":["Ring of the Snake","Calipers","Matryoshka","Pear"],"potions_floor_usage":[7,16],"damage_taken":[{"damage":0,"enemies":"Jaw Worm","floor":1,"turns":5},{"damage":0,"enemies":"Small Slimes","floor":3,"turns":3},{"damage":0,"enemies":"Cultist","floor":4,"turns":4},{"damage":20,"enemies":"Exordium Thugs","floor":5,"turns":7},{"damage":19,"enemies":"2 Fungi Beasts","floor":7,"turns":4},{"damage":15,"enemies":"3 Sentries","floor":11,"turns":10},{"damage":33,"enemies":"The Guardian","floor":16,"turns":15}],"seed_played":"6654175451025062420","potions_obtained":[{"floor":5,"key":"LiquidBronze"},{"floor":11,"key":"Regen Potion"}],"is_trial":false,"path_per_floor":["M","?","M","M","M","R","M","R","T","R","E","?","R","$","R","B"],"character_chosen":"THE_SILENT","items_purchased":["Leg Sweep"],"campfire_rested":2,"item_purchase_floors":[14],"current_hp_per_floor":[59,52,52,52,32,32,13,32,32,32,27,4,26,26,26,8],"gold":18,"neow_bonus":"ONE_RARE_RELIC","is_prod":false,"is_daily":false,"chose_seed":false,"campfire_upgraded":3,"win_rate":0,"timestamp":1543700275,"path_taken":["M","?","M","M","M","R","M","R","T","R","E","?","R","?","R","BOSS"],"build_version":"2018-11-15","purchased_purges":0,"victory":false,"max_hp_per_floor":[66,66,66,66,66,66,66,66,66,66,76,76,76,76,76,76],"card_choices":[{"not_picked":["Backflip","Bane"],"picked":"Quick Slash","floor":1},{"not_picked":["Poisoned Stab","Dagger Throw"],"picked":"Cloak And Dagger","floor":3},{"not_picked":["Prepared","Blade Dance"],"picked":"Cloak And Dagger","floor":4},{"not_picked":["Dagger Throw","Prepared"],"picked":"PiercingWail","floor":5},{"not_picked":["Outmaneuver","Prepared"],"picked":"Slice","floor":7},{"not_picked":["Setup","Outmaneuver","Tactician"],"picked":"SKIP","floor":11}],"player_experience":1140081,"relics_obtained":[{"floor":9,"key":"Matryoshka"},{"floor":11,"key":"Pear"}],"event_choices":[{"cards_removed":["Strike_G"],"damage_healed":0,"gold_gain":0,"player_choice":"Card Removal","damage_taken":7,"max_hp_gain":0,"max_hp_loss":0,"event_name":"Golden Wing","floor":2,"gold_loss":0},{"damage_healed":0,"gold_gain":0,"player_choice":"Entered Light","damage_taken":23,"max_hp_gain":0,"max_hp_loss":0,"event_name":"Shining Light","floor":12,"gold_loss":0,"cards_upgraded":["Strike_G","Survivor"]}],"is_beta":true,"boss_relics":[],"items_purged_floors":[],"is_endless":false,"potions_floor_spawned":[5,11],"killed_by":"The Guardian","ascension_level":17}