{"gold_per_floor":[117,117,117,6,6,37,112,123,123,152,152,168,168,196,208,299,311,299,325,12,12,25,25,25,25,25,38,38,48,75,75,75,75],"floor_reached":33,"playtime":978,"items_purged":["Strike_R"],"score":719,"play_id":"ea3c7def-a4a1-446f-af78-fc8ea0860375","local_time":"20190113144805","is_ascension_mode":true,"campfire_choices":[{"data":"Flex","floor":11,"key":"SMITH"},{"data":"Bash","floor":13,"key":"SMITH"},{"data":"Shrug It Off","floor":15,"key":"SMITH"},{"floor":23,"key":"REST"},{"floor":25,"key":"REST"},{"floor":28,"key":"REST"},{"floor":32,"key":"REST"}],"neow_cost":"NONE","seed_source_timestamp":334199052682484,"circlet_count":0,"master_deck":["AscendersBane","Defend_R","Defend_R","Defend_R","Bash+1","Whirlwind+1","Shrug It Off+1","Flex+1","Shrug It Off","Twin Strike","Corruption","Headbutt","Demon Form","Ghostly Armor","Bite","Bite","Bite","Bite","Bite","Clothesline","Impervious+1"],"relics":["Burning Blood","NeowsBlessing","Gambling Chip","Pantograph","PreservedInsect","MawBank","Fusion Hammer","Pen Nib","Toxic Egg 2","Mango"],"potions_floor_usage":[10,10,33],"damage_taken":[{"damage":0,"enemies":"Small Slimes","floor":1,"turns":1},{"damage":0,"enemies":"Lagavulin","floor":6,"turns":2},{"damage":0,"enemies":"Jaw Worm","floor":8,"turns":1},{"damage":31,"enemies":"Gremlin Nob","floor":10,"turns":4},{"damage":0,"enemies":"2 Louse","floor":12,"turns":2},{"damage":0,"enemies":"3 Sentries","floor":14,"turns":1},{"damage":40,"enemies":"The Guardian","floor":16,"turns":13},{"damage":26,"enemies":"2 Thieves","floor":18,"turns":4},{"damage":13,"enemies":"Spheric Guardian","floor":19,"turns":5},{"damage":24,"enemies":"3 Cultists","floor":22,"turns":4},{"damage":18,"enemies":"Chosen and Byrds","floor":27,"turns":5},{"damage":19,"enemies":"Snake Plant","floor":29,"turns":4},{"damage":0,"enemies":"Slavers","floor":30,"turns":1},{"damage":59,"enemies":"Collector","floor":33,"turns":9}],"seed_played":"-6324684869215572781","potions_obtained":[{"floor":1,"key":"PowerPotion"},{"floor":16,"key":"LiquidBronze"},{"floor":18,"key":"GamblersBrew"},{"floor":27,"key":"Dexterity Potion"}],"is_trial":false,"path_per_floor":["M","?","?","$","?","E","?","M","T","E","R","M","R","E","R","B",null,"M","M","$","?","M","R","$","R","T","M","R","M","E","?","R","B"],"character_chosen":"IRONCLAD","items_purchased":["Shrug It Off","AttackPotion","Pen Nib","Ghostly Armor"],"campfire_rested":4,"item_purchase_floors":[4,4,20,20],"current_hp_per_floor":[74,67,67,67,67,73,62,68,68,43,43,49,49,55,55,41,67,47,40,40,40,26,41,41,52,52,42,52,43,63,63,66,21],"gold":75,"neow_bonus":"THREE_ENEMY_KILL","is_prod":false,"is_daily":false,"chose_seed":false,"campfire_upgraded":3,"win_rate":0,"timestamp":1547416085,"path_taken":["M","?","?","$","?","E","?","?","T","E","R","M","R","E","R","BOSS","M","M","$","?","M","R","$","R","T","M","R","M","E","?","R","BOSS"],"build_version":"2019-01-10","purchased_purges":1,"victory":false,"max_hp_per_floor":[75,75,75,75,75,75,75,75,75,75,75,75,75,75,75,75,75,75,75,75,52,52,52,52,52,52,52,52,52,66,66,66,66],"card_choices":[{"not_picked":["Armaments","Flex"],"picked":"Whirlwind","floor":1},{"not_picked":["Wild Strike","Bloodletting"],"picked":"Flex","floor":6},{"not_picked":["Rupture","Pummel"],"picked":"Shrug It Off","floor":8},{"not_picked":["Dropkick","Iron Wave"],"picked":"Twin Strike","floor":10},{"not_picked":["Perfected Strike","Shrug It Off"],"picked":"Corruption","floor":12},{"not_picked":["Heavy Blade","Rampage"],"picked":"Headbutt","floor":14},{"not_picked":["Feed","Exhume"],"picked":"Demon Form","floor":16},{"not_picked":["True Grit","Searing Blow","Thunderclap"],"picked":"SKIP","floor":18},{"not_picked":["Heavy Blade","Power Through","Flex"],"picked":"SKIP","floor":19},{"not_picked":["Blood for Blood","Sever Soul","Perfected Strike"],"picked":"SKIP","floor":22},{"not_picked":["Twin Strike","Clash","Uppercut"],"picked":"SKIP","floor":27},{"not_picked":["Heavy Blade","Combust"],"picked":"Clothesline","floor":29},{"not_picked":["Feel No Pain","Body Slam"],"picked":"Impervious+1","floor":30}],"player_experience":1201495,"relics_obtained":[{"floor":6,"key":"Gambling Chip"},{"floor":9,"key":"Pantograph"},{"floor":10,"key":"PreservedInsect"},{"floor":14,"key":"MawBank"},{"floor":26,"key":"Toxic Egg 2"},{"floor":30,"key":"Mango"}],"event_choices":[{"cards_removed":["Strike_R"],"damage_healed":0,"gold_gain":0,"player_choice":"Card Removal","damage_taken":7,"max_hp_gain":0,"max_hp_loss":0,"event_name":"Golden Wing","floor":2,"gold_loss":0},{"damage_healed":0,"gold_gain":0,"player_choice":"Leave","damage_taken":0,"max_hp_gain":0,"max_hp_loss":0,"event_name":"The Cleric","floor":3,"gold_loss":0},{"damage_healed":0,"gold_gain":0,"player_choice":"Grow","damage_taken":0,"max_hp_gain":0,"max_hp_loss":0,"event_name":"Living Wall","floor":5,"gold_loss":0,"cards_upgraded":["Whirlwind"]},{"damage_healed":0,"gold_gain":75,"player_choice":"Gather Gold","damage_taken":11,"max_hp_gain":0,"max_hp_loss":0,"event_name":"World of Goop","floor":7,"gold_loss":0},{"damage_healed":0,"gold_gain":0,"player_choice":"Became a vampire","damage_taken":0,"max_hp_gain":0,"max_hp_loss":23,"event_name":"Vampires","floor":21,"gold_loss":0,"cards_obtained":["Bite","Bite","Bite","Bite","Bite"]},{"cards_removed":["Defend_R"],"damage_healed":0,"gold_gain":0,"player_choice":"Elegance","damage_taken":0,"max_hp_gain":0,"max_hp_loss":0,"event_name":"Back to Basics","floor":31,"gold_loss":0}],"is_beta":true,"boss_relics":[{"not_picked":["Lizard Tail","Pandora\u0027s Box"],"picked":"Fusion Hammer"}],"items_purged_floors":[20],"is_endless":false,"potions_floor_spawned":[1,8,16,18,27,30],"killed_by":"Collector","ascension_level":19}