{"gold_per_floor":[110,110,135,76,76,114,114,130,130,198,219,219,199,215,215,215],"floor_reached":16,"playtime":549,"items_purged":[],"score":220,"play_id":"a13073ea-c40a-44d4-b4cf-8e1013a149f6","local_time":"20190117185417","is_ascension_mode":true,"campfire_choices":[{"floor":7,"key":"REST"},{"floor":12,"key":"REST"},{"data":"Hologram","floor":15,"key":"SMITH"}],"neow_cost":"NONE","seed_source_timestamp":694999856464188,"circlet_count":0,"master_deck":["AscendersBane","Strike_B","Strike_B","Strike_B","Strike_B","Defend_B","Defend_B","Defend_B","Defend_B","Zap","Dualcast","Conserve Battery","Go for the Eyes","Leap","Gash","Auto Shields","Hologram+1","Defragment"],"relics":["Cracked Core","Golden Idol","Thread and Needle","Ornamental Fan","Tiny Chest"],"potions_floor_usage":[14,16,16],"damage_taken":[{"damage":11,"enemies":"2 Louse","floor":1,"turns":3},{"damage":7,"enemies":"Small Slimes","floor":3,"turns":3},{"damage":65,"enemies":"Gremlin Nob","floor":6,"turns":5},{"damage":0,"enemies":"Cultist","floor":8,"turns":5},{"damage":20,"enemies":"Lagavulin","floor":10,"turns":8},{"damage":0,"enemies":"Blue Slaver","floor":11,"turns":4},{"damage":0,"enemies":"Large Slime","floor":14,"turns":9},{"damage":13,"enemies":"Slime Boss","floor":16,"turns":8}],"seed_played":"-6373031299694113879","potions_obtained":[{"floor":10,"key":"SneckoOil"},{"floor":11,"key":"SkillPotion"},{"floor":13,"key":"FearPotion"},{"floor":14,"key":"SteroidPotion"}],"is_trial":false,"path_per_floor":["M","?","M","?","?","E","R","M","T","E","M","R","?","M","R","B"],"character_chosen":"DEFECT","items_purchased":[],"campfire_rested":2,"item_purchase_floors":[],"current_hp_per_floor":[60,60,53,53,71,6,27,27,27,7,7,28,28,28,28,15],"gold":215,"neow_bonus":"TEN_PERCENT_HP_BONUS","is_prod":false,"is_daily":false,"chose_seed":false,"campfire_upgraded":1,"win_rate":0,"timestamp":1547776457,"path_taken":["M","?","M","?","?","E","R","M","T","E","M","R","?","M","R","BOSS"],"build_version":"2019-01-16","purchased_purges":0,"victory":false,"max_hp_per_floor":[78,71,71,71,71,71,71,71,71,71,71,71,71,71,71,71],"card_choices":[{"not_picked":["Rebound","Stack"],"picked":"Conserve Battery","floor":1},{"not_picked":["Fusion","Compile Driver"],"picked":"Go for the Eyes","floor":3},{"not_picked":["Chaos","Fusion"],"picked":"Leap","floor":6},{"not_picked":["Steam","Turbo"],"picked":"Gash","floor":8},{"not_picked":["Lockon","Chaos"],"picked":"Auto Shields","floor":10},{"not_picked":["Heatsinks","Turbo"],"picked":"Hologram","floor":11},{"not_picked":["Sweeping Beam","Glacier"],"picked":"Defragment","floor":14}],"player_experience":1216334,"relics_obtained":[{"floor":6,"key":"Thread and Needle"},{"floor":9,"key":"Ornamental Fan"},{"floor":10,"key":"Tiny Chest"}],"event_choices":[{"damage_healed":0,"gold_gain":0,"player_choice":"Lose Max HP","damage_taken":0,"relics_obtained":["Golden Idol"],"max_hp_gain":0,"max_hp_loss":7,"event_name":"Golden Idol","floor":2,"gold_loss":0},{"damage_healed":0,"gold_gain":0,"player_choice":"Left Gold","damage_taken":0,"max_hp_gain":0,"max_hp_loss":0,"event_name":"World of Goop","floor":4,"gold_loss":59},{"damage_healed":23,"gold_gain":0,"player_choice":"Banana","damage_taken":0,"max_hp_gain":0,"max_hp_loss":0,"event_name":"Big Fish","floor":5,"gold_loss":0},{"damage_healed":0,"gold_gain":0,"player_choice":"Bought 1 Potion","damage_taken":0,"max_hp_gain":0,"max_hp_loss":0,"event_name":"The Woman in Blue","floor":13,"gold_loss":0}],"is_beta":true,"boss_relics":[],"items_purged_floors":[],"is_endless":false,"potions_floor_spawned":[10,11,14],"killed_by":"Slime Boss","ascension_level":20}