{"gold_per_floor":[114,124,134,134,36,36,55,55,55,84,94,113,139,153,153,228,228,238,238,252,264,274,274,300,300,326,2,22,35,35,65,65,139,139,150,68,68,68,84,84,84],"floor_reached":41,"playtime":1807,"items_purged":["Shame"],"score":935,"play_id":"fd8dc744-cdbc-461f-9df7-c2451ac26746","local_time":"20180716175749","is_ascension_mode":true,"campfire_choices":[{"data":"Zap","floor":6,"key":"SMITH"},{"data":"Hologram","floor":8,"key":"SMITH"},{"data":"Buffer","floor":15,"key":"SMITH"},{"data":"Redo","floor":23,"key":"SMITH"},{"data":"Hologram","floor":25,"key":"SMITH"},{"data":"Defragment","floor":30,"key":"SMITH"},{"floor":32,"key":"REST"},{"floor":40,"key":"REST"}],"neow_cost":"NONE","seed_source_timestamp":497532533314197,"circlet_count":0,"master_deck":["Strike_B","Strike_B","Strike_B","Strike_B","Defend_B","Defend_B","Defend_B","Defend_B","Zap+1","Dualcast","AscendersBane","Gash","FTL","Conserve Battery","Amplify","Zap+1","Hologram+1","Ball Lightning","Buffer+1","Redo+1","Reinforced Body","Gash","All For One","Conserve Battery","Hologram+1","Turbo","Leap","Leap","Defragment+1","Beam Cell+1","Static Discharge","Ball Lightning","Creative AI","Reprogram+1","Storm","Flash of Steel","Madness","Madness","Gash"],"relics":["Cracked Core","Bronze Scales","Mummified Hand","Anchor","Runic Dome","Shuriken","Blood Vial","Thread and Needle","Regal Pillow","Inserter"],"potions_floor_usage":[13,16,22,24,31,33,35],"damage_taken":[{"damage":0,"enemies":"Small Slimes","floor":1,"turns":3},{"damage":1,"enemies":"Cultist","floor":2,"turns":3},{"damage":7,"enemies":"Jaw Worm","floor":3,"turns":3},{"damage":17,"enemies":"Exordium Thugs","floor":7,"turns":4},{"damage":16,"enemies":"3 Sentries","floor":10,"turns":6},{"damage":2,"enemies":"2 Fungi Beasts","floor":11,"turns":2},{"damage":0,"enemies":"Looter","floor":12,"turns":2},{"damage":0,"enemies":"Lagavulin","floor":13,"turns":5},{"damage":2,"enemies":"3 Louse","floor":14,"turns":4},{"damage":0,"enemies":"Slime Boss","floor":16,"turns":10},{"damage":0,"enemies":"Spheric Guardian","floor":18,"turns":4},{"damage":0,"enemies":"Shell Parasite","floor":20,"turns":5},{"damage":21,"enemies":"3 Cultists","floor":21,"turns":6},{"damage":10,"enemies":"Centurion and Healer","floor":22,"turns":5},{"damage":4,"enemies":"Book of Stabbing","floor":24,"turns":5},{"damage":0,"enemies":"Snecko","floor":28,"turns":4},{"damage":0,"enemies":"Cultist and Chosen","floor":29,"turns":4},{"damage":11,"enemies":"Gremlin Leader","floor":31,"turns":7},{"damage":56,"enemies":"Automaton","floor":33,"turns":9},{"damage":13,"enemies":"3 Darklings","floor":35,"turns":5},{"damage":20,"enemies":"3 Shapes","floor":39,"turns":4},{"damage":64,"enemies":"2 Orb Walkers","floor":41,"turns":3}],"seed_played":"8354857273815886708","potions_obtained":[{"floor":3,"key":"GamblersBrew"},{"floor":7,"key":"SteroidPotion"},{"floor":10,"key":"AttackPotion"},{"floor":14,"key":"SneckoOil"},{"floor":16,"key":"EssenceOfSteel"},{"floor":28,"key":"Regen Potion"},{"floor":29,"key":"EssenceOfSteel"},{"floor":33,"key":"AttackPotion"}],"is_trial":false,"path_per_floor":["M","M","M","?","$","R","M","R","T","E","M","M","E","M","R","B",null,"M","?","M","M","M","R","E","R","T","$","M","M","R","E","R","B",null,"M","$","?","?","M","R"],"character_chosen":"DEFECT","items_purchased":["Hologram","Thread and Needle","Defragment","Storm"],"campfire_rested":2,"item_purchase_floors":[5,27,27,36],"current_hp_per_floor":[64,63,56,56,56,56,39,39,39,23,21,21,21,19,19,19,58,58,71,71,50,40,40,36,36,36,36,38,40,40,31,67,21,59,48,48,48,35,17,53,0],"gold":84,"neow_bonus":"UPGRADE_CARD","is_prod":false,"is_daily":false,"chose_seed":false,"campfire_upgraded":6,"win_rate":0,"timestamp":1531785469,"path_taken":["M","M","M","?","?","R","?","R","T","E","M","M","E","M","R","BOSS","M","?","M","M","M","R","E","R","T","$","M","M","R","E","R","BOSS","M","$","?","?","M","R","E"],"build_version":"2018-07-13","purchased_purges":1,"victory":false,"max_hp_per_floor":[71,71,71,71,71,71,71,71,71,71,71,71,71,71,71,71,71,71,71,71,71,71,71,71,71,71,71,71,71,71,71,71,71,71,71,71,71,71,71,71,71],"card_choices":[{"not_picked":["FTL","Reinforced Body"],"picked":"Gash","floor":1},{"not_picked":["Sweeping Beam","Beam Cell"],"picked":"FTL","floor":2},{"not_picked":["Force Field","Aggregate"],"picked":"Conserve Battery","floor":3},{"not_picked":["Sweeping Beam","Beam Cell"],"picked":"Ball Lightning","floor":7},{"not_picked":["Leap","Static Discharge"],"picked":"Buffer","floor":10},{"not_picked":["Consume","Rebound"],"picked":"Redo","floor":11},{"not_picked":["Rip and Tear","Barrage","Redo"],"picked":"SKIP","floor":12},{"not_picked":["Tempest","Double Energy"],"picked":"Reinforced Body","floor":13},{"not_picked":["Sunder","White Noise"],"picked":"Gash","floor":14},{"not_picked":["Rainbow","Multi-Cast"],"picked":"All For One","floor":16},{"not_picked":["Darkness","Redo"],"picked":"Conserve Battery","floor":18},{"not_picked":["Rebound","Undo+1"],"picked":"Hologram","floor":20},{"not_picked":["Barrage","Aggregate"],"picked":"Turbo","floor":21},{"not_picked":["Hello World","Aggregate"],"picked":"Leap","floor":22},{"not_picked":["Meteor Strike","Blizzard"],"picked":"Leap","floor":24},{"not_picked":["Leap","Rebound+1"],"picked":"Beam Cell+1","floor":28},{"not_picked":["Lockon","Consume"],"picked":"Static Discharge","floor":29},{"not_picked":["Undo","Chill"],"picked":"Ball Lightning","floor":31},{"not_picked":["Hyperbeam","Rainbow"],"picked":"Creative AI","floor":33},{"not_picked":["Genetic Algorithm","Aggregate"],"picked":"Reprogram+1","floor":35},{"not_picked":["Good Instincts","Deep Breath"],"picked":"Flash of Steel","floor":37},{"not_picked":["Consume","Sweeping Beam"],"picked":"Gash","floor":39}],"player_experience":784045,"relics_obtained":[{"floor":9,"key":"Bronze Scales"},{"floor":10,"key":"Mummified Hand"},{"floor":13,"key":"Anchor"},{"floor":24,"key":"Shuriken"},{"floor":26,"key":"Blood Vial"},{"floor":31,"key":"Regal Pillow"}],"event_choices":[{"event_name":"Match and Keep!","player_choice":"3 cards matched","floor":4,"damage_taken":0},{"event_name":"The Library","player_choice":"Heal","floor":19,"damage_taken":0},{"event_name":"SensoryStone","player_choice":"Memory 1","floor":37,"damage_taken":0},{"event_name":"Winding Halls","player_choice":"Embrace Madness","floor":38,"damage_taken":0}],"boss_relics":[{"not_picked":["Coffee Dripper","Astrolabe"],"picked":"Runic Dome"},{"not_picked":["Orrery","Nuclear Battery"],"picked":"Inserter"}],"items_purged_floors":[5],"is_endless":false,"potions_floor_spawned":[3,7,10,14,16,21,28,29,33],"killed_by":"2 Orb Walkers","ascension_level":15}