{"gold_per_floor":[118,137,150,250,28,28,38,38,38,57,84,96,125,144,144,242,242,255,267,267,279,25,50,68,100,100,100,100,100,132,160,172,285,297,327,339,369,395,347,387,399,421,484,516,172,72,172,205,205,205,205,205,12,45,45],"floor_reached":56,"playtime":2758,"items_purged":["Strike_B","Strike_B"],"score":1436,"play_id":"9f3b8a9b-06b9-40b6-b241-3b99f5d2a966","local_time":"20181119224627","is_ascension_mode":true,"campfire_choices":[{"data":"Defragment","floor":6,"key":"SMITH"},{"data":"Hologram","floor":8,"key":"SMITH"},{"floor":15,"key":"REST"},{"floor":28,"key":"REST"},{"floor":32,"key":"RECALL"},{"floor":41,"key":"REST"},{"floor":49,"key":"REST"},{"floor":52,"key":"REST"}],"neow_cost":"NONE","seed_source_timestamp":48388255931469,"circlet_count":0,"master_deck":["Defend_B","Defend_B","Defend_B+1","Defend_B","Zap+1","Dualcast","Hologram","Ball Lightning+1","White Noise+1","Defragment+1","FTL","Hologram+1","Glacier","Auto Shields","FTL+1","Go for the Eyes+1","Ball Lightning+1","Electrodynamics","Chill+1","Redo+1","Glacier","Barrage+1","Auto Shields+1","Gash+1","Steam Power","Ball Lightning+1","Seek","Steam+1","BootSequence+1","Defragment","Conserve Battery","White Noise+1","Coolheaded+1","Defragment+1","Capacitor"],"relics":["Cracked Core","Du-Vu Doll","Ice Cream","Molten Egg 2","Fusion Hammer","Shuriken","Strawberry","Turnip","Kunai","MawBank","Black Star","Dead Branch","Unceasing Top","Ginger","Runic Capacitor","PreservedInsect","FossilizedHelix","War Paint","Whetstone","DollysMirror","Gremlin Horn","Letter Opener"],"potions_floor_usage":[7,11,30,50,55,55],"damage_taken":[{"damage":0,"enemies":"Small Slimes","floor":1,"turns":2},{"damage":0,"enemies":"Cultist","floor":2,"turns":2},{"damage":6,"enemies":"Jaw Worm","floor":3,"turns":2},{"damage":7,"enemies":"Gremlin Gang","floor":7,"turns":2},{"damage":15,"enemies":"Exordium Thugs","floor":10,"turns":3},{"damage":28,"enemies":"3 Sentries","floor":11,"turns":5},{"damage":0,"enemies":"Lots of Slimes","floor":12,"turns":3},{"damage":5,"enemies":"Lagavulin","floor":13,"turns":6},{"damage":2,"enemies":"Red Slaver","floor":14,"turns":3},{"damage":11,"enemies":"Slime Boss","floor":16,"turns":5},{"damage":7,"enemies":"Chosen","floor":18,"turns":4},{"damage":0,"enemies":"Spheric Guardian","floor":19,"turns":3},{"damage":0,"enemies":"Chosen and Byrds","floor":21,"turns":4},{"damage":0,"enemies":"Gremlin Leader","floor":23,"turns":6},{"damage":0,"enemies":"Shelled Parasite and Fungi","floor":24,"turns":4},{"damage":18,"enemies":"Slavers","floor":25,"turns":5},{"damage":21,"enemies":"Gremlin Leader","floor":30,"turns":5},{"damage":0,"enemies":"Snecko","floor":31,"turns":5},{"damage":50,"enemies":"Champ","floor":33,"turns":12},{"damage":0,"enemies":"3 Darklings","floor":35,"turns":5},{"damage":0,"enemies":"Orb Walker","floor":37,"turns":3},{"damage":0,"enemies":"Maw","floor":38,"turns":6},{"damage":6,"enemies":"Giant Head","floor":40,"turns":8},{"damage":0,"enemies":"4 Shapes","floor":42,"turns":4},{"damage":0,"enemies":"Transient","floor":44,"turns":5},{"damage":0,"enemies":"Mind Bloom Boss Battle","floor":47,"turns":5},{"damage":0,"enemies":"Nemesis","floor":48,"turns":5},{"damage":30,"enemies":"Time Eater","floor":50,"turns":9},{"damage":10,"enemies":"Shield and Spear","floor":54,"turns":5},{"damage":43,"enemies":"The Heart","floor":55,"turns":9}],"seed_played":"-3459155962820313324","potions_obtained":[{"floor":2,"key":"Explosive Potion"},{"floor":7,"key":"Fruit Juice"},{"floor":10,"key":"Dexterity Potion"},{"floor":13,"key":"Dexterity Potion"},{"floor":23,"key":"Energy Potion"},{"floor":24,"key":"AttackPotion"},{"floor":31,"key":"SkillPotion"},{"floor":38,"key":"Swift Potion"},{"floor":42,"key":"SneckoOil"},{"floor":48,"key":"Strength Potion"}],"is_trial":false,"path_per_floor":["M","M","M","?","$","R","M","R","T","M","E","M","E","M","R","B",null,"M","M","?","M","$","E","M","E","T","?","R","?","E","M","R","B",null,"M","?","M","M","?","E","R","M","T","M","$","$","?","E","R","B",null,"R","$","E","B",null],"character_chosen":"DEFECT","items_purchased":["Defragment","FTL","Shuriken","Runic Capacitor","PreservedInsect","DollysMirror"],"campfire_rested":5,"item_purchase_floors":[5,5,22,45,45,53],"current_hp_per_floor":[82,82,76,76,76,76,74,74,74,59,31,31,26,24,50,39,87,80,80,80,80,80,87,87,69,69,69,94,94,73,73,73,23,94,94,94,94,94,94,88,94,94,94,94,94,94,94,94,94,64,94,94,94,84,41],"gold":45,"neow_bonus":"TEN_PERCENT_HP_BONUS","is_prod":false,"is_daily":false,"chose_seed":false,"campfire_upgraded":2,"win_rate":0,"timestamp":1542674787,"path_taken":["M","M","M","?","$","R","M","R","T","M","E","M","E","M","R","BOSS","M","?","?","M","$","E","M","E","T","?","R","?","E","?","R","BOSS","M","?","?","M","?","E","R","M","T","?","?","$","?","E","R","BOSS","R","$","E","BOSS"],"build_version":"2018-11-15","purchased_purges":2,"victory":true,"max_hp_per_floor":[82,82,82,82,82,82,87,87,87,87,87,87,87,87,87,87,87,87,87,87,87,87,94,94,94,94,94,94,94,94,94,94,94,94,94,94,94,94,94,94,94,94,94,94,94,94,94,94,94,94,94,94,94,94,94],"card_choices":[{"not_picked":["Conserve Battery","Double Energy"],"picked":"Hologram","floor":1},{"not_picked":["Force Field","Steam"],"picked":"Ball Lightning","floor":2},{"not_picked":["Reboot","Consume"],"picked":"White Noise","floor":3},{"not_picked":["Tempest","Fusion"],"picked":"Hologram","floor":7},{"not_picked":["Sweeping Beam","Go for the Eyes"],"picked":"Glacier","floor":10},{"not_picked":["Coolheaded","Storm"],"picked":"Auto Shields","floor":11},{"not_picked":["Fission","Coolheaded"],"picked":"FTL","floor":12},{"not_picked":["Skim","Doom and Gloom"],"picked":"Go for the Eyes","floor":13},{"not_picked":["Stack","Heatsinks"],"picked":"Ball Lightning+1","floor":14},{"not_picked":["Meteor Strike+1","Echo Form"],"picked":"Electrodynamics","floor":16},{"not_picked":["Sweeping Beam+1","Hologram"],"picked":"Chill+1","floor":18},{"not_picked":["Ball Lightning+1","Compile Driver+1"],"picked":"Redo+1","floor":19},{"not_picked":["Storm","Streamline+1"],"picked":"Barrage+1","floor":21},{"not_picked":["Conserve Battery+1","Stack"],"picked":"Auto Shields+1","floor":23},{"not_picked":["Stack","Barrage+1"],"picked":"Gash+1","floor":24},{"not_picked":["Thunder Strike+1","Streamline+1","Echo Form"],"picked":"SKIP","floor":25},{"not_picked":["Hologram","Conserve Battery"],"picked":"Steam Power","floor":30},{"not_picked":["White Noise","Streamline+1"],"picked":"Ball Lightning+1","floor":31},{"not_picked":["Creative AI","Amplify"],"picked":"Seek","floor":33},{"not_picked":["Reinforced Body+1","Lockon+1"],"picked":"Steam+1","floor":35},{"not_picked":["Stack+1","Hologram+1"],"picked":"BootSequence+1","floor":37},{"not_picked":["Storm","Conserve Battery","Steam"],"picked":"SKIP","floor":38},{"not_picked":["Compile Driver+1","Rip and Tear+1"],"picked":"White Noise+1","floor":40},{"not_picked":["Genetic Algorithm","Lockon+1","Redo"],"picked":"SKIP","floor":42},{"not_picked":["Sweeping Beam+1","Undo+1","Steam+1"],"picked":"SKIP","floor":44},{"not_picked":["Stack+1","Rebound+1"],"picked":"Coolheaded+1","floor":48},{"not_picked":["Streamline+1","Steam Power+1"],"picked":"Capacitor","floor":54}],"player_experience":143652,"relics_obtained":[{"floor":9,"key":"Du-Vu Doll"},{"floor":11,"key":"Ice Cream"},{"floor":13,"key":"Molten Egg 2"},{"floor":23,"key":"Strawberry"},{"floor":25,"key":"Turnip"},{"floor":26,"key":"Kunai"},{"floor":30,"key":"MawBank"},{"floor":40,"key":"Unceasing Top"},{"floor":40,"key":"Ginger"},{"floor":47,"key":"FossilizedHelix"},{"floor":48,"key":"War Paint"},{"floor":48,"key":"Whetstone"},{"floor":54,"key":"Gremlin Horn"},{"floor":54,"key":"Letter Opener"}],"event_choices":[{"damage_healed":0,"gold_gain":100,"player_choice":"Pray","damage_taken":0,"max_hp_gain":0,"max_hp_loss":0,"event_name":"Golden Shrine","floor":4,"gold_loss":0},{"damage_healed":0,"gold_gain":0,"player_choice":"Read","damage_taken":0,"max_hp_gain":0,"max_hp_loss":0,"event_name":"The Library","floor":20,"gold_loss":0,"cards_obtained":["Glacier"]},{"damage_healed":0,"gold_gain":0,"player_choice":"Ignored","damage_taken":0,"max_hp_gain":0,"max_hp_loss":0,"event_name":"Ghosts","floor":27,"gold_loss":0},{"damage_healed":0,"gold_gain":0,"player_choice":"Upgraded","damage_taken":0,"max_hp_gain":0,"max_hp_loss":0,"event_name":"Upgrade Shrine","floor":29,"gold_loss":0,"cards_upgraded":["White Noise"]},{"damage_healed":0,"gold_gain":0,"player_choice":"Gave Potion","damage_taken":0,"relics_obtained":["Dead Branch"],"max_hp_gain":0,"max_hp_loss":0,"event_name":"WeMeetAgain","floor":36,"gold_loss":0},{"damage_healed":0,"gold_gain":0,"cards_transformed":["Strike_B","Strike_B"],"player_choice":"Transformed Cards","damage_taken":0,"max_hp_gain":0,"max_hp_loss":0,"event_name":"Designer","floor":39,"gold_loss":60,"cards_obtained":["Defragment","Conserve Battery"]},{"damage_healed":0,"gold_gain":0,"player_choice":"Fight","damage_taken":0,"max_hp_gain":0,"max_hp_loss":0,"event_name":"MindBloom","floor":47,"gold_loss":0}],"is_beta":false,"boss_relics":[{"not_picked":["Runic Dome","Astrolabe"],"picked":"Fusion Hammer"},{"not_picked":["Orrery","Tiny House"],"picked":"Black Star"}],"items_purged_floors":[5,46],"is_endless":false,"potions_floor_spawned":[2,7,10,13,23,24,31,35,38,42,48],"ascension_level":1}