{"gold_per_floor":[19,33,33,47,66,66,97,112,135,160,185,232,319,331,343,456,468,498,522,534,559,496,508,520],"floor_reached":24,"playtime":1009,"items_purged":[],"score":270,"play_id":"7380b538-c9d7-4272-b3d4-71e29f223307","local_time":"20181208154354","is_ascension_mode":true,"campfire_choices":[{"data":"Dualcast","floor":6,"key":"SMITH"},{"floor":15,"key":"REST"},{"floor":23,"key":"REST"}],"neow_cost":"NO_GOLD","seed_source_timestamp":229580240727065,"circlet_count":0,"master_deck":["Strike_B","Defend_B","Defend_B","Defend_B","Defend_B","Zap+1","Dualcast+1","Go for the Eyes","Auto Shields","Scrape","Barrage","Chill","Beam Cell","Hologram","Defragment","Loop","Thunder Strike","Go for the Eyes+1","BootSequence","White Noise","Turbo"],"relics":["Cracked Core","Dream Catcher","Anchor","Potion Belt","MawBank","Orichalcum","Pen Nib","Sozu","Juzu Bracelet"],"potions_floor_usage":[10,10],"damage_taken":[{"damage":0,"enemies":"Small Slimes","floor":1,"turns":2},{"damage":0,"enemies":"Cultist","floor":2,"turns":3},{"damage":0,"enemies":"2 Louse","floor":4,"turns":2},{"damage":0,"enemies":"2 Fungi Beasts","floor":5,"turns":4},{"damage":25,"enemies":"Lagavulin","floor":7,"turns":6},{"damage":10,"enemies":"Exordium Wildlife","floor":8,"turns":4},{"damage":1,"enemies":"3 Sentries","floor":10,"turns":5},{"damage":10,"enemies":"Gremlin Nob","floor":12,"turns":3},{"damage":20,"enemies":"Hexaghost","floor":16,"turns":11},{"damage":16,"enemies":"Shell Parasite","floor":18,"turns":6},{"damage":7,"enemies":"2 Thieves","floor":19,"turns":4},{"damage":28,"enemies":"3 Cultists","floor":21,"turns":7},{"damage":32,"enemies":"Book of Stabbing","floor":24,"turns":4}],"seed_played":"-2787333626363722917","potions_obtained":[{"floor":2,"key":"FocusPotion"},{"floor":4,"key":"Explosive Potion"},{"floor":8,"key":"Explosive Potion"},{"floor":10,"key":"Ancient Potion"}],"is_trial":false,"path_per_floor":["M","M","?","M","M","R","E","M","T","E","T","E","?","?","R","B",null,"M","M","?","M","?","R","E"],"character_chosen":"DEFECT","items_purchased":[],"campfire_rested":2,"item_purchase_floors":[],"current_hp_per_floor":[75,75,75,75,75,75,50,40,40,39,39,29,18,11,33,13,60,44,37,37,9,9,31,0],"gold":520,"neow_bonus":"REMOVE_TWO","is_prod":false,"is_daily":false,"chose_seed":false,"campfire_upgraded":1,"win_rate":0,"timestamp":1544291034,"path_taken":["M","M","?","M","M","R","E","?","T","E","?","E","?","?","R","BOSS","M","M","?","M","?","R","E"],"build_version":"2018-12-06","purchased_purges":0,"victory":false,"max_hp_per_floor":[75,75,75,75,75,75,75,75,75,75,75,75,75,75,75,75,75,75,75,75,75,75,75,75],"card_choices":[{"not_picked":["Coolheaded","Lockon"],"picked":"Go for the Eyes","floor":1},{"not_picked":["Go for the Eyes","Rebound"],"picked":"Auto Shields","floor":2},{"not_picked":["Steam","Ball Lightning"],"picked":"Scrape","floor":4},{"not_picked":["Hyperbeam","Cold Snap"],"picked":"Barrage","floor":5},{"not_picked":["Turbo","Aggregate"],"picked":"Chill","floor":7},{"not_picked":["Coolheaded","Skim"],"picked":"Beam Cell","floor":8},{"not_picked":["Sweeping Beam","Beam Cell"],"picked":"Hologram","floor":10},{"not_picked":["Storm","Compile Driver"],"picked":"Defragment","floor":12},{"not_picked":["Tempest","Beam Cell"],"picked":"Loop","floor":15},{"not_picked":["Amplify","Creative AI"],"picked":"Thunder Strike","floor":16},{"not_picked":["Beam Cell","Chill"],"picked":"Go for the Eyes+1","floor":18},{"not_picked":["Compile Driver","Consume"],"picked":"BootSequence","floor":19},{"not_picked":["Beam Cell","Heatsinks"],"picked":"White Noise","floor":21},{"not_picked":["Cold Snap+1","Streamline"],"picked":"Turbo","floor":23}],"player_experience":201595,"relics_obtained":[{"floor":7,"key":"Dream Catcher"},{"floor":9,"key":"Anchor"},{"floor":10,"key":"Potion Belt"},{"floor":11,"key":"MawBank"},{"floor":12,"key":"Orichalcum"}],"event_choices":[{"damage_healed":0,"gold_gain":0,"player_choice":"Upgraded","damage_taken":0,"max_hp_gain":0,"max_hp_loss":0,"event_name":"Upgrade Shrine","floor":3,"gold_loss":0,"cards_upgraded":["Zap"]},{"damage_healed":0,"gold_gain":75,"player_choice":"Gather Gold","damage_taken":11,"max_hp_gain":0,"max_hp_loss":0,"event_name":"World of Goop","floor":13,"gold_loss":0},{"damage_healed":0,"gold_gain":0,"player_choice":"Success","damage_taken":7,"relics_obtained":["Pen Nib"],"max_hp_gain":0,"max_hp_loss":0,"event_name":"Scrap Ooze","floor":14,"gold_loss":0},{"damage_healed":0,"gold_gain":0,"player_choice":"Opened","damage_taken":0,"relics_obtained":["Juzu Bracelet"],"max_hp_gain":0,"max_hp_loss":0,"event_name":"The Mausoleum","floor":20,"gold_loss":0},{"cards_removed":["Strike_B"],"damage_healed":0,"gold_gain":0,"player_choice":"Gave Gold","damage_taken":0,"max_hp_gain":0,"max_hp_loss":0,"event_name":"Beggar","floor":22,"gold_loss":75}],"is_beta":false,"boss_relics":[{"not_picked":["Eternal Feather","Velvet Choker"],"picked":"Sozu"}],"items_purged_floors":[],"is_endless":false,"potions_floor_spawned":[2,4,8,10,19],"killed_by":"Book of Stabbing","ascension_level":5}