{"gold_per_floor":[118,118,193,211,229,239,239,35,35,35,210,210,210,31,31,31],"floor_reached":16,"playtime":665,"items_purged":[],"score":88,"play_id":"d381788f-4b2d-4130-8d6d-590f9dd40f3a","local_time":"20190202231727","is_ascension_mode":false,"campfire_choices":[{"floor":7,"key":"DIG"},{"floor":10,"key":"DIG"},{"floor":13,"key":"DIG"},{"floor":15,"key":"DIG"}],"neow_cost":"CURSE","seed_source_timestamp":23834560091400,"circlet_count":0,"master_deck":["Strike_R","Strike_R","Strike_R","Strike_R","Defend_R","Defend_R","Defend_R","Defend_R","Bash","Normality","Pommel Strike","Headbutt","Twin Strike","Pommel Strike","Doubt"],"relics":["Burning Blood","Shovel","Darkstone Periapt","Membership Card","Gremlin Horn","Mummified Hand","Golden Idol","WingedGreaves","Orichalcum","MealTicket","Meat on the Bone"],"potions_floor_usage":[],"damage_taken":[{"damage":13,"enemies":"Jaw Worm","floor":1,"turns":3},{"damage":6,"enemies":"Cultist","floor":4,"turns":3},{"damage":14,"enemies":"Small Slimes","floor":5,"turns":3},{"damage":14,"enemies":"Blue Slaver","floor":6,"turns":3},{"damage":55,"enemies":"Hexaghost","floor":16,"turns":10}],"seed_played":"720638662330692739","potions_obtained":[{"floor":5,"key":"GamblersBrew"}],"is_trial":false,"path_per_floor":["M","?","?","M","M","M","R","$","T","R","?","?","R","$","R","B"],"character_chosen":"IRONCLAD","items_purchased":["Membership Card","Orichalcum","MealTicket"],"campfire_rested":0,"item_purchase_floors":[8,14,14],"current_hp_per_floor":[73,73,65,65,57,49,49,49,49,49,55,55,55,55,55,0],"gold":31,"neow_bonus":"ONE_RARE_RELIC","is_prod":false,"is_daily":false,"chose_seed":false,"campfire_upgraded":0,"win_rate":0.0,"timestamp":1549178247,"path_taken":["M","?","?","M","?","M","R","$","T","R","?","?","R","$","R","BOSS"],"build_version":"2019-01-23","purchased_purges":0,"victory":false,"max_hp_per_floor":[80,80,80,80,80,80,80,80,80,80,86,80,80,80,80,80],"card_choices":[{"not_picked":["Twin Strike","Clothesline"],"picked":"Pommel Strike","floor":1},{"not_picked":["Havoc","Intimidate"],"picked":"Headbutt","floor":4},{"not_picked":["Hemokinesis","Cleave"],"picked":"Twin Strike","floor":5},{"not_picked":["Perfected Strike","Wild Strike"],"picked":"Pommel Strike","floor":6}],"player_experience":60888,"relics_obtained":[{"floor":7,"key":"Darkstone Periapt"},{"floor":9,"key":"Gremlin Horn"},{"floor":10,"key":"Mummified Hand"},{"floor":13,"key":"WingedGreaves"},{"floor":15,"key":"Meat on the Bone"}],"event_choices":[{"cards_removed":["Strike_R"],"damage_healed":0,"gold_gain":0,"player_choice":"Forget","damage_taken":0,"max_hp_gain":0,"max_hp_loss":0,"event_name":"Living Wall","floor":2,"gold_loss":0},{"damage_healed":0,"gold_gain":75,"player_choice":"Touch","damage_taken":8,"max_hp_gain":0,"max_hp_loss":0,"event_name":"FaceTrader","floor":3,"gold_loss":0},{"damage_healed":0,"gold_gain":175,"player_choice":"AGREE","damage_taken":0,"max_hp_gain":0,"max_hp_loss":0,"event_name":"Liars Game","floor":11,"gold_loss":0,"cards_obtained":["Doubt"]},{"damage_healed":0,"gold_gain":0,"player_choice":"Lose Max HP","damage_taken":0,"relics_obtained":["Golden Idol"],"max_hp_gain":0,"max_hp_loss":6,"event_name":"Golden Idol","floor":12,"gold_loss":0}],"is_beta":false,"boss_relics":[],"items_purged_floors":[],"is_endless":false,"potions_floor_spawned":[5],"killed_by":"Hexaghost","ascension_level":0}