{"path_per_floor":["M","?","M","?","$","E","R","M","T","R","$","M","R","M","R","B",null,"M","?","M","?","?","R"],"character_chosen":"DEFECT","items_purchased":["DataDisk","FTL","FTL"],"gold_per_floor":[210,210,221,296,4,33,33,50,50,50,10,29,29,39,39,113,113,125,125,143,143,143,143,143],"floor_reached":24,"campfire_rested":0,"playtime":729,"item_purchase_floors":[5,5,11],"current_hp_per_floor":[56,56,56,45,45,43,43,42,42,42,42,41,41,41,41,29,61,39,39,33,47,47,47,0],"items_purged":["Strike_B"],"gold":143,"score":340,"play_id":"e6c30ae2-2bea-4b09-8b2f-fcec48c98b6c","local_time":"20180614215207","is_prod":false,"is_daily":false,"chose_seed":false,"is_ascension_mode":true,"campfire_upgraded":5,"win_rate":0,"timestamp":1529034727,"campfire_choices":[{"data":"Dualcast","floor":7,"key":"SMITH"},{"data":"Go for the Eyes","floor":10,"key":"SMITH"},{"data":"Ball Lightning","floor":13,"key":"SMITH"},{"data":"Defragment","floor":15,"key":"SMITH"},{"data":"Cold Snap","floor":23,"key":"SMITH"}],"path_taken":["M","?","M","?","$","E","R","M","T","R","?","M","R","M","R","BOSS","M","?","M","?","?","R","E"],"build_version":"2018-06-14","seed_source_timestamp":92232094760727,"purchased_purges":1,"victory":false,"master_deck":["Strike_B","Strike_B","Strike_B","Defend_B","Defend_B","Defend_B","Defend_B","Zap+1","Dualcast+1","AscendersBane","Ball Lightning","Ball Lightning+1","FTL","Gash","Go for the Eyes+1","FTL","Cold Snap","Defragment+1","Machine Learning","Leap","Cold Snap+1"],"max_hp_per_floor":[71,71,71,71,71,71,71,71,71,71,71,71,71,71,71,71,71,71,71,71,71,71,71,71],"relics":["Cracked Core","DataDisk","Toolbox","Art of War","White Beast Statue"],"card_choices":[{"not_picked":["Streamline","Rip and Tear"],"picked":"Ball Lightning","floor":1},{"not_picked":["Blizzard","Rip and Tear"],"picked":"Ball Lightning","floor":3},{"not_picked":["Chaos","Double Energy"],"picked":"Gash","floor":6},{"not_picked":["Compile Driver","Redo"],"picked":"Go for the Eyes","floor":8},{"not_picked":["Compile Driver","Aggregate"],"picked":"Cold Snap","floor":12},{"not_picked":["Leap","Blizzard"],"picked":"Defragment","floor":14},{"not_picked":["Amplify","Meteor Strike"],"picked":"Machine Learning","floor":16},{"not_picked":["Streamline","Ball Lightning"],"picked":"Leap","floor":18},{"not_picked":["Turbo+1","Auto Shields+1"],"picked":"Cold Snap","floor":20}],"player_experience":702008,"potions_floor_usage":[6,20,24,24],"damage_taken":[{"damage":8,"enemies":"Jaw Worm","floor":1,"turns":4},{"damage":0,"enemies":"Cultist","floor":3,"turns":2},{"damage":2,"enemies":"Gremlin Nob","floor":6,"turns":3},{"damage":1,"enemies":"2 Louse","floor":8,"turns":2},{"damage":1,"enemies":"Looter","floor":12,"turns":2},{"damage":0,"enemies":"Exordium Wildlife","floor":14,"turns":1},{"damage":12,"enemies":"The Guardian","floor":16,"turns":9},{"damage":22,"enemies":"2 Thieves","floor":18,"turns":3},{"damage":6,"enemies":"Spheric Guardian","floor":20,"turns":3},{"damage":48,"enemies":"Gremlin Leader","floor":24,"turns":6}],"relics_obtained":[{"floor":6,"key":"Toolbox"},{"floor":9,"key":"Art of War"}],"event_choices":[{"event_name":"Accursed Blacksmith","player_choice":"Forge","floor":2,"damage_taken":0},{"event_name":"World of Goop","player_choice":"Gather Gold","floor":4,"damage_taken":0},{"event_name":"Vampires","player_choice":"Ignored","floor":19,"damage_taken":0},{"event_name":"The Library","player_choice":"Heal","floor":21,"damage_taken":0},{"event_name":"Drug Dealer","player_choice":"Ignored","floor":22,"damage_taken":0}],"boss_relics":[{"not_picked":["Velvet Choker","Philosopher\u0027s Stone"],"picked":"White Beast Statue"}],"items_purged_floors":[5],"is_endless":true,"potions_floor_spawned":[3,6,18,20],"seed_played":"-8544848366587268577","killed_by":"Gremlin Leader","ascension_level":15,"potions_obtained":[{"floor":3,"key":"SpeedPotion"},{"floor":6,"key":"LiquidBronze"},{"floor":18,"key":"LiquidBronze"},{"floor":20,"key":"Dexterity Potion"}],"is_trial":false}