{"gold_per_floor":[144,144,189,69,114,114,114,204,229,229,319,364,409,409],"floor_reached":14,"playtime":1106,"items_purged":["Strike_B"],"score":125,"play_id":"f3e68456-6043-4359-8bc4-55a40736a95d","local_time":"20190124152326","daily_mods":["Specialized","Green Cards","Midas"],"is_ascension_mode":false,"campfire_choices":[{"floor":6,"key":"REST"},{"floor":10,"key":"DIG"}],"neow_cost":"","seed_source_timestamp":0,"circlet_count":0,"master_deck":["Strike_B","Strike_B","Strike_B","Defend_B","Defend_B","Defend_B","Defend_B","Zap","Dualcast","Expertise","Expertise","Expertise","Expertise","Expertise","Prepared+1","Static Discharge","Conserve Battery","Underhanded Strike","Glacier","Echo Form","Prepared","Meteor Strike"],"special_seed":17920,"relics":["Cracked Core","Du-Vu Doll","Shovel","Happy Flower","Bronze Scales","Emotion Chip"],"potions_floor_usage":[5,8,11,14],"damage_taken":[{"damage":1,"enemies":"Jaw Worm","floor":1,"turns":5},{"damage":2,"enemies":"Cultist","floor":3,"turns":5},{"damage":0,"enemies":"Small Slimes","floor":5,"turns":4},{"damage":19,"enemies":"3 Sentries","floor":8,"turns":7},{"damage":20,"enemies":"Gremlin Nob","floor":11,"turns":4},{"damage":1,"enemies":"3 Louse","floor":12,"turns":3},{"damage":21,"enemies":"Lots of Slimes","floor":13,"turns":3},{"damage":14,"enemies":"Blue Slaver","floor":14,"turns":2}],"seed_played":"5878124087660540128","potions_obtained":[{"floor":1,"key":"Energy Potion"},{"floor":3,"key":"SteroidPotion"},{"floor":5,"key":"EssenceOfSteel"},{"floor":12,"key":"SteroidPotion"}],"is_trial":false,"path_per_floor":["M","?","M","$","M","R","?","E","T","R","E","M","M","M"],"character_chosen":"DEFECT","items_purchased":["Conserve Battery"],"campfire_rested":1,"item_purchase_floors":[4],"current_hp_per_floor":[74,71,69,69,69,75,75,56,56,56,36,35,14,0],"gold":409,"neow_bonus":"","is_prod":false,"is_daily":true,"chose_seed":false,"campfire_upgraded":0,"win_rate":0,"timestamp":1548339806,"path_taken":["M","?","M","$","M","R","?","E","T","R","E","M","?","M"],"build_version":"2019-01-23","purchased_purges":1,"victory":false,"max_hp_per_floor":[75,75,75,75,75,75,75,75,75,75,75,75,75,75],"card_choices":[{"not_picked":["Blizzard","Tactician"],"picked":"Prepared","floor":1},{"not_picked":["Flechettes","Beam Cell"],"picked":"Static Discharge","floor":3},{"not_picked":["Chaos","Genetic Algorithm"],"picked":"Underhanded Strike","floor":5},{"not_picked":["Capacitor","Go for the Eyes"],"picked":"Glacier","floor":8},{"not_picked":["Meteor Strike","Turbo"],"picked":"Echo Form","floor":11},{"not_picked":["Flying Knee","Sucker Punch"],"picked":"Prepared","floor":12},{"not_picked":["Finisher","Go for the Eyes"],"picked":"Meteor Strike","floor":13}],"player_experience":29267,"relics_obtained":[{"floor":8,"key":"Shovel"},{"floor":9,"key":"Happy Flower"},{"floor":10,"key":"Bronze Scales"},{"floor":11,"key":"Emotion Chip"}],"event_choices":[{"damage_healed":0,"gold_gain":0,"player_choice":"Success","damage_taken":3,"relics_obtained":["Du-Vu Doll"],"max_hp_gain":0,"max_hp_loss":0,"event_name":"Scrap Ooze","floor":2,"gold_loss":0},{"damage_healed":0,"gold_gain":0,"player_choice":"Upgraded","damage_taken":0,"max_hp_gain":0,"max_hp_loss":0,"event_name":"Upgrade Shrine","floor":7,"gold_loss":0,"cards_upgraded":["Prepared"]}],"is_beta":false,"boss_relics":[],"items_purged_floors":[4],"is_endless":false,"potions_floor_spawned":[1,3,5,12],"killed_by":"Blue Slaver","ascension_level":0}