{"gold_per_floor":[117,267,36,36,55,81,97,97,120,150,162,186,213,253,265,354,366,396,408,430,180,180,180,210,210,210,210,53,70,95,106,106,177,177,196,213,19,69,84,84,101,135,135,235,245,245,245,278,278,278],"floor_reached":51,"playtime":2971,"items_purged":["Doubt","Strike_B","Strike_B"],"score":1503,"play_id":"0f55284b-ebbf-4f51-a0f7-d7c33e7fb93e","local_time":"20181103003750","is_ascension_mode":true,"campfire_choices":[{"data":"Dualcast","floor":8,"key":"SMITH"},{"data":"Conserve Battery","floor":11,"key":"SMITH"},{"data":"Hologram","floor":15,"key":"SMITH"},{"data":"Buffer","floor":23,"key":"SMITH"},{"data":"Hologram","floor":25,"key":"SMITH"},{"floor":27,"key":"REST"},{"data":"Turbo","floor":32,"key":"SMITH"},{"data":"Defragment","floor":40,"key":"SMITH"},{"data":"Defragment","floor":47,"key":"SMITH"},{"data":"Leap","floor":49,"key":"SMITH"}],"neow_cost":"NONE","seed_source_timestamp":562301841871281,"circlet_count":0,"master_deck":["AscendersBane","Strike_B","Strike_B","Defend_B+1","Defend_B","Defend_B+1","Defend_B","Zap+1","Dualcast+1","Go for the Eyes+1","All For One+1","Leap","Echo Form","Leap","Conserve Battery+1","BootSequence","Hologram+1","Ball Lightning","Buffer+1","FTL","All For One+1","All For One","Gash","Hologram+1","Self Repair+1","Turbo+1","Seek","Leap+1","Defragment+1","Defragment+1","Thunder Strike","BootSequence+1"],"relics":["Cracked Core","NeowsBlessing","Whetstone","MawBank","Boot","Runic Pyramid","GremlinMask","Potion Belt","Bottled Tornado","Happy Flower","Sundial","Coffee Dripper","Lantern","Cables","StoneCalendar","War Paint"],"potions_floor_usage":[10,16,24,30,39,50,50,50,50],"damage_taken":[{"damage":0,"enemies":"2 Louse","floor":1,"turns":1},{"damage":0,"enemies":"Jaw Worm","floor":5,"turns":1},{"damage":0,"enemies":"Gremlin Nob","floor":6,"turns":1},{"damage":0,"enemies":"Cultist","floor":7,"turns":2},{"damage":19,"enemies":"Gremlin Gang","floor":10,"turns":5},{"damage":0,"enemies":"Looter","floor":12,"turns":2},{"damage":0,"enemies":"Exordium Thugs","floor":13,"turns":5},{"damage":5,"enemies":"Lagavulin","floor":14,"turns":6},{"damage":8,"enemies":"Hexaghost","floor":16,"turns":10},{"damage":6,"enemies":"Spheric Guardian","floor":18,"turns":4},{"damage":7,"enemies":"2 Thieves","floor":20,"turns":4},{"damage":19,"enemies":"Gremlin Leader","floor":24,"turns":4},{"damage":6,"enemies":"Shelled Parasite and Fungi","floor":29,"turns":4},{"damage":9,"enemies":"Book of Stabbing","floor":30,"turns":6},{"damage":0,"enemies":"Cultist and Chosen","floor":31,"turns":6},{"damage":8,"enemies":"Automaton","floor":33,"turns":10},{"damage":1,"enemies":"Orb Walker","floor":35,"turns":3},{"damage":0,"enemies":"3 Shapes","floor":36,"turns":3},{"damage":1,"enemies":"Jaw Worm Horde","floor":39,"turns":4},{"damage":0,"enemies":"Sphere and 2 Shapes","floor":41,"turns":6},{"damage":42,"enemies":"Reptomancer","floor":42,"turns":5},{"damage":0,"enemies":"Mind Bloom Boss Battle","floor":44,"turns":6},{"damage":0,"enemies":"4 Shapes","floor":45,"turns":4},{"damage":0,"enemies":"Giant Head","floor":48,"turns":6},{"damage":0,"enemies":"Time Eater","floor":50,"turns":10}],"seed_played":"5239846227648211829","potions_obtained":[{"floor":5,"key":"Weak Potion"},{"floor":6,"key":"Ancient Potion"},{"floor":14,"key":"Swift Potion"},{"floor":16,"key":"SneckoOil"},{"floor":24,"key":"AttackPotion"},{"floor":29,"key":"GamblersBrew"},{"floor":30,"key":"SpeedPotion"},{"floor":33,"key":"FearPotion"},{"floor":39,"key":"EssenceOfSteel"},{"floor":42,"key":"Dexterity Potion"},{"floor":44,"key":"Block Potion"}],"is_trial":false,"path_per_floor":["M","?","$","?","M","E","M","R","T","M","R","M","M","E","R","B",null,"M","?","M","$","?","R","E","R","T","R","$","M","E","M","R","B",null,"M","M","$","?","M","R","M","E","T","?","M","?","R","E","R","B",null],"character_chosen":"DEFECT","items_purchased":["All For One","All For One","Gash","Hologram","Happy Flower","Defragment"],"campfire_rested":1,"item_purchase_floors":[3,21,21,21,28,37],"current_hp_per_floor":[64,64,64,64,64,64,64,64,64,45,45,45,45,40,40,32,61,55,55,48,48,48,48,29,29,29,50,50,44,55,71,71,71,71,70,70,70,70,71,71,71,49,49,69,69,69,69,71,71,71],"gold":278,"neow_bonus":"THREE_ENEMY_KILL","is_prod":false,"is_daily":false,"chose_seed":false,"campfire_upgraded":9,"win_rate":0,"timestamp":1541227070,"path_taken":["M","?","$","?","?","E","M","R","T","?","R","M","M","E","R","BOSS","M","?","M","$","?","R","E","R","T","R","$","?","E","M","R","BOSS","M","M","$","?","M","R","?","E","T","?","M","?","R","E","R","BOSS"],"build_version":"2018-11-01v2","purchased_purges":3,"victory":true,"max_hp_per_floor":[71,71,71,71,71,71,71,71,71,71,71,71,71,71,71,71,71,71,71,71,71,71,71,71,71,71,71,71,71,71,71,71,71,71,71,71,71,71,71,71,71,71,71,71,71,71,71,71,71,71],"card_choices":[{"not_picked":["Coolheaded","Redo"],"picked":"Go for the Eyes","floor":1},{"not_picked":["Storm","Lockon"],"picked":"Leap","floor":5},{"not_picked":["Cold Snap","Sweeping Beam"],"picked":"Echo Form","floor":6},{"not_picked":["Go for the Eyes","Barrage"],"picked":"Leap","floor":7},{"not_picked":["Aggregate","Chill"],"picked":"Conserve Battery","floor":10},{"not_picked":["Loop","Hyperbeam"],"picked":"BootSequence","floor":12},{"not_picked":["Tempest","Coolheaded"],"picked":"Hologram","floor":13},{"not_picked":["Storm","Chaos"],"picked":"Ball Lightning","floor":14},{"not_picked":["Hyperbeam","Biased Cognition"],"picked":"Buffer","floor":16},{"not_picked":["Gash","Aggregate"],"picked":"FTL","floor":18},{"not_picked":["Double Energy","Capacitor","Sweeping Beam"],"picked":"SKIP","floor":20},{"not_picked":["Sweeping Beam","Steam Power","Reinforced Body"],"picked":"SKIP","floor":24},{"not_picked":["Compile Driver+1","Genetic Algorithm"],"picked":"Self Repair+1","floor":29},{"not_picked":["Doom and Gloom","Stack","Hello World"],"picked":"SKIP","floor":30},{"not_picked":["Amplify","Hologram"],"picked":"Turbo","floor":31},{"not_picked":["Core Surge","Reboot"],"picked":"Seek","floor":33},{"not_picked":["Chill","Rip and Tear","Turbo+1"],"picked":"SKIP","floor":35},{"not_picked":["Turbo","Beam Cell"],"picked":"Leap","floor":36},{"not_picked":["Coolheaded","Beam Cell"],"picked":"Defragment","floor":39},{"not_picked":["Melter+1","Barrage+1","Conserve Battery"],"picked":"SKIP","floor":41},{"not_picked":["Reboot","Amplify"],"picked":"Thunder Strike","floor":42},{"not_picked":["Conserve Battery","Streamline"],"picked":"BootSequence+1","floor":45},{"not_picked":["Darkness","Redo","Barrage"],"picked":"SKIP","floor":48}],"player_experience":1077350,"relics_obtained":[{"floor":6,"key":"Whetstone"},{"floor":9,"key":"MawBank"},{"floor":14,"key":"Boot"},{"floor":24,"key":"Potion Belt"},{"floor":26,"key":"Bottled Tornado"},{"floor":30,"key":"Sundial"},{"floor":42,"key":"Lantern"},{"floor":43,"key":"Cables"},{"floor":44,"key":"StoneCalendar"},{"floor":48,"key":"War Paint"}],"event_choices":[{"damage_healed":0,"gold_gain":150,"player_choice":"AGREE","damage_taken":0,"max_hp_gain":0,"max_hp_loss":0,"event_name":"Liars Game","floor":2,"gold_loss":0,"cards_obtained":["Doubt"]},{"damage_healed":0,"gold_gain":0,"player_choice":"Forge","damage_taken":0,"max_hp_gain":0,"max_hp_loss":0,"event_name":"Accursed Blacksmith","floor":4,"gold_loss":0,"cards_upgraded":["Zap"]},{"damage_healed":0,"gold_gain":0,"player_choice":"Copied","damage_taken":0,"max_hp_gain":0,"max_hp_loss":0,"event_name":"Duplicator","floor":19,"gold_loss":0,"cards_obtained":["All For One"]},{"damage_healed":0,"gold_gain":0,"player_choice":"Trade","damage_taken":0,"relics_obtained":["GremlinMask"],"max_hp_gain":0,"max_hp_loss":0,"event_name":"FaceTrader","floor":22,"gold_loss":0},{"damage_healed":0,"gold_gain":50,"player_choice":"Pray","damage_taken":0,"max_hp_gain":0,"max_hp_loss":0,"event_name":"Golden Shrine","floor":38,"gold_loss":0},{"damage_healed":0,"gold_gain":0,"player_choice":"Fight","damage_taken":0,"max_hp_gain":0,"max_hp_loss":0,"event_name":"MindBloom","floor":44,"gold_loss":0},{"damage_healed":0,"gold_gain":0,"player_choice":"0 cards matched","damage_taken":0,"max_hp_gain":0,"max_hp_loss":0,"event_name":"Match and Keep!","floor":46,"gold_loss":0,"cards_obtained":[]}],"is_beta":true,"boss_relics":[{"not_picked":["Eternal Feather","Black Star"],"picked":"Runic Pyramid"},{"not_picked":["Velvet Choker","Snecko Eye"],"picked":"Coffee Dripper"}],"items_purged_floors":[3,21,37],"is_endless":false,"potions_floor_spawned":[5,6,14,16,24,29,30,33,36,39,42,44],"ascension_level":15}