{"gold_per_floor":[213,9,9,23,37,69,69,86,86,121,121,121,138,28,28,131,131,149,149,159,171,19,19,52,52,75,75,75,102,102,115,115,115],"floor_reached":33,"playtime":2028,"items_purged":["Strike_B"],"score":273,"play_id":"627036d8-e180-4239-8834-976dd8b7f6ee","local_time":"20190216235145","is_ascension_mode":false,"campfire_choices":[{"data":"Static Discharge","floor":7,"key":"SMITH"},{"floor":12,"key":"REST"},{"floor":15,"key":"REST"},{"floor":23,"key":"REST"},{"floor":27,"key":"REST"},{"floor":30,"key":"REST"},{"floor":32,"key":"REST"}],"neow_cost":"NONE","seed_source_timestamp":32835986914300,"circlet_count":0,"master_deck":["Strike_B","Strike_B","Defend_B","Defend_B","Defend_B","Defend_B","Zap","Dualcast","Leap","Static Discharge+1","Go for the Eyes","Conserve Battery","Lockon","Auto Shields","Consume","Buffer","Redo","Storm","Loop","Loop","Defragment+1"],"relics":["Cracked Core","Runic Capacitor","Question Card","Shuriken","Torii","Eternal Feather","Omamori","Meat on the Bone","Singing Bowl","Vajra","Red Mask"],"potions_floor_usage":[8,16,16,18,20,20,20,20,20,20,24,33],"damage_taken":[{"damage":4,"enemies":"Jaw Worm","floor":1,"turns":4},{"damage":0,"enemies":"2 Louse","floor":4,"turns":4},{"damage":0,"enemies":"Cultist","floor":5,"turns":4},{"damage":12,"enemies":"Lagavulin","floor":6,"turns":7},{"damage":3,"enemies":"Large Slime","floor":8,"turns":6},{"damage":31,"enemies":"Gremlin Nob","floor":10,"turns":5},{"damage":1,"enemies":"2 Fungi Beasts","floor":13,"turns":4},{"damage":34,"enemies":"Slime Boss","floor":16,"turns":8},{"damage":10,"enemies":"Shell Parasite","floor":18,"turns":6},{"damage":24,"enemies":"2 Thieves","floor":20,"turns":4},{"damage":15,"enemies":"Snecko","floor":21,"turns":6},{"damage":43,"enemies":"Gremlin Leader","floor":24,"turns":4},{"damage":23,"enemies":"Masked Bandits","floor":29,"turns":3},{"damage":41,"enemies":"Shelled Parasite and Fungi","floor":31,"turns":6},{"damage":96,"enemies":"Collector","floor":33,"turns":6}],"seed_played":"7987521088976456792","potions_obtained":[{"floor":6,"key":"EssenceOfSteel"},{"floor":8,"key":"SteroidPotion"},{"floor":10,"key":"AttackPotion"},{"floor":16,"key":"AttackPotion"},{"floor":18,"key":"EntropicBrew"},{"floor":19,"key":"LiquidBronze"},{"floor":19,"key":"EssenceOfSteel"},{"floor":21,"key":"FocusPotion"},{"floor":31,"key":"PowerPotion"}],"is_trial":false,"path_per_floor":["M","$","?","M","M","E","R","M","T","E","?","R","M","$","R","B",null,"M","?","M","M","$","R","E","?","T","R","?","?","R","M","R","B"],"character_chosen":"DEFECT","items_purchased":["Runic Capacitor","Consume","Omamori"],"campfire_rested":6,"item_purchase_floors":[2,14,22],"current_hp_per_floor":[71,71,64,64,64,52,52,49,49,18,18,40,39,39,61,27,75,65,65,41,26,26,57,14,14,14,48,48,37,71,44,77,0],"gold":115,"neow_bonus":"HUNDRED_GOLD","is_prod":false,"is_daily":false,"chose_seed":false,"campfire_upgraded":1,"win_rate":0.0,"timestamp":1550389905,"path_taken":["M","$","?","M","M","E","R","M","T","E","?","R","M","$","R","BOSS","M","?","?","M","$","R","E","?","T","R","?","?","R","M","R","BOSS"],"build_version":"2019-01-23","purchased_purges":1,"victory":false,"max_hp_per_floor":[75,75,75,75,75,75,75,75,75,75,75,75,75,75,75,75,75,75,75,75,75,75,75,75,75,75,75,75,75,75,77,77,77],"card_choices":[{"not_picked":["Hologram","Coolheaded"],"picked":"Leap","floor":1},{"not_picked":["Beam Cell","Sweeping Beam","Turbo"],"picked":"SKIP","floor":4},{"not_picked":["Steam","Blizzard"],"picked":"Static Discharge","floor":5},{"not_picked":["Creative AI","Steam"],"picked":"Go for the Eyes","floor":6},{"not_picked":["Tempest","Ball Lightning","Darkness"],"picked":"Conserve Battery","floor":8},{"not_picked":["Go for the Eyes","Beam Cell","Compile Driver"],"picked":"Lockon","floor":10},{"not_picked":["Sweeping Beam","Hologram","Go for the Eyes"],"picked":"Auto Shields","floor":13},{"not_picked":["Biased Cognition","All For One","Multi-Cast"],"picked":"Buffer","floor":16},{"not_picked":["Hologram","Doom and Gloom","Hello World"],"picked":"Redo","floor":18},{"not_picked":["Gash","Coolheaded","Compile Driver"],"picked":"Storm","floor":20},{"not_picked":["Doom and Gloom","Cold Snap","Coolheaded"],"picked":"Loop","floor":21},{"not_picked":["Seek","Barrage","Compile Driver"],"picked":"Loop","floor":24},{"not_picked":["Hologram+1","Redo+1","Loop"],"picked":"Defragment+1","floor":29},{"not_picked":["Go for the Eyes","Reprogram","Consume+1","Sweeping Beam"],"picked":"Singing Bowl","floor":31}],"player_experience":155165,"relics_obtained":[{"floor":6,"key":"Question Card"},{"floor":9,"key":"Shuriken"},{"floor":10,"key":"Torii"},{"floor":24,"key":"Meat on the Bone"},{"floor":26,"key":"Vajra"},{"floor":29,"key":"Red Mask"}],"event_choices":[{"cards_removed":["Strike_B"],"damage_healed":0,"gold_gain":0,"player_choice":"Card Removal","damage_taken":7,"max_hp_gain":0,"max_hp_loss":0,"event_name":"Golden Wing","floor":3,"gold_loss":0},{"damage_healed":0,"gold_gain":0,"player_choice":"Ignored","damage_taken":0,"max_hp_gain":0,"max_hp_loss":0,"event_name":"Shining Light","floor":11,"gold_loss":0},{"damage_healed":0,"gold_gain":0,"player_choice":"Got Potions","damage_taken":0,"max_hp_gain":0,"max_hp_loss":0,"event_name":"Lab","floor":19,"gold_loss":0},{"damage_healed":0,"gold_gain":0,"player_choice":"Stole Relic","damage_taken":0,"relics_obtained":["Singing Bowl"],"max_hp_gain":0,"max_hp_loss":0,"event_name":"Addict","floor":25,"gold_loss":0,"cards_obtained":["Shame"]},{"damage_healed":0,"gold_gain":0,"player_choice":"Ignored","damage_taken":0,"max_hp_gain":0,"max_hp_loss":0,"event_name":"Vampires","floor":28,"gold_loss":0},{"damage_healed":0,"gold_gain":0,"player_choice":"Fought Bandits","damage_taken":0,"max_hp_gain":0,"max_hp_loss":0,"event_name":"Masked Bandits","floor":29,"gold_loss":0}],"is_beta":false,"boss_relics":[{"not_picked":["Velvet Choker","Runic Dome"],"picked":"Eternal Feather"}],"items_purged_floors":[14],"is_endless":false,"potions_floor_spawned":[6,8,10,16,18,21,31],"killed_by":"Collector","ascension_level":0}