{"gold_per_floor":[119,119,132,147,158,158,222,222,248,282,282,23,23,37,37,114,114,126,144,144],"floor_reached":20,"playtime":1107,"items_purged":["Decay"],"score":368,"play_id":"f4b17521-850a-474e-b3e4-6016ee07ea08","local_time":"20190217134612","is_ascension_mode":true,"campfire_choices":[{"data":"Skewer","floor":6,"key":"SMITH"},{"floor":8,"key":"REST"},{"floor":13,"key":"REST"},{"data":"A Thousand Cuts","floor":15,"key":"SMITH"}],"neow_cost":"NONE","seed_source_timestamp":325125054526500,"circlet_count":0,"master_deck":["AscendersBane","Defend_G","Defend_G","Defend_G","Defend_G","Defend_G","Strike_G","Strike_G","Strike_G","Strike_G","Strike_G","Survivor","Neutralize+1","Infinite Blades","Well Laid Plans","Skewer+1","Dodge and Roll","Backstab","Footwork","Cloak And Dagger","Bouncing Flask","PiercingWail","A Thousand Cuts+1","Burst","Cloak And Dagger"],"relics":["Ring of the Snake","Tiny Chest","Dream Catcher","Oddly Smooth Stone","Runic Dome"],"potions_floor_usage":[10,19],"damage_taken":[{"damage":1,"enemies":"Small Slimes","floor":1,"turns":3},{"damage":1,"enemies":"2 Louse","floor":3,"turns":3},{"damage":2,"enemies":"Cultist","floor":4,"turns":5},{"damage":9,"enemies":"Large Slime","floor":5,"turns":6},{"damage":34,"enemies":"Lagavulin","floor":7,"turns":8},{"damage":31,"enemies":"Gremlin Nob","floor":10,"turns":5},{"damage":0,"enemies":"2 Fungi Beasts","floor":14,"turns":3},{"damage":24,"enemies":"Hexaghost","floor":16,"turns":11},{"damage":25,"enemies":"Shell Parasite","floor":18,"turns":6},{"damage":11,"enemies":"3 Byrds","floor":19,"turns":3}],"seed_played":"-9062099080943904097","potions_obtained":[{"floor":1,"key":"Ancient Potion"},{"floor":10,"key":"FairyPotion"},{"floor":14,"key":"SpeedPotion"},{"floor":18,"key":"PowerPotion"}],"is_trial":false,"path_per_floor":["M","?","M","M","M","R","E","R","T","E","?","$","R","M","R","B",null,"M","M","?"],"character_chosen":"THE_SILENT","items_purchased":["Footwork","Cloak And Dagger","Bouncing Flask"],"campfire_rested":2,"item_purchase_floors":[12,12,12],"current_hp_per_floor":[58,63,62,60,51,51,17,38,38,7,7,7,28,28,28,4,54,29,18,0],"gold":144,"neow_bonus":"UPGRADE_CARD","is_prod":false,"is_daily":false,"chose_seed":false,"campfire_upgraded":2,"win_rate":0,"timestamp":1550436372,"path_taken":["M","?","M","M","M","R","E","R","T","E","?","$","R","M","R","BOSS","M","?","?"],"build_version":"2019-02-06","purchased_purges":1,"victory":false,"max_hp_per_floor":[66,71,71,71,71,71,71,71,71,71,71,71,71,71,71,71,71,71,71,71],"card_choices":[{"not_picked":["Finisher","Quick Slash"],"picked":"Infinite Blades","floor":1},{"not_picked":["Deflect","Backflip"],"picked":"Well Laid Plans","floor":3},{"not_picked":["All Out Attack","Dagger Spray"],"picked":"Skewer","floor":4},{"not_picked":["Accuracy","Backflip"],"picked":"Dodge and Roll","floor":5},{"not_picked":["Deadly Poison","Distraction"],"picked":"Backstab","floor":7},{"not_picked":["Distraction","Finisher","Heel Hook"],"picked":"SKIP","floor":10},{"not_picked":["Backflip","Riddle With Holes"],"picked":"PiercingWail","floor":13},{"not_picked":["Sucker Punch","Outmaneuver"],"picked":"A Thousand Cuts","floor":14},{"not_picked":["Corpse Explosion","Tools of the Trade"],"picked":"Burst","floor":16},{"not_picked":["Backflip","Catalyst"],"picked":"Cloak And Dagger","floor":18},{"not_picked":["Dagger Spray","Eviscerate","Deadly Poison"],"picked":"SKIP","floor":19}],"player_experience":1329599,"relics_obtained":[{"floor":7,"key":"Tiny Chest"},{"floor":9,"key":"Dream Catcher"},{"floor":10,"key":"Oddly Smooth Stone"}],"event_choices":[{"damage_healed":0,"gold_gain":0,"player_choice":"Donut","damage_taken":0,"max_hp_gain":5,"max_hp_loss":0,"event_name":"Big Fish","floor":2,"gold_loss":0},{"damage_healed":0,"gold_gain":0,"player_choice":"Cursed","damage_taken":0,"max_hp_gain":0,"max_hp_loss":0,"event_name":"Wheel of Change","floor":11,"gold_loss":0,"cards_obtained":["Decay"]}],"is_beta":true,"boss_relics":[{"not_picked":["Coffee Dripper","HoveringKite"],"picked":"Runic Dome"}],"items_purged_floors":[12],"is_endless":false,"potions_floor_spawned":[1,10,14,18],"ascension_level":20}