{"gold_per_floor":[18,38,49,68,68,68,78,410,433,468,468,494,494,512,512,609,609,620,632,286,286,296,296,296,322,347,367,379,379,122,148,148,252,252,270,286,286,296,371,371,388,388,388,413,427,457,467,23,23,23],"floor_reached":50,"playtime":3363,"items_purged":["Strike_B","Strike_B"],"score":822,"play_id":"60cb8bfa-a3ac-4410-95cb-6a135a6078f1","local_time":"20181214160115","is_ascension_mode":true,"campfire_choices":[{"data":"Zap","floor":6.0,"key":"SMITH"},{"floor":11.0,"key":"REST"},{"floor":13.0,"key":"REST"},{"data":"White Noise","floor":15.0,"key":"SMITH"},{"floor":23.0,"key":"REST"},{"data":"Dualcast","floor":29.0,"key":"SMITH"},{"data":"Hologram","floor":32.0,"key":"SMITH"},{"floor":40,"key":"REST"},{"data":"Fission","floor":42,"key":"SMITH"},{"floor":49,"key":"REST"}],"neow_cost":"NO_GOLD","seed_source_timestamp":0,"circlet_count":0,"master_deck":["Defend_B","Defend_B","Defend_B","Zap+1","Dualcast+1","Gash","Beam Cell","Conserve Battery","Rebound","Go for the Eyes","Undo+1","Stack","Double Energy","White Noise+1","Loop","Machine Learning","Compile Driver","Capacitor","Panache","Coolheaded+1","Leap","BootSequence","Steam+1","Gash","Reboot","Hologram+1","Fission+1","Static Discharge+1","Sweeping Beam+1","Storm+1","Steam+1","Beam Cell+1","Reinforced Body+1","Ball Lightning+1","Cold Snap+1","Go for the Eyes+1","Coolheaded","Tempest","Core Surge","Cold Snap+1"],"special_seed":0,"relics":["Cracked Core","Bird Faced Urn","Old Coin","Ancient Tea Set","Dream Catcher","Bag of Preparation","Nuclear Battery","Pen Nib","Vajra","Red Mask","Astrolabe","Singing Bowl","Orichalcum","Blood Vial","War Paint"],"potions_floor_usage":[47,50,50,50],"damage_taken":[{"damage":3.0,"enemies":"2 Louse","floor":1.0,"turns":2.0},{"damage":3.0,"enemies":"Small Slimes","floor":2.0,"turns":3.0},{"damage":1.0,"enemies":"Cultist","floor":3.0,"turns":3.0},{"damage":0.0,"enemies":"Large Slime","floor":4.0,"turns":4.0},{"damage":7.0,"enemies":"Red Slaver","floor":7.0,"turns":3.0},{"damage":18.0,"enemies":"Lagavulin","floor":8.0,"turns":5.0},{"damage":7.0,"enemies":"3 Sentries","floor":10.0,"turns":5.0},{"damage":28.0,"enemies":"Lagavulin","floor":12.0,"turns":8.0},{"damage":0.0,"enemies":"2 Fungi Beasts","floor":14.0,"turns":2.0},{"damage":14.0,"enemies":"The Guardian","floor":16.0,"turns":15.0},{"damage":15.0,"enemies":"Shell Parasite","floor":18.0,"turns":8.0},{"damage":16.0,"enemies":"3 Byrds","floor":19.0,"turns":6.0},{"damage":33.0,"enemies":"Colosseum Slavers","floor":21.0,"turns":4.0},{"damage":1.0,"enemies":"3 Cultists","floor":22.0,"turns":5.0},{"damage":21.0,"enemies":"Gremlin Leader","floor":25.0,"turns":6.0},{"damage":14.0,"enemies":"Centurion and Healer","floor":27.0,"turns":6.0},{"damage":1.0,"enemies":"Snake Plant","floor":28.0,"turns":4.0},{"damage":25.0,"enemies":"Masked Bandits","floor":31.0,"turns":5.0},{"damage":0.0,"enemies":"Automaton","floor":33.0,"turns":10.0},{"damage":5.0,"enemies":"Orb Walker","floor":35.0,"turns":3.0},{"damage":8.0,"enemies":"3 Shapes","floor":36.0,"turns":5.0},{"damage":27,"enemies":"Spire Growth","floor":38,"turns":5},{"damage":4,"enemies":"3 Darklings","floor":41,"turns":5},{"damage":15,"enemies":"Nemesis","floor":44,"turns":7},{"damage":0,"enemies":"Transient","floor":45,"turns":5},{"damage":38,"enemies":"Giant Head","floor":46,"turns":8},{"damage":36,"enemies":"Spire Growth","floor":47,"turns":5},{"damage":72,"enemies":"Time Eater","floor":50,"turns":13}],"seed_played":"3476496531588966491","potions_obtained":[{"floor":3.0,"key":"PowerPotion"},{"floor":7.0,"key":"Weak Potion"},{"floor":8.0,"key":"Energy Potion"},{"floor":10.0,"key":"Regen Potion"},{"floor":12.0,"key":"Block Potion"},{"floor":22.0,"key":"PowerPotion"},{"floor":27.0,"key":"PowerPotion"},{"floor":36.0,"key":"Dexterity Potion"},{"floor":41,"key":"Ancient Potion"},{"floor":44,"key":"PowerPotion"}],"is_trial":false,"path_per_floor":["M","M","M","M","?","R","M","E","T","E","R","E","R","M","R","B",null,"M","M","$","?","M","R","?","E","T","M","M","R","$","?","R","B",null,"M","M","?","M","?","R","M","R","T","E","M","E","M","$","R","B"],"character_chosen":"DEFECT","items_purchased":["Capacitor","Panache","Coolheaded","Reboot","Coolheaded","Swift Potion","War Paint","Tempest","Core Surge"],"campfire_rested":5,"item_purchase_floors":[20,20,20,30,48,48,48,48,48],"current_hp_per_floor":[65,62,61,61,61,61,54,36,36,31,53,25,47,49,49,39,66,57,49,49,26,37,59,59,50,50,48,63,63,63,50,50,75,75,70,74,75,54,47,69,73,73,73,64,74,37,13,13,35,0],"gold":23,"neow_bonus":"ONE_RARE_RELIC","is_prod":false,"is_daily":false,"chose_seed":false,"campfire_upgraded":5,"win_rate":0,"timestamp":1544810475,"path_taken":["M","M","M","M","?","R","M","E","T","E","R","E","R","M","R","BOSS","M","M","$","?","M","R","?","E","T","?","M","R","$","?","R","BOSS","M","M","?","?","?","R","?","R","T","E","M","E","M","$","R","BOSS"],"build_version":"2018-12-13","purchased_purges":2,"victory":false,"max_hp_per_floor":[75,75,75,75,75,75,75,75,75,75,75,75,75,75,75,75,75,75,75,75,75,75,75,75,75,75,75,75,75,75,75,75,75,75,75,75,75,75,75,75,75,75,75,75,75,75,75,75,75,75],"card_choices":[{"not_picked":["Ball Lightning","Recycle"],"picked":"Gash","floor":1.0},{"not_picked":["Chill","Coolheaded"],"picked":"Beam Cell","floor":2.0},{"not_picked":["Sunder","Self Repair"],"picked":"Conserve Battery","floor":3.0},{"not_picked":["Sweeping Beam","Ball Lightning"],"picked":"Rebound","floor":4.0},{"not_picked":["Aggregate","Blizzard","Redo"],"picked":"SKIP","floor":7.0},{"not_picked":["Scrape","Barrage"],"picked":"Go for the Eyes","floor":8.0},{"not_picked":["Fusion","Cold Snap"],"picked":"Undo","floor":10.0},{"not_picked":["Cold Snap","Hyperbeam"],"picked":"Stack","floor":11.0},{"not_picked":["Barrage","Thunder Strike"],"picked":"Double Energy","floor":12.0},{"not_picked":["Rebound","Redo"],"picked":"White Noise","floor":13.0},{"not_picked":["Cold Snap","Steam Power"],"picked":"Loop","floor":14.0},{"not_picked":["Meteor Strike","Reboot"],"picked":"Machine Learning","floor":16.0},{"not_picked":["Chaos","Consume"],"picked":"Static Discharge","floor":18.0},{"not_picked":["Beam Cell","Melter"],"picked":"Compile Driver","floor":19.0},{"not_picked":["Stack","Ball Lightning"],"picked":"Coolheaded+1","floor":22.0},{"not_picked":["Blizzard","Steam"],"picked":"Leap","floor":23.0},{"not_picked":["Cold Snap+1","Coolheaded"],"picked":"BootSequence","floor":25.0},{"not_picked":["Skim+1","Sweeping Beam"],"picked":"Steam","floor":27.0},{"not_picked":["Genetic Algorithm","Turbo"],"picked":"Gash","floor":28.0},{"not_picked":["Leap","Cold Snap"],"picked":"Hologram","floor":31.0},{"not_picked":["Buffer","Hyperbeam"],"picked":"Fission","floor":33.0},{"not_picked":["White Noise","Scrape","Streamline+1"],"picked":"SKIP","floor":35.0},{"not_picked":["Compile Driver","Stack"],"picked":"Steam+1","floor":36.0},{"not_picked":["Barrage","Coolheaded","Fusion"],"picked":"SKIP","floor":38},{"not_picked":["Ball Lightning+1","Doom and Gloom"],"picked":"Beam Cell+1","floor":41},{"not_picked":["Blizzard+1","Sunder+1"],"picked":"Reinforced Body+1","floor":44},{"not_picked":["Storm+1","Fission"],"picked":"Ball Lightning+1","floor":45},{"not_picked":["Streamline","Turbo"],"picked":"Cold Snap+1","floor":46},{"not_picked":["Turbo+1","Compile Driver+1"],"picked":"Go for the Eyes+1","floor":47},{"not_picked":["Coolheaded","Sweeping Beam+1"],"picked":"Cold Snap+1","floor":49}],"player_experience":239868,"relics_obtained":[{"floor":8.0,"key":"Old Coin"},{"floor":9.0,"key":"Ancient Tea Set"},{"floor":10.0,"key":"Dream Catcher"},{"floor":12.0,"key":"Bag of Preparation"},{"floor":25.0,"key":"Pen Nib"},{"floor":26.0,"key":"Vajra"},{"floor":31.0,"key":"Red Mask"},{"floor":43,"key":"Singing Bowl"},{"floor":44,"key":"Orichalcum"},{"floor":46,"key":"Blood Vial"}],"event_choices":[{"damage_healed":0.0,"max_hp_gain":0.0,"max_hp_loss":0.0,"gold_gain":0.0,"event_name":"Liars Game","player_choice":"Ignored","floor":5.0,"gold_loss":0.0,"damage_taken":0.0},{"damage_healed":0.0,"max_hp_gain":0.0,"max_hp_loss":0.0,"gold_gain":0.0,"event_name":"Colosseum","player_choice":"Fight","floor":21.0,"gold_loss":0.0,"damage_taken":0.0},{"damage_healed":0.0,"max_hp_gain":0.0,"max_hp_loss":0.0,"gold_gain":0.0,"event_name":"Colosseum","player_choice":"Fled From Nobs","floor":21.0,"gold_loss":0.0,"damage_taken":0.0},{"cards_removed":["Strike_B"],"damage_healed":0.0,"max_hp_gain":0.0,"max_hp_loss":0.0,"gold_gain":0.0,"event_name":"Purifier","player_choice":"Purged","floor":24.0,"gold_loss":0.0,"damage_taken":0.0},{"damage_healed":0.0,"max_hp_gain":0.0,"max_hp_loss":0.0,"gold_gain":0.0,"event_name":"Masked Bandits","player_choice":"Fought Bandits","floor":31.0,"gold_loss":0.0,"damage_taken":0.0},{"cards_removed":["Static Discharge"],"damage_healed":1.0,"max_hp_gain":0.0,"max_hp_loss":0.0,"gold_gain":0.0,"event_name":"Bonfire Elementals","player_choice":"Offered Uncommon","floor":37.0,"gold_loss":0.0,"damage_taken":0.0},{"damage_healed":0,"gold_gain":75,"player_choice":"Touch","damage_taken":7,"max_hp_gain":0,"max_hp_loss":0,"event_name":"FaceTrader","floor":39,"gold_loss":0}],"is_beta":false,"boss_relics":[{"not_picked":["Coffee Dripper","Fusion Hammer"],"picked":"Nuclear Battery"},{"not_picked":["Eternal Feather","Black Star"],"picked":"Astrolabe"}],"items_purged_floors":[20,30],"is_endless":false,"potions_floor_spawned":[3,7,8,10,12,21,22,27,36,41,44,46],"killed_by":"Time Eater","ascension_level":6}