{"gold_per_floor":[114,189,189,85,101,101,119,149,149,40,40,55,55,70,70,147,147,163,163,178,228,228],"floor_reached":22,"playtime":857,"items_purged":["Strike_G"],"score":340,"play_id":"f2de2314-a80c-4b71-b3d5-7d1451a598e8","local_time":"20181201234045","is_ascension_mode":true,"campfire_choices":[{"data":"Poisoned Stab","floor":6,"key":"SMITH"},{"data":"Noxious Fumes","floor":11,"key":"SMITH"},{"data":"Night Terror","floor":15,"key":"SMITH"}],"neow_cost":"NONE","seed_source_timestamp":1574216743565718,"circlet_count":0,"master_deck":["AscendersBane","Survivor","Neutralize+1","Quick Slash","Poisoned Stab+1","Slice","Dodge and Roll","Noxious Fumes+1","Cloak And Dagger","Night Terror+1","Poisoned Stab","PiercingWail","Deflect","Crippling Poison","Masterful Stab","Quick Slash","Infinite Blades","Slice","Dagger Spray","Deflect","Cloak And Dagger","Deflect"],"relics":["Ring of the Snake","Shovel","Prayer Wheel","Pandora\u0027s Box"],"potions_floor_usage":[8,22],"damage_taken":[{"damage":0,"enemies":"2 Louse","floor":1,"turns":3},{"damage":1,"enemies":"Small Slimes","floor":5,"turns":3},{"damage":0,"enemies":"Cultist","floor":7,"turns":3},{"damage":19,"enemies":"3 Sentries","floor":8,"turns":12},{"damage":3,"enemies":"Red Slaver","floor":12,"turns":5},{"damage":5,"enemies":"Large Slime","floor":14,"turns":8},{"damage":7,"enemies":"Hexaghost","floor":16,"turns":9},{"damage":29,"enemies":"Chosen","floor":18,"turns":5},{"damage":20,"enemies":"Shell Parasite","floor":20,"turns":6},{"damage":4,"enemies":"Centurion and Healer","floor":22,"turns":3}],"seed_played":"-839433144790787398","potions_obtained":[{"floor":7,"key":"Dexterity Potion"},{"floor":8,"key":"Ancient Potion"},{"floor":20,"key":"Energy Potion"}],"is_trial":false,"path_per_floor":["M","?","?","$","M","R","M","E","T","$","R","M","$","M","R","B",null,"M","?","M","?","M"],"character_chosen":"THE_SILENT","items_purchased":["Poisoned Stab","Noxious Fumes","Cloak And Dagger"],"campfire_rested":0,"item_purchase_floors":[4,10,10],"current_hp_per_floor":[59,48,48,48,47,47,47,28,28,28,28,25,25,20,20,13,53,24,24,4,4,0],"gold":228,"neow_bonus":"UPGRADE_CARD","is_prod":false,"is_daily":false,"chose_seed":false,"campfire_upgraded":3,"win_rate":0,"timestamp":1543732845,"path_taken":["M","?","?","$","M","R","M","E","T","$","R","M","$","?","R","BOSS","M","?","M","?","M"],"build_version":"2018-11-15","purchased_purges":1,"victory":false,"max_hp_per_floor":[66,66,66,66,66,66,66,66,66,66,66,66,66,66,66,66,66,66,66,66,66,66],"card_choices":[{"not_picked":["Prepared","Backflip"],"picked":"Quick Slash","floor":1},{"not_picked":["Outmaneuver","Prepared"],"picked":"Slice","floor":5},{"not_picked":["Underhanded Strike","Deadly Poison","Dagger Throw"],"picked":"SKIP","floor":7},{"not_picked":["Deflect","Accuracy"],"picked":"Dodge and Roll","floor":8},{"not_picked":["Tactician","Bane"],"picked":"Night Terror","floor":12},{"not_picked":["Outmaneuver","Deflect","Predator"],"picked":"SKIP","floor":12},{"not_picked":["Setup","Deflect"],"picked":"Poisoned Stab","floor":14},{"not_picked":["Dodge and Roll","Acrobatics"],"picked":"PiercingWail","floor":14},{"not_picked":["Quick Slash+1","Burst"],"picked":"Deflect","floor":18},{"not_picked":["Sucker Punch","Underhanded Strike","Dagger Spray"],"picked":"SKIP","floor":18},{"not_picked":["Concentrate","PiercingWail"],"picked":"Cloak And Dagger","floor":20},{"not_picked":["Prepared","Flechettes"],"picked":"Deflect","floor":20}],"player_experience":1150015,"relics_obtained":[{"floor":8,"key":"Shovel"},{"floor":9,"key":"Prayer Wheel"}],"event_choices":[{"damage_healed":0,"gold_gain":75,"player_choice":"Gather Gold","damage_taken":11,"max_hp_gain":0,"max_hp_loss":0,"event_name":"World of Goop","floor":2,"gold_loss":0},{"cards_removed":["Strike_G"],"damage_healed":0,"gold_gain":0,"player_choice":"Offered Basic","damage_taken":0,"max_hp_gain":0,"max_hp_loss":0,"event_name":"Bonfire Elementals","floor":3,"gold_loss":0},{"cards_removed":["Blade Dance"],"damage_healed":0,"gold_gain":0,"player_choice":"Elegance","damage_taken":0,"max_hp_gain":0,"max_hp_loss":0,"event_name":"Back to Basics","floor":19,"gold_loss":0},{"damage_healed":0,"gold_gain":50,"player_choice":"Stole From Cult","damage_taken":0,"max_hp_gain":0,"max_hp_loss":0,"event_name":"Nest","floor":21,"gold_loss":0}],"is_beta":true,"boss_relics":[{"not_picked":["Orrery","Empty Cage"],"picked":"Pandora\u0027s Box"}],"items_purged_floors":[4],"is_endless":false,"potions_floor_spawned":[7,8,20],"killed_by":"Centurion and Healer","ascension_level":17}