{"gold_per_floor":[118,118,118,9,27,27,47,47,47,47,57,57,91,60,60,132,132,143,68,78,95,109,109,142,142,142,142,13,13,23,38,38,112,112,132,6,6,56,71,96,96,96,96,46,46,81,0,13,13,13],"floor_reached":51,"playtime":2256,"items_purged":["Strike_R","Strike_R"],"score":1376,"play_id":"377453b0-7568-47f1-a3ca-40705cf6440a","local_time":"20181027150354","is_ascension_mode":true,"campfire_choices":[{"data":"Flex","floor":6.0,"key":"SMITH"},{"data":"Flame Barrier","floor":8.0,"key":"SMITH"},{"data":"Pommel Strike","floor":10.0,"key":"SMITH"},{"data":"Inflame","floor":12.0,"key":"SMITH"},{"data":"Demon Form","floor":15.0,"key":"SMITH"},{"data":"Battle Trance","floor":23.0,"key":"SMITH"},{"floor":25.0,"key":"REST"},{"data":"Sword Boomerang","floor":27.0,"key":"SMITH"},{"floor":32.0,"key":"REST"},{"floor":41,"key":"REST"},{"floor":49,"key":"REST"}],"neow_cost":"NONE","seed_source_timestamp":9657124990580,"circlet_count":0,"master_deck":["Strike_R","Strike_R","Defend_R","Defend_R","Defend_R","Defend_R","Bash+1","AscendersBane","Battle Trance+1","Sword Boomerang+1","Flex+1","Pommel Strike+1","Flame Barrier+1","Inflame+1","Demon Form+1","Shrug It Off+1","Immolate+1","Twin Strike+1","Clothesline+1","Heavy Blade+1","Spot Weakness+1","Anger+1","True Grit+1","Iron Wave+1","Pommel Strike+1","Pummel+1","Offering+1","Sword Boomerang+1","True Grit+1","Whirlwind+1","Madness+1","Madness+1","Shrug It Off+1","Pommel Strike+1"],"special_seed":0,"relics":["Black Blood","FaceOfCleric","Toxic Egg 2","Molten Egg 2","Orichalcum","Boot","Cursed Key","Strawberry","Meat on the Bone","Red Mask"],"potions_floor_usage":[39,50],"damage_taken":[{"damage":9.0,"enemies":"Jaw Worm","floor":1.0,"turns":3.0},{"damage":1.0,"enemies":"Cultist","floor":5.0,"turns":3.0},{"damage":0.0,"enemies":"Small Slimes","floor":7.0,"turns":2.0},{"damage":2.0,"enemies":"Exordium Wildlife","floor":11.0,"turns":5.0},{"damage":0.0,"enemies":"Gremlin Nob","floor":13.0,"turns":2.0},{"damage":5.0,"enemies":"Exordium Thugs","floor":14.0,"turns":5.0},{"damage":22.0,"enemies":"Hexaghost","floor":16.0,"turns":9.0},{"damage":7.0,"enemies":"Chosen","floor":18.0,"turns":4.0},{"damage":12.0,"enemies":"Shell Parasite","floor":20.0,"turns":5.0},{"damage":28.0,"enemies":"Sentry and Sphere","floor":21.0,"turns":4.0},{"damage":0.0,"enemies":"Snake Plant","floor":22.0,"turns":3.0},{"damage":37.0,"enemies":"Gremlin Leader","floor":24.0,"turns":6.0},{"damage":5.0,"enemies":"Centurion and Healer","floor":30.0,"turns":7.0},{"damage":28.0,"enemies":"Chosen and Byrds","floor":31.0,"turns":6.0},{"damage":8.0,"enemies":"Collector","floor":33.0,"turns":6.0},{"damage":6,"enemies":"Orb Walker","floor":35,"turns":2},{"damage":38,"enemies":"3 Shapes","floor":39,"turns":3},{"damage":34,"enemies":"Giant Head","floor":40,"turns":6},{"damage":18,"enemies":"Nemesis","floor":46,"turns":5},{"damage":2,"enemies":"Spire Growth","floor":48,"turns":4},{"damage":86,"enemies":"Awakened One","floor":50,"turns":8}],"seed_played":"6453545068663207348","potions_obtained":[{"floor":1.0,"key":"AttackPotion"},{"floor":5.0,"key":"Swift Potion"},{"floor":13.0,"key":"Energy Potion"},{"floor":14.0,"key":"Swift Potion"},{"floor":18.0,"key":"AttackPotion"},{"floor":21.0,"key":"Block Potion"},{"floor":22.0,"key":"Explosive Potion"},{"floor":31.0,"key":"BloodPotion"},{"floor":35,"key":"BloodPotion"},{"floor":40,"key":"GamblersBrew"}],"is_trial":false,"path_per_floor":["M","?","?","$","M","R","M","R","T","R","M","R","E","M","R","B",null,"M","$","M","M","M","R","E","R","T","R","$","?","M","M","R","B",null,"M","$","?","?","M","E","R","?","T","$","T","E","?","M","R","B"],"character_chosen":"IRONCLAD","items_purchased":["Sword Boomerang","Flex","Anger+1","True Grit+1","Iron Wave+1","True Grit+1","Shrug It Off+1"],"campfire_rested":4,"item_purchase_floors":[4,4,28,28,28,36,44],"current_hp_per_floor":[65,65,65,65,71,71,77,77,77,77,78,78,79,80,80,65,77,81,81,80,63,74,74,48,73,73,73,73,48,54,37,64,76,90,95,95,95,95,77,61,92,73,73,73,73,66,66,75,106,43],"gold":13,"neow_bonus":"UPGRADE_CARD","is_prod":false,"is_daily":false,"chose_seed":false,"campfire_upgraded":7,"win_rate":0,"timestamp":1540674234,"path_taken":["M","?","?","?","M","R","?","R","T","R","M","R","E","M","R","BOSS","M","$","M","M","M","R","E","R","T","R","$","?","?","M","R","BOSS","M","$","?","?","M","E","R","?","T","$","?","E","?","M","R","BOSS"],"build_version":"2018-10-25v2","purchased_purges":2,"victory":true,"max_hp_per_floor":[75,75,75,75,76,76,77,77,77,77,78,78,79,80,80,81,81,82,82,83,84,85,85,86,86,86,86,86,91,92,93,93,94,94,95,95,95,95,96,104,104,104,104,104,104,105,105,106,106,107],"card_choices":[{"not_picked":["Perfected Strike","Body Slam"],"picked":"Battle Trance","floor":1.0},{"not_picked":["Sword Boomerang","Rupture"],"picked":"Pommel Strike","floor":5.0},{"not_picked":["Power Through","Blood for Blood"],"picked":"Flame Barrier","floor":7.0},{"not_picked":["Pummel","Thunderclap"],"picked":"Inflame","floor":11.0},{"not_picked":["Fire Breathing","Thunderclap"],"picked":"Demon Form","floor":13.0},{"not_picked":["Uppercut+1","Blood for Blood+1"],"picked":"Shrug It Off+1","floor":14.0},{"not_picked":["Brutality","Bludgeon+1"],"picked":"Immolate+1","floor":16.0},{"not_picked":["Pommel Strike+1","Clash+1"],"picked":"Twin Strike+1","floor":18.0},{"not_picked":["Thunderclap+1","Dropkick+1"],"picked":"Clothesline+1","floor":20.0},{"not_picked":["Fire Breathing+1","Inflame+1"],"picked":"Heavy Blade+1","floor":21.0},{"not_picked":["Cleave+1","Burning Pact+1"],"picked":"Spot Weakness+1","floor":22.0},{"not_picked":["Armaments+1","Sever Soul+1","Berserk"],"picked":"SKIP","floor":24.0},{"not_picked":["Dropkick+1","Entrench+1"],"picked":"Pommel Strike+1","floor":30.0},{"not_picked":["Pommel Strike+1","Sword Boomerang+1"],"picked":"Pummel+1","floor":31.0},{"not_picked":["Berserk","Juggernaut"],"picked":"Offering+1","floor":33.0},{"not_picked":["Heavy Blade+1","Armaments+1"],"picked":"Sword Boomerang+1","floor":35},{"not_picked":["Burning Pact+1","Warcry+1"],"picked":"Whirlwind+1","floor":39},{"not_picked":["Rupture+1","Fiend Fire+1","Clothesline+1"],"picked":"SKIP","floor":40},{"not_picked":["Metallicize+1","Intimidate+1","Sentinel+1"],"picked":"SKIP","floor":46},{"not_picked":["Armaments+1","True Grit+1"],"picked":"Pommel Strike+1","floor":48}],"player_experience":1067913,"relics_obtained":[{"floor":9.0,"key":"Toxic Egg 2"},{"floor":13.0,"key":"Molten Egg 2"},{"floor":24.0,"key":"Orichalcum"},{"floor":26.0,"key":"Boot"},{"floor":40,"key":"Strawberry"},{"floor":46,"key":"Meat on the Bone"}],"event_choices":[{"damage_healed":0.0,"max_hp_gain":0.0,"max_hp_loss":0.0,"gold_gain":0.0,"event_name":"FaceTrader","player_choice":"Trade","floor":2.0,"gold_loss":0.0,"damage_taken":0.0,"relics_obtained":["FaceOfCleric"]},{"damage_healed":0.0,"max_hp_gain":0.0,"max_hp_loss":0.0,"gold_gain":0.0,"event_name":"Liars Game","player_choice":"Ignored","floor":3.0,"gold_loss":0.0,"damage_taken":0.0},{"damage_healed":0.0,"max_hp_gain":5.0,"max_hp_loss":0.0,"gold_gain":0.0,"event_name":"Forgotten Altar","player_choice":"Shed Blood","floor":29.0,"gold_loss":0.0,"damage_taken":30.0},{"cards_removed":["Strike_R"],"damage_healed":0,"gold_gain":0,"player_choice":"Removed Attack","damage_taken":0,"max_hp_gain":0,"max_hp_loss":0,"event_name":"Falling","floor":37,"gold_loss":0},{"damage_healed":0,"gold_gain":100,"player_choice":"Pray","damage_taken":0,"max_hp_gain":0,"max_hp_loss":0,"event_name":"Golden Shrine","floor":38,"gold_loss":0},{"damage_healed":0,"gold_gain":0,"player_choice":"Embrace Madness","damage_taken":19,"max_hp_gain":0,"max_hp_loss":0,"event_name":"Winding Halls","floor":42,"gold_loss":0,"cards_obtained":["Madness","Madness"]},{"damage_healed":0,"gold_gain":0,"player_choice":"Paid","damage_taken":0,"relics_obtained":["Red Mask"],"max_hp_gain":0,"max_hp_loss":0,"event_name":"Tomb of Lord Red Mask","floor":47,"gold_loss":81}],"is_beta":true,"boss_relics":[{"not_picked":["Empty Cage","Coffee Dripper"],"picked":"Black Blood"},{"not_picked":["Snecko Eye","Lizard Tail"],"picked":"Cursed Key"}],"items_purged_floors":[19,36],"is_endless":false,"potions_floor_spawned":[1,5,13,14,18,21,22,31,35,40],"ascension_level":16}