{"gold_per_floor":[115,135,135,135,146,146,146,146,146,106,122,122,122,52,52,148,148,167,183,198,298,298,298,314,314],"floor_reached":25,"playtime":4520,"items_purged":[],"score":191,"play_id":"646e6841-f532-4042-b849-3913d44c51a3","local_time":"20190201004112","is_ascension_mode":false,"campfire_choices":[{"data":"Iron Wave","floor":6,"key":"SMITH"},{"data":"Shrug It Off","floor":8,"key":"SMITH"},{"data":"Anger","floor":13,"key":"SMITH"},{"data":"Metallicize","floor":15,"key":"SMITH"},{"floor":23,"key":"REST"}],"neow_cost":"","seed_source_timestamp":1093555683786765,"circlet_count":0,"master_deck":["Strike_R","Strike_R","Strike_R","Strike_R","Strike_R","Defend_R","Defend_R","Defend_R","Defend_R","Bash","Iron Wave+1","Anger+1","Shrug It Off+1","Headbutt","Metallicize+1","Double Tap","Body Slam","Shrug It Off","Seeing Red","Cleave","Shockwave","Armaments","Perfected Strike","Searing Blow","Perfected Strike","Warcry"],"relics":["Burning Blood","Pear","Vajra","Ornamental Fan","Dodecahedron","Orrery","Mummified Hand","Charon\u0027s Ashes"],"potions_floor_usage":[19,25,25],"damage_taken":[{"damage":7,"enemies":"Small Slimes","floor":1,"turns":3},{"damage":8,"enemies":"Jaw Worm","floor":2,"turns":3},{"damage":1,"enemies":"Cultist","floor":5,"turns":3},{"damage":0,"enemies":"Exordium Wildlife","floor":11,"turns":4},{"damage":47,"enemies":"The Guardian","floor":16,"turns":12},{"damage":20,"enemies":"Shell Parasite","floor":18,"turns":6},{"damage":1,"enemies":"Chosen","floor":19,"turns":6},{"damage":7,"enemies":"Snecko","floor":20,"turns":6},{"damage":27,"enemies":"Colosseum Slavers","floor":21,"turns":5},{"damage":58,"enemies":"Colosseum Nobs","floor":21,"turns":7},{"damage":21,"enemies":"Snake Plant","floor":24,"turns":6},{"damage":19,"enemies":"Gremlin Leader","floor":25,"turns":3}],"seed_played":"6326024698279689840","potions_obtained":[{"floor":5,"key":"PowerPotion"},{"floor":10,"key":"EntropicBrew"},{"floor":10,"key":"LiquidBronze"},{"floor":18,"key":"BloodPotion"},{"floor":20,"key":"SpeedPotion"}],"is_trial":false,"path_per_floor":["M","M","?","?","M","R","T","R","T","?","M","T","R","$","R","B",null,"M","M","M","?","?","R","M","E"],"character_chosen":"IRONCLAD","items_purchased":["Metallicize"],"campfire_rested":1,"item_purchase_floors":[14],"current_hp_per_floor":[79,77,80,80,85,85,85,85,85,85,90,90,90,90,90,49,90,76,90,89,16,7,34,19,0],"gold":314,"neow_bonus":"","is_prod":false,"is_daily":false,"chose_seed":false,"campfire_upgraded":4,"win_rate":0.0,"timestamp":1548981672,"path_taken":["M","M","?","?","M","R","?","R","T","?","?","?","R","$","R","BOSS","M","?","M","?","?","R","M","E"],"build_version":"2019-01-23","purchased_purges":0,"victory":false,"max_hp_per_floor":[80,80,90,90,90,90,90,90,90,90,90,90,90,90,90,90,90,90,90,90,90,90,90,90,90],"card_choices":[{"not_picked":["Inflame","True Grit"],"picked":"Iron Wave","floor":1},{"not_picked":["Armaments","Metallicize"],"picked":"Anger","floor":2},{"not_picked":["Warcry","Clash"],"picked":"Shrug It Off","floor":5},{"not_picked":["Twin Strike","Blood for Blood"],"picked":"Headbutt","floor":11},{"not_picked":["Demon Form","Fiend Fire"],"picked":"Double Tap","floor":16},{"not_picked":["Sever Soul","Sword Boomerang"],"picked":"Body Slam","floor":17},{"not_picked":["True Grit","Twin Strike"],"picked":"Shrug It Off","floor":17},{"not_picked":["Sword Boomerang","Flex"],"picked":"Seeing Red","floor":17},{"not_picked":["Twin Strike","Clash"],"picked":"Cleave","floor":17},{"not_picked":["Perfected Strike","Corruption"],"picked":"Shockwave","floor":17},{"not_picked":["Blood for Blood","Demon Form"],"picked":"Armaments","floor":18},{"not_picked":["Ghostly Armor","Clash"],"picked":"Perfected Strike","floor":19},{"not_picked":["Rampage","Rupture"],"picked":"Searing Blow","floor":20},{"not_picked":["Flex+1","Cleave"],"picked":"Perfected Strike","floor":21},{"not_picked":["Twin Strike","Sever Soul"],"picked":"Warcry","floor":24}],"player_experience":0,"relics_obtained":[{"floor":7,"key":"Vajra"},{"floor":9,"key":"Ornamental Fan"},{"floor":12,"key":"Dodecahedron"},{"floor":21,"key":"Mummified Hand"},{"floor":21,"key":"Charon\u0027s Ashes"}],"event_choices":[{"damage_healed":0,"gold_gain":0,"player_choice":"Success","damage_taken":7,"relics_obtained":["Pear"],"max_hp_gain":0,"max_hp_loss":0,"event_name":"Scrap Ooze","floor":3,"gold_loss":0},{"damage_healed":0,"gold_gain":0,"player_choice":"Ignored","damage_taken":0,"max_hp_gain":0,"max_hp_loss":0,"event_name":"Liars Game","floor":4,"gold_loss":0},{"damage_healed":0,"gold_gain":0,"player_choice":"Bought 3 Potions","damage_taken":0,"max_hp_gain":0,"max_hp_loss":0,"event_name":"The Woman in Blue","floor":10,"gold_loss":0},{"damage_healed":0,"gold_gain":0,"player_choice":"Fight","damage_taken":0,"max_hp_gain":0,"max_hp_loss":0,"event_name":"Colosseum","floor":21,"gold_loss":0},{"damage_healed":0,"gold_gain":0,"player_choice":"Fought Nobs","damage_taken":0,"max_hp_gain":0,"max_hp_loss":0,"event_name":"Colosseum","floor":21,"gold_loss":0},{"damage_healed":0,"gold_gain":0,"player_choice":"Stopped","damage_taken":9,"max_hp_gain":0,"max_hp_loss":0,"event_name":"Cursed Tome","floor":22,"gold_loss":0}],"is_beta":false,"boss_relics":[{"not_picked":["Snecko Eye","Lizard Tail"],"picked":"Orrery"}],"items_purged_floors":[],"is_endless":false,"potions_floor_spawned":[5,16,18,20,21],"killed_by":"Gremlin Leader","ascension_level":0}