{"gold_per_floor":[119,137,149,167,184,184,209,209,233,233,252,286,286,299,299,299],"floor_reached":16,"playtime":632,"items_purged":[],"score":211,"play_id":"61d95151-0d48-4506-aab6-8b5e57ffb9ac","local_time":"20180830222610","is_ascension_mode":true,"campfire_choices":[{"data":"Neutralize","floor":6,"key":"SMITH"},{"data":"Bouncing Flask","floor":8,"key":"SMITH"},{"data":"Poisoned Stab","floor":13,"key":"SMITH"},{"data":"Poisoned Stab","floor":15,"key":"SMITH"}],"neow_cost":"NONE","seed_source_timestamp":1379287013053794,"circlet_count":0,"master_deck":["Defend_G","Defend_G","Defend_G","Defend_G","Defend_G","Strike_G","Strike_G","Strike_G","Strike_G","Survivor","Neutralize+1","AscendersBane","Slice","All Out Attack","Dagger Throw","Slice","Bouncing Flask+1","Poisoned Stab+1","Poisoned Stab+1","Blur"],"relics":["Ring of the Snake","Blood Vial","Art of War","Centennial Puzzle","Happy Flower"],"potions_floor_usage":[5,7,12,16],"damage_taken":[{"damage":2,"enemies":"2 Louse","floor":1,"turns":5},{"damage":1,"enemies":"Cultist","floor":2,"turns":5},{"damage":2,"enemies":"Jaw Worm","floor":3,"turns":5},{"damage":1,"enemies":"Looter","floor":4,"turns":4},{"damage":7,"enemies":"Large Slime","floor":5,"turns":4},{"damage":15,"enemies":"3 Sentries","floor":7,"turns":8},{"damage":5,"enemies":"Blue Slaver","floor":11,"turns":3},{"damage":5,"enemies":"Lagavulin","floor":12,"turns":7},{"damage":0,"enemies":"Exordium Wildlife","floor":14,"turns":2},{"damage":50,"enemies":"Slime Boss","floor":16,"turns":8}],"seed_played":"6009537890127902400","potions_obtained":[{"floor":2,"key":"PowerPotion"},{"floor":4,"key":"Block Potion"},{"floor":11,"key":"FearPotion"},{"floor":12,"key":"SkillPotion"}],"is_trial":false,"path_per_floor":["M","M","M","M","M","R","E","R","T","?","M","E","R","M","R"],"character_chosen":"THE_SILENT","items_purchased":[],"campfire_rested":0,"item_purchase_floors":[],"current_hp_per_floor":[59,60,60,61,56,56,43,43,43,43,40,37,37,39,39,0],"gold":299,"neow_bonus":"RANDOM_COMMON_RELIC","is_prod":false,"is_daily":false,"chose_seed":false,"campfire_upgraded":4,"win_rate":0,"timestamp":1535689570,"path_taken":["M","M","M","M","M","R","E","R","T","?","M","E","R","M","R","BOSS"],"build_version":"2018-08-30","purchased_purges":0,"victory":false,"max_hp_per_floor":[66,66,66,66,66,66,66,66,66,66,66,66,66,66,66,66],"card_choices":[{"not_picked":["Outmaneuver","Dodge and Roll"],"picked":"Slice","floor":1},{"not_picked":["Deflect","Setup"],"picked":"All Out Attack","floor":2},{"not_picked":["Blade Dance","Storm of Steel"],"picked":"Dagger Throw","floor":3},{"not_picked":["Blade Dance","Deflect"],"picked":"Slice","floor":4},{"not_picked":["Expertise","Underhanded Strike","Heel Hook"],"picked":"SKIP","floor":5},{"not_picked":["Reflex","Backflip"],"picked":"Bouncing Flask","floor":7},{"not_picked":["PiercingWail","Blade Dance"],"picked":"Poisoned Stab","floor":11},{"not_picked":["Flying Knee","Riddle With Holes"],"picked":"Poisoned Stab","floor":12},{"not_picked":["Prepared","Blade Dance"],"picked":"Blur","floor":14}],"player_experience":1008148,"relics_obtained":[{"floor":7,"key":"Art of War"},{"floor":9,"key":"Centennial Puzzle"},{"floor":12,"key":"Happy Flower"}],"event_choices":[{"event_name":"Bonfire Elementals","player_choice":"BASIC","floor":10,"damage_taken":0}],"is_beta":true,"boss_relics":[],"items_purged_floors":[],"is_endless":false,"potions_floor_spawned":[2,4,11,12],"killed_by":"Slime Boss","ascension_level":17}