{"gold_per_floor":[213,7,24,24,36,36,56,56,56,106,2,29,0,30,30,30],"floor_reached":16,"playtime":673,"items_purged":["Strike_G"],"score":191,"play_id":"f51f0389-e8c4-4db1-afe2-5bbba94b41c0","local_time":"20190120161506","is_ascension_mode":true,"campfire_choices":[{"data":"Noxious Fumes","floor":6,"key":"SMITH"},{"data":"Envenom","floor":8,"key":"SMITH"},{"floor":15,"key":"REST"}],"neow_cost":"NONE","seed_source_timestamp":944525133135127,"circlet_count":0,"master_deck":["AscendersBane","Defend_G","Defend_G","Defend_G","Defend_G","Defend_G","Strike_G","Strike_G","Strike_G","Survivor","Neutralize","Noxious Fumes+1","Terror","Sucker Punch","Envenom+1","Well Laid Plans","Corpse Explosion","Blur"],"relics":["Ring of the Snake","The Courier","Kunai"],"potions_floor_usage":[5,7,12,16],"damage_taken":[{"damage":2,"enemies":"Jaw Worm","floor":1,"turns":6},{"damage":1,"enemies":"Cultist","floor":3,"turns":5},{"damage":0,"enemies":"Small Slimes","floor":5,"turns":3},{"damage":16,"enemies":"Exordium Thugs","floor":7,"turns":7},{"damage":27,"enemies":"Gremlin Nob","floor":12,"turns":4},{"damage":6,"enemies":"Looter","floor":13,"turns":4},{"damage":33,"enemies":"Slime Boss","floor":16,"turns":7}],"seed_played":"-2834472813984630599","potions_obtained":[{"floor":3,"key":"Dexterity Potion"}],"is_trial":false,"path_per_floor":["M","$","M","?","M","R","M","R","T","?","$","E","M","?","R","B"],"character_chosen":"THE_SILENT","items_purchased":["Terror","Strength Potion","SpeedPotion","Regen Potion"],"campfire_rested":1,"item_purchase_floors":[2,2,11,11],"current_hp_per_floor":[57,57,56,56,56,56,40,40,40,34,34,19,13,13,32,0],"gold":30,"neow_bonus":"HUNDRED_GOLD","is_prod":false,"is_daily":false,"chose_seed":false,"campfire_upgraded":2,"win_rate":0,"timestamp":1548026106,"path_taken":["M","$","M","?","?","R","M","R","T","?","?","E","M","?","R","BOSS"],"build_version":"2019-01-19","purchased_purges":1,"victory":false,"max_hp_per_floor":[66,66,66,66,66,66,66,66,66,66,66,66,66,66,66,66],"card_choices":[{"not_picked":["Deflect","Eviscerate"],"picked":"Noxious Fumes","floor":1},{"not_picked":["Bane","Flying Knee"],"picked":"Sucker Punch","floor":3},{"not_picked":["Sucker Punch","Cloak And Dagger"],"picked":"Well Laid Plans","floor":5},{"not_picked":["Reflex","Accuracy"],"picked":"Corpse Explosion","floor":7},{"not_picked":["Blade Dance","Deadly Poison","Flying Knee"],"picked":"SKIP","floor":12},{"not_picked":["PiercingWail","Slice"],"picked":"Blur","floor":13}],"player_experience":1239448,"relics_obtained":[{"floor":9,"key":"The Courier"},{"floor":12,"key":"Kunai"}],"event_choices":[{"damage_healed":0,"gold_gain":0,"cards_transformed":["Strike_G"],"player_choice":"Transformed","damage_taken":0,"max_hp_gain":0,"max_hp_loss":0,"event_name":"Transmorgrifier","floor":4,"gold_loss":0,"cards_obtained":["Envenom"]},{"damage_healed":0,"gold_gain":50,"player_choice":"Touch","damage_taken":6,"max_hp_gain":0,"max_hp_loss":0,"event_name":"FaceTrader","floor":10,"gold_loss":0},{"damage_healed":0,"gold_gain":30,"player_choice":"Searched \u00271\u0027 times","damage_taken":0,"max_hp_gain":0,"max_hp_loss":0,"event_name":"Dead Adventurer","floor":14,"gold_loss":0}],"is_beta":true,"boss_relics":[],"items_purged_floors":[2],"is_endless":false,"potions_floor_spawned":[3],"killed_by":"Slime Boss","ascension_level":19}