{"gold_per_floor":[113,113,188,207,207,207,57,57,133,161,174,174,192,207,207,280,280,296,306,92,109,124,124,141,141],"floor_reached":25,"playtime":1201,"items_purged":["Strike_B"],"score":390,"play_id":"9369641a-c714-4921-8ba3-1f901083ef78","local_time":"20180919141216","is_ascension_mode":true,"campfire_choices":[{"floor":6,"key":"REST"},{"data":"Creative AI","floor":8,"key":"SMITH"},{"floor":12,"key":"REST"},{"data":"Defragment","floor":15,"key":"SMITH"},{"floor":23,"key":"REST"}],"neow_cost":"NONE","seed_source_timestamp":586075173177952,"circlet_count":0,"master_deck":["Strike_B","Strike_B","Strike_B+1","Defend_B","Defend_B","Defend_B","Defend_B","Zap","Dualcast","AscendersBane","Creative AI+1","Hologram","Compile Driver+1","Loop","Steam","Cold Snap","Defragment+1","BootSequence","Electrodynamics","Leap+1","Self Repair","Undo","Capacitor","Self Repair"],"relics":["Cracked Core","Letter Opener","Ornamental Fan","Snecko Eye"],"potions_floor_usage":[11,14,16,16,18,21,22,24],"damage_taken":[{"damage":10,"enemies":"Small Slimes","floor":1,"turns":4},{"damage":6,"enemies":"Cultist","floor":4,"turns":4},{"damage":20,"enemies":"Lagavulin","floor":10,"turns":7},{"damage":12,"enemies":"Jaw Worm","floor":11,"turns":3},{"damage":1,"enemies":"Looter","floor":13,"turns":4},{"damage":0,"enemies":"3 Louse","floor":14,"turns":2},{"damage":19,"enemies":"Slime Boss","floor":16,"turns":10},{"damage":12,"enemies":"Chosen","floor":18,"turns":4},{"damage":15,"enemies":"Spheric Guardian","floor":19,"turns":5},{"damage":5,"enemies":"Snecko","floor":21,"turns":6},{"damage":13,"enemies":"Centurion and Healer","floor":22,"turns":4},{"damage":35,"enemies":"Sentry and Sphere","floor":24,"turns":7},{"damage":0,"enemies":"Slavers","floor":25,"turns":1}],"seed_played":"3641884172848896477","potions_obtained":[{"floor":1,"key":"Swift Potion"},{"floor":2,"key":"Fire Potion"},{"floor":2,"key":"Explosive Potion"},{"floor":13,"key":"Strength Potion"},{"floor":14,"key":"Swift Potion"},{"floor":16,"key":"SkillPotion"},{"floor":19,"key":"Explosive Potion"},{"floor":21,"key":"Energy Potion"}],"is_trial":false,"path_per_floor":["M","?","?","M","?","R","$","R","T","E","M","R","M","M","R","B",null,"M","M","$","M","M","R","M"],"character_chosen":"DEFECT","items_purchased":["Loop","Steam","Cold Snap","Block Potion","Self Repair"],"campfire_rested":3,"item_purchase_floors":[7,7,7,20,20],"current_hp_per_floor":[54,54,43,37,16,37,37,37,37,17,5,26,25,25,25,6,55,43,28,28,30,17,38,10,10],"gold":141,"neow_bonus":"ONE_RANDOM_RARE_CARD","is_prod":false,"is_daily":false,"chose_seed":false,"campfire_upgraded":2,"win_rate":0,"timestamp":1537387936,"path_taken":["M","?","?","?","?","R","$","R","T","E","M","R","M","?","R","BOSS","M","?","$","M","M","R","M","E"],"build_version":"2018-09-18v3","purchased_purges":1,"victory":false,"max_hp_per_floor":[71,71,71,71,71,71,71,71,71,71,71,71,71,71,71,71,71,71,71,71,71,71,71,71,71],"card_choices":[{"not_picked":["Recycle","Compile Driver"],"picked":"Hologram","floor":1},{"not_picked":["Barrage","Darkness"],"picked":"Compile Driver","floor":4},{"not_picked":["Undo","Rebound"],"picked":"Defragment","floor":10},{"not_picked":["Recycle","Barrage","Steam Power"],"picked":"SKIP","floor":11},{"not_picked":["Hologram","Blizzard","Compile Driver"],"picked":"SKIP","floor":13},{"not_picked":["Sunder","Leap"],"picked":"BootSequence","floor":14},{"not_picked":["Thunder Strike","Core Surge"],"picked":"Electrodynamics","floor":16},{"not_picked":["Sweeping Beam","Steam","Reprogram+1"],"picked":"SKIP","floor":18},{"not_picked":["Go for the Eyes","Genetic Algorithm"],"picked":"Leap+1","floor":19},{"not_picked":["Redo","Ball Lightning"],"picked":"Undo","floor":21},{"not_picked":["BootSequence","Compile Driver"],"picked":"Capacitor","floor":22},{"not_picked":["Static Discharge","Skim"],"picked":"Self Repair","floor":24}],"player_experience":1032527,"relics_obtained":[{"floor":9,"key":"Letter Opener"},{"floor":10,"key":"Ornamental Fan"}],"event_choices":[{"event_name":"The Lab","player_choice":"Got Potions","floor":2,"damage_taken":0},{"event_name":"World of Goop","player_choice":"Gather Gold","floor":3,"damage_taken":0},{"event_name":"Shining Light","player_choice":"Entered Light","floor":5,"damage_taken":0}],"is_beta":true,"boss_relics":[{"not_picked":["Velvet Choker","Fusion Hammer"],"picked":"Snecko Eye"}],"items_purged_floors":[20],"is_endless":false,"potions_floor_spawned":[1,13,14,16,19,21],"killed_by":"Slavers","ascension_level":18}