{"gold_per_floor":[110,110,110,124,138,165,165,205,205,205,205,224,224,260,260,260],"floor_reached":16,"playtime":755,"items_purged":[],"score":124,"play_id":"06319cac-0c13-49af-ba91-9dc7e88e2636","local_time":"20190219025842","is_ascension_mode":true,"campfire_choices":[{"data":"Hemokinesis","floor":10,"key":"SMITH"},{"floor":15,"key":"REST"}],"neow_cost":"NONE","seed_source_timestamp":429674370418047,"circlet_count":0,"master_deck":["Strike_R+1","Strike_R","Strike_R","Strike_R","Defend_R","Defend_R","Defend_R+1","Defend_R","Bash+1","Sword Boomerang","Burning Pact","Feel No Pain","Injury","Hemokinesis+1","Uppercut","Brutality"],"relics":["Burning Blood","Unceasing Top","Golden Idol","Nunchaku","Calipers","Ancient Tea Set","Du-Vu Doll"],"potions_floor_usage":[8,14],"damage_taken":[{"damage":5,"enemies":"2 Louse","floor":1,"turns":3},{"damage":0,"enemies":"Jaw Worm","floor":4,"turns":3},{"damage":0,"enemies":"Small Slimes","floor":5,"turns":4},{"damage":16,"enemies":"Gremlin Nob","floor":6,"turns":4},{"damage":21,"enemies":"3 Sentries","floor":8,"turns":11},{"damage":12,"enemies":"2 Fungi Beasts","floor":12,"turns":3},{"damage":28,"enemies":"Lagavulin","floor":14,"turns":4},{"damage":34,"enemies":"The Guardian","floor":16,"turns":5}],"seed_played":"-2091060305376619352","potions_obtained":[{"floor":1,"key":"LiquidBronze"},{"floor":5,"key":"Swift Potion"},{"floor":6,"key":"Dexterity Potion"}],"is_trial":false,"path_per_floor":["M","$","?","M","M","E","?","E","T","R","?","M","?","E","R","B"],"character_chosen":"IRONCLAD","items_purchased":[],"campfire_rested":1,"item_purchase_floors":[],"current_hp_per_floor":[80,80,64,70,76,66,66,51,51,51,39,33,33,11,35,1],"gold":260,"neow_bonus":"UPGRADE_CARD","is_prod":false,"is_daily":false,"chose_seed":false,"campfire_upgraded":1,"win_rate":0,"timestamp":1550541522,"path_taken":["M","$","?","M","M","E","?","E","T","R","?","?","?","E","R","BOSS"],"build_version":"2019-01-23","purchased_purges":0,"victory":false,"max_hp_per_floor":[80,80,80,80,80,80,80,80,80,80,80,80,80,80,80,80],"card_choices":[{"not_picked":["Evolve","Warcry","Feel No Pain"],"picked":"SKIP","floor":1},{"not_picked":["Battle Trance","Thunderclap"],"picked":"Sword Boomerang","floor":4},{"not_picked":["Clothesline","Clash"],"picked":"Burning Pact","floor":5},{"not_picked":["Clothesline","Fiend Fire"],"picked":"Feel No Pain","floor":6},{"not_picked":["Carnage","Warcry"],"picked":"Hemokinesis","floor":8},{"not_picked":["Cleave","Clash"],"picked":"Uppercut","floor":12},{"not_picked":["Whirlwind","Flex","Clothesline"],"picked":"SKIP","floor":14}],"player_experience":210580,"relics_obtained":[{"floor":6,"key":"Unceasing Top"},{"floor":8,"key":"Nunchaku"},{"floor":9,"key":"Calipers"},{"floor":14,"key":"Du-Vu Doll"}],"event_choices":[{"damage_healed":0,"gold_gain":0,"player_choice":"Entered Light","damage_taken":16,"max_hp_gain":0,"max_hp_loss":0,"event_name":"Shining Light","floor":3,"gold_loss":0,"cards_upgraded":["Strike_R","Defend_R"]},{"damage_healed":0,"gold_gain":0,"player_choice":"Take Wound","damage_taken":0,"relics_obtained":["Golden Idol"],"max_hp_gain":0,"max_hp_loss":0,"event_name":"Golden Idol","floor":7,"gold_loss":0,"cards_obtained":["Injury"]},{"damage_healed":0,"gold_gain":0,"player_choice":"Success","damage_taken":12,"relics_obtained":["Ancient Tea Set"],"max_hp_gain":0,"max_hp_loss":0,"event_name":"Scrap Ooze","floor":11,"gold_loss":0},{"damage_healed":0,"gold_gain":0,"cards_transformed":["Strike_R"],"player_choice":"Change","damage_taken":0,"max_hp_gain":0,"max_hp_loss":0,"event_name":"Living Wall","floor":13,"gold_loss":0,"cards_obtained":["Brutality"]}],"is_beta":false,"boss_relics":[],"items_purged_floors":[],"is_endless":false,"potions_floor_spawned":[1,5,6],"killed_by":"The Guardian","ascension_level":1}