{"gold_per_floor":[15,25,25,39,13,13,31,64,91,91,124,124,182,192,192,192],"floor_reached":16,"playtime":628,"items_purged":[],"score":156,"play_id":"9d19e764-02ae-4971-9c36-f84a3cc822ef","local_time":"20190212153007","is_ascension_mode":true,"campfire_choices":[{"data":"Consume","floor":6.0,"key":"SMITH"},{"floor":12.0,"key":"REST"},{"floor":15.0,"key":"REST"}],"neow_cost":"NO_GOLD","seed_source_timestamp":0,"circlet_count":0,"master_deck":["Strike_B","Strike_B","Strike_B","Strike_B","Defend_B","Defend_B","Defend_B","Defend_B","Zap","Dualcast","Rebound","Compile Driver","Consume+1","Steam","Defragment","Turbo","Regret","Double Energy","Steam Power","White Noise"],"special_seed":0,"relics":["Cracked Core","FossilizedHelix","Art of War","Oddly Smooth Stone","Omamori","Frozen Egg 2","Tiny Chest"],"potions_floor_usage":[16,16],"damage_taken":[{"damage":0.0,"enemies":"Cultist","floor":1.0,"turns":3.0},{"damage":0.0,"enemies":"2 Louse","floor":2.0,"turns":3.0},{"damage":0.0,"enemies":"Jaw Worm","floor":4.0,"turns":2.0},{"damage":0.0,"enemies":"2 Fungi Beasts","floor":7.0,"turns":2.0},{"damage":20.0,"enemies":"Lagavulin","floor":8.0,"turns":6.0},{"damage":33.0,"enemies":"Gremlin Nob","floor":11.0,"turns":4.0},{"damage":17.0,"enemies":"3 Sentries","floor":13.0,"turns":6.0},{"damage":8.0,"enemies":"3 Louse","floor":14.0,"turns":3.0},{"damage":36,"enemies":"Slime Boss","floor":16,"turns":4}],"seed_played":"-980055032324228463","potions_obtained":[{"floor":2.0,"key":"GamblersBrew"},{"floor":4.0,"key":"AttackPotion"},{"floor":11.0,"key":"FearPotion"}],"is_trial":false,"path_per_floor":["M","M","$","M","$","R","M","E","T","?","E","R","E","M","R","B"],"character_chosen":"DEFECT","items_purchased":["Steam"],"campfire_rested":2,"item_purchase_floors":[5],"current_hp_per_floor":[68,68,68,68,68,68,68,48,48,48,15,37,20,12,34,0],"gold":192,"neow_bonus":"ONE_RARE_RELIC","is_prod":false,"is_daily":false,"chose_seed":false,"campfire_upgraded":1,"win_rate":0,"timestamp":1549981807,"path_taken":["M","M","$","?","?","R","?","E","T","?","E","R","E","M","R","BOSS"],"build_version":"2019-01-23","purchased_purges":0,"victory":false,"max_hp_per_floor":[75,75,75,75,75,75,75,75,75,75,75,75,75,75,75,75],"card_choices":[{"not_picked":["Barrage","Reprogram"],"picked":"Rebound","floor":1.0},{"not_picked":["Conserve Battery","Auto Shields"],"picked":"Compile Driver","floor":2.0},{"not_picked":["Conserve Battery","Leap"],"picked":"Consume","floor":4.0},{"not_picked":["Hello World","Steam"],"picked":"Defragment","floor":7.0},{"not_picked":["Beam Cell","Streamline"],"picked":"Turbo","floor":8.0},{"not_picked":["Rebound","Core Surge"],"picked":"Double Energy","floor":11.0},{"not_picked":["Sweeping Beam","Leap"],"picked":"Steam Power","floor":13.0},{"not_picked":["Loop+1","Redo"],"picked":"White Noise","floor":14.0}],"player_experience":146359,"relics_obtained":[{"floor":8.0,"key":"Art of War"},{"floor":9.0,"key":"Oddly Smooth Stone"},{"floor":11.0,"key":"Frozen Egg 2"},{"floor":13.0,"key":"Tiny Chest"}],"event_choices":[{"damage_healed":0.0,"max_hp_gain":0.0,"max_hp_loss":0.0,"gold_gain":0.0,"event_name":"Big Fish","player_choice":"Box","floor":10.0,"gold_loss":0.0,"damage_taken":0.0,"relics_obtained":["Omamori"],"cards_obtained":["Regret"]}],"is_beta":false,"boss_relics":[],"items_purged_floors":[],"is_endless":false,"potions_floor_spawned":[2,4,11],"killed_by":"Slime Boss","ascension_level":6}