{"path_per_floor":["M","?","?","M","?","R","$","R","T","R","E","M","$","E","R","B",null,"M","M","M","?","M","R","E","R","T","?","E","M","M","E","R","B",null,"M","M","M","M","$","R","M","R","T","M","?","R","M","M","R"],"character_chosen":"THE_SILENT","items_purchased":["Lantern","Acrobatics","Well Laid Plans","Leg Sweep","Whetstone","Flash of Steel"],"gold_per_floor":[110,35,185,196,275,275,28,28,53,53,80,95,18,43,43,115,115,134,152,171,171,185,185,217,217,242,242,267,281,300,326,326,401,401,411,423,438,454,37,37,53,53,53,63,63,63,78,89,89,89],"floor_reached":50,"campfire_rested":2,"playtime":3680,"item_purchase_floors":[7,7,13,39,39,39],"current_hp_per_floor":[59,59,59,59,59,59,59,59,59,59,59,59,59,63,63,62,76,76,75,75,61,61,61,52,52,52,52,42,34,31,14,40,11,68,64,55,55,49,49,49,49,49,49,49,44,44,44,44,70,0],"items_purged":["Doubt","Strike_G"],"gold":89,"score":1037,"play_id":"da079d34-1ca2-4995-8cd5-b5cf3e889511","local_time":"20180601031344","is_prod":false,"is_daily":false,"chose_seed":false,"is_ascension_mode":true,"campfire_upgraded":9,"win_rate":0,"timestamp":1527844424,"campfire_choices":[{"data":"Neutralize","floor":6,"key":"SMITH"},{"data":"Choke","floor":8,"key":"SMITH"},{"data":"Acrobatics","floor":10,"key":"SMITH"},{"data":"All Out Attack","floor":15,"key":"SMITH"},{"data":"Burst","floor":23,"key":"SMITH"},{"data":"Malaise","floor":25,"key":"SMITH"},{"floor":32,"key":"REST"},{"data":"Catalyst","floor":40,"key":"SMITH"},{"data":"Bouncing Flask","floor":42,"key":"SMITH"},{"data":"Deadly Poison","floor":46,"key":"SMITH"},{"floor":49,"key":"REST"}],"path_taken":["M","?","?","M","?","R","$","R","T","R","E","?","?","E","R","BOSS","M","M","?","?","M","R","E","R","T","?","E","M","M","E","R","BOSS","M","M","?","M","$","R","M","R","T","M","?","R","M","M","R","BOSS"],"build_version":"2018-05-30v2","seed_source_timestamp":113191008680450,"purchased_purges":2,"victory":false,"master_deck":["Defend_G","Defend_G","Defend_G","Defend_G+1","Defend_G","Strike_G+1","Strike_G","Strike_G","Survivor","Neutralize+1","AscendersBane","Choke+1","All Out Attack+1","Acrobatics+1","Deflect","Backflip","Well Laid Plans","After Image","Burst+1","Outmaneuver","Distraction","Cloak And Dagger","Finesse+1","Catalyst+1","Malaise+1","Decay","Poisoned Stab+1","Bouncing Flask+1","Endless Agony","Night Terror","Dagger Spray+1","Poisoned Stab+1","Concentrate+1","Deadly Poison+1","Leg Sweep","Flash of Steel","Cloak And Dagger+1","Well Laid Plans+1","Cloak And Dagger+1"],"max_hp_per_floor":[66,66,66,66,66,66,66,66,66,66,66,66,66,80,80,80,80,80,80,80,80,80,80,87,87,87,87,87,87,87,87,87,87,87,87,87,87,87,87,87,87,87,87,87,87,87,87,87,87,87],"relics":["Ring of the Snake","NeowsBlessing","Lantern","Anchor","Thread and Needle","Mango","Sozu","Strawberry","Snake Skull","Boot","War Paint","Cursed Key","Whetstone"],"card_choices":[{"not_picked":["Deflect","Deadly Poison"],"picked":"Choke","floor":1},{"not_picked":["Heel Hook","Finisher"],"picked":"All Out Attack","floor":4},{"not_picked":["Deadly Poison","Eviscerate"],"picked":"Deflect","floor":11},{"not_picked":["Calculated Gamble","Deadly Poison"],"picked":"Backflip","floor":12},{"not_picked":["Quick Slash","Blade Dance"],"picked":"After Image","floor":14},{"not_picked":["Wraith Form v2","Bullet Time"],"picked":"Burst","floor":16},{"not_picked":["Dagger Throw","Poisoned Stab"],"picked":"Outmaneuver","floor":18},{"not_picked":["Prepared","Well Laid Plans"],"picked":"Distraction","floor":19},{"not_picked":["Flying Knee","Bane"],"picked":"Cloak And Dagger","floor":20},{"not_picked":["Expertise","Masterful Stab"],"picked":"Catalyst","floor":22},{"not_picked":["Bane","Dodge and Roll"],"picked":"Malaise","floor":24},{"not_picked":["Well Laid Plans","Calculated Gamble"],"picked":"Poisoned Stab","floor":28},{"not_picked":["Dagger Spray","Eviscerate"],"picked":"Bouncing Flask","floor":29},{"not_picked":["Accuracy","Underhanded Strike"],"picked":"Endless Agony","floor":30},{"not_picked":["Blade Dance","Slice","Riddle With Holes"],"picked":"SKIP","floor":31},{"not_picked":["Burst","Tools of the Trade"],"picked":"Night Terror","floor":33},{"not_picked":["Acrobatics","Infinite Blades"],"picked":"Dagger Spray+1","floor":35},{"not_picked":["Outmaneuver","Dash"],"picked":"Poisoned Stab+1","floor":36},{"not_picked":["Accuracy","PiercingWail"],"picked":"Concentrate+1","floor":37},{"not_picked":["Outmaneuver","Dagger Spray"],"picked":"Deadly Poison","floor":38},{"not_picked":["Poisoned Stab","Unload","Deflect"],"picked":"SKIP","floor":41},{"not_picked":["Deadly Poison","Poisoned Stab"],"picked":"Cloak And Dagger+1","floor":44},{"not_picked":["Deadly Poison","Outmaneuver+1"],"picked":"Well Laid Plans+1","floor":47},{"not_picked":["Poisoned Stab","Expertise"],"picked":"Cloak And Dagger+1","floor":48}],"player_experience":659732,"potions_floor_usage":[16,19],"damage_taken":[{"damage":0,"enemies":"2 Louse","floor":1,"turns":1},{"damage":0,"enemies":"Jaw Worm","floor":4,"turns":1},{"damage":0,"enemies":"Gremlin Nob","floor":11,"turns":1},{"damage":0,"enemies":"Small Slimes","floor":12,"turns":2},{"damage":10,"enemies":"Lagavulin","floor":14,"turns":8},{"damage":1,"enemies":"Slime Boss","floor":16,"turns":12},{"damage":0,"enemies":"Chosen","floor":18,"turns":5},{"damage":1,"enemies":"3 Byrds","floor":19,"turns":5},{"damage":0,"enemies":"Sentry and Sphere","floor":20,"turns":10},{"damage":0,"enemies":"Cultist and Chosen","floor":22,"turns":5},{"damage":16,"enemies":"Slavers","floor":24,"turns":8},{"damage":10,"enemies":"Gremlin Leader","floor":28,"turns":11},{"damage":8,"enemies":"3 Cultists","floor":29,"turns":5},{"damage":3,"enemies":"Snake Plant","floor":30,"turns":5},{"damage":17,"enemies":"Slavers","floor":31,"turns":5},{"damage":29,"enemies":"Automaton","floor":33,"turns":10},{"damage":4,"enemies":"3 Darklings","floor":35,"turns":5},{"damage":9,"enemies":"3 Shapes","floor":36,"turns":4},{"damage":0,"enemies":"3 Darklings","floor":37,"turns":7},{"damage":6,"enemies":"Maw","floor":38,"turns":6},{"damage":0,"enemies":"4 Shapes","floor":41,"turns":4},{"damage":0,"enemies":"Flame Bruiser 2 Orb","floor":44,"turns":4},{"damage":0,"enemies":"3 Darklings","floor":47,"turns":5},{"damage":0,"enemies":"Spire Growth","floor":48,"turns":4},{"damage":70,"enemies":"Donu and Deca","floor":50,"turns":5}],"relics_obtained":[{"floor":9,"key":"Anchor"},{"floor":11,"key":"Thread and Needle"},{"floor":14,"key":"Mango"},{"floor":24,"key":"Strawberry"},{"floor":26,"key":"Snake Skull"},{"floor":28,"key":"Boot"},{"floor":31,"key":"War Paint"}],"event_choices":[{"event_name":"The Cleric","player_choice":"Card Removal","floor":2,"damage_taken":0},{"event_name":"Liars Game","player_choice":"agreed","floor":3,"damage_taken":0},{"event_name":"Golden Wing","player_choice":"Gained Gold","floor":5,"damage_taken":0},{"event_name":"Knowing Skull","player_choice":"CARD ","floor":21,"damage_taken":0},{"event_name":"Wheel of Change","player_choice":"Curse","floor":27,"damage_taken":0},{"event_name":"The Woman in Blue","player_choice":"Bought 0 Potions","floor":45,"damage_taken":0}],"boss_relics":[{"not_picked":["Snecko Eye","Velvet Choker"],"picked":"Sozu"},{"not_picked":["Runic Pyramid","White Beast Statue"],"picked":"Cursed Key"}],"items_purged_floors":[7,39],"potions_floor_spawned":[4,11,18,22,28,30,33,35,44,47],"seed_played":"1999466953706132445","killed_by":"Donu and Deca","ascension_level":15,"potions_obtained":[{"floor":4,"key":"SpeedPotion"},{"floor":11,"key":"SteroidPotion"}],"is_trial":false}