{"gold_per_floor":[111,124,70,85,85,98,48,48,48,48,61,61,75,75,75,194,194,212,236,259,259,279,279,279,279,303,318,318,11,29,53,53,53],"floor_reached":33,"playtime":703,"items_purged":["Strike_R"],"score":241,"play_id":"4e80e128-81da-48c1-bec4-ceb6c38c22b8","local_time":"20181127211700","is_ascension_mode":false,"campfire_choices":[{"data":"Whirlwind","floor":8,"key":"SMITH"},{"data":"Inflame","floor":10,"key":"SMITH"},{"data":"Bash","floor":15,"key":"SMITH"},{"data":"Body Slam","floor":23,"key":"SMITH"},{"data":"Shockwave","floor":25,"key":"SMITH"},{"data":"Uppercut","floor":28,"key":"SMITH"},{"floor":32,"key":"REST"}],"neow_cost":"NONE","seed_source_timestamp":1642134107053,"circlet_count":0,"master_deck":["Strike_R","Strike_R","Defend_R","Defend_R","Defend_R","Defend_R","Bash+1","Whirlwind+1","Rage","Shrug It Off","Spot Weakness","Inflame+1","Body Slam+1","Limit Break","Shockwave+1","Warcry","Warcry","Headbutt","Hemokinesis+1","Pummel","Uppercut+1","Shrug It Off","Shrug It Off+1","Corruption","Intimidate+1","Flex"],"relics":["Burning Blood","NeowsBlessing","Golden Idol","Regal Pillow","Orrery","MutagenicStrength","Anchor","Juzu Bracelet"],"potions_floor_usage":[16,33,33],"damage_taken":[{"damage":0,"enemies":"Cultist","floor":1,"turns":1},{"damage":0,"enemies":"Small Slimes","floor":2,"turns":1},{"damage":0,"enemies":"Jaw Worm","floor":4,"turns":1},{"damage":20,"enemies":"Exordium Wildlife","floor":6,"turns":4},{"damage":7,"enemies":"Blue Slaver","floor":11,"turns":3},{"damage":0,"enemies":"3 Louse","floor":13,"turns":1},{"damage":65,"enemies":"Slime Boss","floor":16,"turns":11},{"damage":17,"enemies":"Chosen","floor":18,"turns":4},{"damage":0,"enemies":"3 Byrds","floor":19,"turns":5},{"damage":27,"enemies":"Centurion and Healer","floor":20,"turns":6},{"damage":24,"enemies":"Sentry and Sphere","floor":22,"turns":4},{"damage":19,"enemies":"Cultist and Chosen","floor":27,"turns":5},{"damage":2,"enemies":"Snake Plant","floor":30,"turns":2},{"damage":26,"enemies":"Sentry and Sphere","floor":31,"turns":6},{"damage":72,"enemies":"Collector","floor":33,"turns":6}],"seed_played":"5319502166466230176","potions_obtained":[{"floor":4,"key":"Strength Potion"},{"floor":11,"key":"PowerPotion"},{"floor":16,"key":"Swift Potion"},{"floor":18,"key":"Energy Potion"},{"floor":22,"key":"Block Potion"}],"is_trial":false,"path_per_floor":["M","M","$","M","?","M","?","R","T","R","M","?","M","?","R","B",null,"M","M","M","?","M","R","?","R","T","M","R","$","M","M","R","B"],"character_chosen":"IRONCLAD","items_purchased":["Shrug It Off","Corruption","Juzu Bracelet"],"campfire_rested":1,"item_purchase_floors":[3,29,29],"current_hp_per_floor":[80,80,80,80,60,46,46,46,46,46,45,38,44,70,70,11,80,69,75,54,80,62,62,62,62,62,49,49,49,53,33,72,0],"gold":53,"neow_bonus":"THREE_ENEMY_KILL","is_prod":false,"is_daily":false,"chose_seed":false,"campfire_upgraded":6,"win_rate":0,"timestamp":1543360620,"path_taken":["M","M","$","M","?","M","?","R","T","R","M","?","M","?","R","BOSS","M","M","M","?","?","R","?","R","T","M","R","$","M","M","R","BOSS"],"build_version":"2018-11-15","purchased_purges":1,"victory":false,"max_hp_per_floor":[80,80,80,80,80,80,80,80,80,80,80,80,80,80,80,80,80,80,80,80,80,80,80,80,80,80,80,80,80,80,80,80,80],"card_choices":[{"not_picked":["Headbutt","Evolve"],"picked":"Whirlwind","floor":1},{"not_picked":["Carnage","Shockwave"],"picked":"Rage","floor":2},{"not_picked":["Iron Wave","Body Slam"],"picked":"Spot Weakness","floor":4},{"not_picked":["Heavy Blade","Iron Wave"],"picked":"Inflame","floor":6},{"not_picked":["Searing Blow","Clash"],"picked":"Body Slam","floor":11},{"not_picked":["Thunderclap","Wild Strike","Spot Weakness"],"picked":"SKIP","floor":13},{"not_picked":["Impervious","Berserk"],"picked":"Limit Break","floor":16},{"not_picked":["Perfected Strike","Cleave"],"picked":"Shockwave","floor":17},{"not_picked":["Headbutt","Clash"],"picked":"Intimidate","floor":17},{"not_picked":["Twin Strike","Rampage"],"picked":"Warcry","floor":17},{"not_picked":["Sword Boomerang","Intimidate"],"picked":"Warcry","floor":17},{"not_picked":["Heavy Blade","Whirlwind"],"picked":"Headbutt","floor":17},{"not_picked":["Dropkick","Perfected Strike"],"picked":"Hemokinesis+1","floor":18},{"not_picked":["Perfected Strike","Clash"],"picked":"Pummel","floor":19},{"not_picked":["Dual Wield","Headbutt+1"],"picked":"Uppercut","floor":20},{"not_picked":["Entrench","Armaments"],"picked":"Shrug It Off","floor":22},{"not_picked":["Seeing Red","Pummel"],"picked":"Shrug It Off+1","floor":27},{"not_picked":["Evolve","Flex"],"picked":"Intimidate+1","floor":30},{"not_picked":["Clash","Power Through"],"picked":"Flex","floor":31}],"player_experience":176310,"relics_obtained":[{"floor":9,"key":"Regal Pillow"},{"floor":26,"key":"Anchor"}],"event_choices":[{"damage_healed":0,"gold_gain":0,"player_choice":"Take Damage","damage_taken":20,"relics_obtained":["Golden Idol"],"max_hp_gain":0,"max_hp_loss":0,"event_name":"Golden Idol","floor":5,"gold_loss":0},{"cards_removed":["Strike_R"],"damage_healed":0,"gold_gain":0,"player_choice":"Card Removal","damage_taken":0,"max_hp_gain":0,"max_hp_loss":0,"event_name":"The Cleric","floor":7,"gold_loss":50},{"cards_removed":["Strike_R"],"damage_healed":0,"gold_gain":0,"player_choice":"Card Removal","damage_taken":7,"max_hp_gain":0,"max_hp_loss":0,"event_name":"Golden Wing","floor":12,"gold_loss":0},{"damage_healed":26,"gold_gain":0,"player_choice":"Banana","damage_taken":0,"max_hp_gain":0,"max_hp_loss":0,"event_name":"Big Fish","floor":14,"gold_loss":0},{"cards_removed":["Intimidate"],"damage_healed":26,"gold_gain":0,"player_choice":"Offered Uncommon","damage_taken":0,"max_hp_gain":0,"max_hp_loss":0,"event_name":"Bonfire Elementals","floor":21,"gold_loss":0},{"damage_healed":0,"gold_gain":0,"player_choice":"Inject Mutagens","damage_taken":0,"relics_obtained":["MutagenicStrength"],"max_hp_gain":0,"max_hp_loss":0,"event_name":"Drug Dealer","floor":24,"gold_loss":0}],"is_beta":false,"boss_relics":[{"not_picked":["Black Star","White Beast Statue"],"picked":"Orrery"}],"items_purged_floors":[29],"is_endless":false,"potions_floor_spawned":[4,11,16,18,22],"killed_by":"Collector","ascension_level":0}