{"gold_per_floor":[159,159,0,20,32,32,64,89,89,101,101],"floor_reached":11,"playtime":365,"items_purged":[],"score":91,"play_id":"72346b65-644f-4544-82bf-95bebc7dde79","local_time":"20190203193042","is_ascension_mode":true,"campfire_choices":[{"data":"Defragment","floor":6,"key":"SMITH"}],"neow_cost":"NONE","seed_source_timestamp":969854362800105,"circlet_count":0,"master_deck":["Strike_B+1","Strike_B","Strike_B+1","Strike_B","Defend_B","Defend_B","Defend_B","Defend_B","Zap","Dualcast","Doom and Gloom+1","Hologram","Biased Cognition","Defragment+1","Defragment","Ball Lightning","Ball Lightning"],"relics":["Tiny House","Whetstone","Centennial Puzzle","Calipers"],"potions_floor_usage":[5,10,11],"damage_taken":[{"damage":0,"enemies":"2 Louse","floor":1,"turns":2},{"damage":0,"enemies":"Cultist","floor":4,"turns":3},{"damage":12,"enemies":"Small Slimes","floor":5,"turns":3},{"damage":50,"enemies":"3 Sentries","floor":7,"turns":8},{"damage":14,"enemies":"Exordium Wildlife","floor":10,"turns":5},{"damage":12,"enemies":"Gremlin Nob","floor":11,"turns":2}],"seed_played":"-8329232184783908665","potions_obtained":[{"floor":0,"key":"Block Potion"},{"floor":7,"key":"SpeedPotion"},{"floor":10,"key":"Energy Potion"}],"is_trial":false,"path_per_floor":["M","?","$","M","M","R","E","T","T","M","E"],"character_chosen":"DEFECT","items_purchased":["Biased Cognition"],"campfire_rested":0,"item_purchase_floors":[3],"current_hp_per_floor":[80,80,80,80,68,68,18,18,18,4,0],"gold":101,"neow_bonus":"BOSS_RELIC","is_prod":false,"is_daily":false,"chose_seed":false,"campfire_upgraded":1,"win_rate":0,"timestamp":1549218642,"path_taken":["M","?","$","M","?","R","E","?","T","M","E"],"build_version":"2019-01-23","purchased_purges":0,"victory":false,"max_hp_per_floor":[80,80,80,80,80,80,80,80,80,80,80],"card_choices":[{"not_picked":["Streamline","Chill"],"picked":"Doom and Gloom","floor":0},{"not_picked":["Rip and Tear","Compile Driver"],"picked":"Hologram","floor":1},{"not_picked":["Steam","Rebound"],"picked":"Defragment","floor":4},{"not_picked":["Turbo","Rebound"],"picked":"Defragment","floor":5},{"not_picked":["Meteor Strike","Cold Snap"],"picked":"Ball Lightning","floor":7},{"not_picked":["Heatsinks","Streamline"],"picked":"Ball Lightning","floor":10}],"player_experience":142342,"relics_obtained":[{"floor":7,"key":"Whetstone"},{"floor":8,"key":"Centennial Puzzle"},{"floor":9,"key":"Calipers"}],"event_choices":[{"damage_healed":0,"gold_gain":0,"player_choice":"Bought 0 Potions","damage_taken":0,"max_hp_gain":0,"max_hp_loss":0,"event_name":"The Woman in Blue","floor":2,"gold_loss":0}],"is_beta":false,"boss_relics":[],"items_purged_floors":[],"is_endless":false,"potions_floor_spawned":[7,10],"killed_by":"Gremlin Nob","ascension_level":5}