{"gold_per_floor":[119,294,62,77,88,119,119,145,169,169,181,181,200,216,216,313,313,327,426,97,97,109,135,135,135,135,135,135,0,11,25,25,128,128,144,0,16,29,49,49,68,68,148,148,148,148,148,159,159,159],"floor_reached":51,"playtime":3931,"items_purged":["Pain","Defend_R"],"score":702,"play_id":"8635b587-b318-4aa8-af9f-7176d110d124","local_time":"20181013161458","is_ascension_mode":false,"campfire_choices":[{"floor":7,"key":"REST"},{"floor":15,"key":"REST"},{"data":"Seeing Red","floor":24,"key":"SMITH"},{"data":"Flex","floor":32,"key":"SMITH"},{"floor":40,"key":"REST"},{"floor":45,"key":"REST"},{"data":"Demon Form","floor":47,"key":"SMITH"},{"floor":49,"key":"REST"}],"neow_cost":"CURSE","seed_source_timestamp":1452419012724,"circlet_count":0,"master_deck":["Strike_R","Bash","Berserk","Juggernaut","Seeing Red+1","Fiend Fire","Shrug It Off","Flex+1","Headbutt","Metallicize","Limit Break+1","Armaments+1","Offering","Headbutt+1","Shrug It Off","Demon Form+1","Dual Wield+1","Barricade+1","Dark Embrace+1","Body Slam+1","Heavy Blade+1","Inflame","Warcry"],"relics":["Burning Blood","Lantern","Strawberry","Juzu Bracelet","Centennial Puzzle","Kunai","Runic Pyramid","PreservedInsect","Shuriken","Self Forming Clay","Omamori","Astrolabe","Red Mask","Mercury Hourglass","Paper Frog"],"potions_floor_usage":[6,16,16,23,33,38,39,50],"damage_taken":[{"damage":2,"enemies":"Small Slimes","floor":1,"turns":3},{"damage":11,"enemies":"Jaw Worm","floor":4,"turns":4},{"damage":1,"enemies":"Cultist","floor":5,"turns":3},{"damage":59,"enemies":"3 Sentries","floor":6,"turns":10},{"damage":34,"enemies":"Gremlin Nob","floor":8,"turns":5},{"damage":13,"enemies":"Lots of Slimes","floor":11,"turns":6},{"damage":7,"enemies":"2 Fungi Beasts","floor":13,"turns":3},{"damage":1,"enemies":"Exordium Wildlife","floor":14,"turns":2},{"damage":39,"enemies":"Hexaghost","floor":16,"turns":8},{"damage":13,"enemies":"Chosen","floor":18,"turns":5},{"damage":8,"enemies":"Shell Parasite","floor":22,"turns":2},{"damage":6,"enemies":"Gremlin Leader","floor":23,"turns":2},{"damage":0,"enemies":"Snecko","floor":30,"turns":3},{"damage":6,"enemies":"Snake Plant","floor":31,"turns":3},{"damage":39,"enemies":"Collector","floor":33,"turns":5},{"damage":15,"enemies":"Orb Walker","floor":35,"turns":2},{"damage":40,"enemies":"3 Darklings","floor":37,"turns":4},{"damage":23,"enemies":"Sphere and 2 Shapes","floor":38,"turns":6},{"damage":30,"enemies":"Spire Growth","floor":39,"turns":5},{"damage":21,"enemies":"3 Darklings","floor":41,"turns":6},{"damage":26,"enemies":"Transient","floor":48,"turns":5},{"damage":52,"enemies":"Time Eater","floor":50,"turns":6}],"seed_played":"6048391606224563495","potions_obtained":[{"floor":1,"key":"Dexterity Potion"},{"floor":8,"key":"LiquidBronze"},{"floor":13,"key":"Poison Potion"},{"floor":16,"key":"Block Potion"},{"floor":22,"key":"SteroidPotion"},{"floor":30,"key":"Regen Potion"},{"floor":38,"key":"SkillPotion"},{"floor":41,"key":"Ancient Potion"}],"is_trial":false,"path_per_floor":["M","?","$","M","M","E","R","E","T","?","M","T","M","M","R","B",null,"M","?","$","?","M","E","R","?","T","?","?","?","M","M","R","B",null,"M","?","M","M","M","R","M","$","T","?","R","?","R","M","R","B"],"character_chosen":"IRONCLAD","items_purchased":["Lantern","Offering","PreservedInsect"],"campfire_rested":5,"item_purchase_floors":[3,20,20],"current_hp_per_floor":[80,80,80,75,80,34,60,32,32,32,25,25,24,29,55,22,87,80,80,80,80,78,78,78,78,78,78,78,78,84,84,84,51,87,78,78,44,41,17,43,28,28,28,28,54,54,54,34,60,14],"gold":159,"neow_bonus":"TRANSFORM_TWO_CARDS","is_prod":false,"is_daily":false,"chose_seed":false,"campfire_upgraded":3,"win_rate":0.0,"timestamp":1539458098,"path_taken":["M","?","$","?","?","E","R","E","T","?","M","?","M","M","R","BOSS","M","?","$","?","M","E","R","?","T","?","?","?","M","M","R","BOSS","M","?","M","M","M","R","M","?","T","?","R","?","R","M","R","BOSS"],"build_version":"2018-10-11","purchased_purges":2,"victory":true,"max_hp_per_floor":[80,80,80,80,80,87,87,87,87,87,87,87,87,87,87,87,87,87,87,87,87,87,87,87,87,87,87,87,87,87,87,87,87,87,87,87,87,87,87,87,87,87,87,87,87,87,87,87,87,87],"card_choices":[{"not_picked":["Cleave","Feel No Pain","Combust"],"picked":"SKIP","floor":1},{"not_picked":["Warcry","Ghostly Armor"],"picked":"Heavy Blade","floor":4},{"not_picked":["Clash","Iron Wave"],"picked":"Seeing Red","floor":5},{"not_picked":["Twin Strike","Ghostly Armor"],"picked":"Fiend Fire","floor":6},{"not_picked":["True Grit","Armaments"],"picked":"Shrug It Off","floor":8},{"not_picked":["True Grit","Cleave"],"picked":"Flex","floor":11},{"not_picked":["Dual Wield","True Grit"],"picked":"Headbutt","floor":13},{"not_picked":["Twin Strike","Thunderclap"],"picked":"Metallicize","floor":14},{"not_picked":["Reaper","Juggernaut"],"picked":"Limit Break","floor":16},{"not_picked":["Perfected Strike","Uppercut"],"picked":"Armaments+1","floor":18},{"not_picked":["Second Wind","Twin Strike"],"picked":"Headbutt+1","floor":22},{"not_picked":["Sword Boomerang","Clothesline","Clash"],"picked":"SKIP","floor":23},{"not_picked":["Feel No Pain+1","Armaments"],"picked":"Shrug It Off","floor":30},{"not_picked":["Rage","Berserk","Feel No Pain"],"picked":"SKIP","floor":31},{"not_picked":["Limit Break","Offering"],"picked":"Demon Form","floor":33},{"not_picked":["Rupture","Perfected Strike+1"],"picked":"Body Slam+1","floor":35},{"not_picked":["Spot Weakness+1","Clash","Blood for Blood"],"picked":"SKIP","floor":37},{"not_picked":["Feel No Pain+1","Reaper"],"picked":"Heavy Blade+1","floor":38},{"not_picked":["Heavy Blade+1","Thunderclap+1"],"picked":"Inflame","floor":39},{"not_picked":["Armaments","Infernal Blade"],"picked":"Warcry","floor":41},{"not_picked":["Headbutt+1","Twin Strike+1","Warcry"],"picked":"SKIP","floor":48}],"player_experience":35954,"relics_obtained":[{"floor":6,"key":"Strawberry"},{"floor":8,"key":"Juzu Bracelet"},{"floor":9,"key":"Centennial Puzzle"},{"floor":12,"key":"Kunai"},{"floor":23,"key":"Shuriken"},{"floor":26,"key":"Self Forming Clay"},{"floor":43,"key":"Mercury Hourglass"}],"event_choices":[{"event_name":"Liars Game","player_choice":"agreed","floor":2,"damage_taken":0},{"event_name":"Living Wall","player_choice":"Forget","floor":10,"damage_taken":0},{"event_name":"Nest","player_choice":"Stole From Cult","floor":19,"damage_taken":0},{"event_name":"Accursed Blacksmith","player_choice":"Forge","floor":21,"damage_taken":0},{"event_name":"Back to Basics","player_choice":"Elegance","floor":25,"damage_taken":0},{"event_name":"Ghosts","player_choice":"Ignored","floor":27,"damage_taken":0},{"event_name":"The Mausoleum","player_choice":"Yes","floor":28,"damage_taken":0},{"event_name":"Masked Bandits","player_choice":"Paid Fearfully","floor":29,"damage_taken":0},{"event_name":"Tomb of Lord Red Mask","player_choice":"Paid","floor":36,"damage_taken":0},{"event_name":"Purifier","player_choice":"One Purge","floor":44,"damage_taken":0},{"event_name":"WeMeetAgain","player_choice":"Card","floor":46,"damage_taken":0}],"is_beta":false,"boss_relics":[{"not_picked":["Mark of Pain","Philosopher\u0027s Stone"],"picked":"Runic Pyramid"},{"not_picked":["White Beast Statue","Fusion Hammer"],"picked":"Astrolabe"}],"items_purged_floors":[3,20],"is_endless":false,"potions_floor_spawned":[1,8,13,16,22,30,38,41],"ascension_level":0}