{"gold_per_floor":[116,10,30,50,67,67,95,95,95,125,125,138,157,157],"floor_reached":14,"playtime":759,"items_purged":[],"score":194,"play_id":"3e525070-279f-4c39-9234-ffa685b108df","local_time":"20190110175446","is_ascension_mode":true,"campfire_choices":[{"data":"Noxious Fumes","floor":6,"key":"SMITH"},{"floor":11,"key":"REST"}],"neow_cost":"NONE","seed_source_timestamp":86418285854792,"circlet_count":0,"master_deck":["AscendersBane","Defend_G","Defend_G","Defend_G","Defend_G","Defend_G","Strike_G","Strike_G","Strike_G","Strike_G","Strike_G","Survivor","Neutralize","Footwork","Cloak And Dagger","Dagger Spray","Noxious Fumes+1","Envenom+1","PiercingWail","Bane","Quick Slash"],"relics":["Ring of the Snake","Sundial","The Specimen","Shovel"],"potions_floor_usage":[5,10,12],"damage_taken":[{"damage":2,"enemies":"Cultist","floor":1,"turns":5},{"damage":2,"enemies":"Jaw Worm","floor":3,"turns":8},{"damage":0,"enemies":"2 Louse","floor":4,"turns":3},{"damage":5,"enemies":"Exordium Thugs","floor":5,"turns":5},{"damage":15,"enemies":"Lagavulin","floor":7,"turns":10},{"damage":31,"enemies":"Gremlin Nob","floor":10,"turns":5},{"damage":5,"enemies":"Gremlin Gang","floor":12,"turns":4},{"damage":6,"enemies":"Blue Slaver","floor":13,"turns":5},{"damage":17,"enemies":"Lagavulin","floor":14,"turns":8}],"seed_played":"-7459858411929182731","potions_obtained":[{"floor":1,"key":"AttackPotion"},{"floor":7,"key":"Block Potion"},{"floor":13,"key":"Strength Potion"}],"is_trial":false,"path_per_floor":["M","$","M","M","M","R","E","?","T","E","R","M","M","E"],"character_chosen":"THE_SILENT","items_purchased":["Cloak And Dagger","Fire Potion"],"campfire_rested":1,"item_purchase_floors":[2,2],"current_hp_per_floor":[63,63,61,61,56,56,41,41,41,10,31,26,20,3],"gold":157,"neow_bonus":"TEN_PERCENT_HP_BONUS","is_prod":false,"is_daily":false,"chose_seed":false,"campfire_upgraded":1,"win_rate":0,"timestamp":1547168086,"path_taken":["M","$","M","?","M","R","E","?","T","E","R","M","M","E"],"build_version":"2019-01-09","purchased_purges":0,"victory":false,"max_hp_per_floor":[72,72,72,72,72,72,72,72,72,72,72,72,72,72],"card_choices":[{"not_picked":["Predator","Quick Slash"],"picked":"Footwork","floor":1},{"not_picked":["Eviscerate","Distraction"],"picked":"Dagger Spray","floor":3},{"not_picked":["Sucker Punch","Deadly Poison"],"picked":"Noxious Fumes","floor":4},{"not_picked":["Sucker Punch","Expertise","Masterful Stab"],"picked":"SKIP","floor":5},{"not_picked":["Doppelganger","Deflect"],"picked":"Envenom","floor":7},{"not_picked":["Quick Slash","Tactician"],"picked":"PiercingWail","floor":10},{"not_picked":["Skewer","Deadly Poison"],"picked":"Bane","floor":12},{"not_picked":["Prepared","Setup"],"picked":"Quick Slash","floor":13}],"player_experience":1191535,"relics_obtained":[{"floor":7,"key":"Sundial"},{"floor":9,"key":"The Specimen"},{"floor":10,"key":"Shovel"}],"event_choices":[{"damage_healed":0,"gold_gain":0,"player_choice":"Grow","damage_taken":0,"max_hp_gain":0,"max_hp_loss":0,"event_name":"Living Wall","floor":8,"gold_loss":0,"cards_upgraded":["Envenom"]}],"is_beta":true,"boss_relics":[],"items_purged_floors":[],"is_endless":false,"potions_floor_spawned":[1,3,4,7,13],"killed_by":"Lagavulin","ascension_level":18}