{"gold_per_floor":[114,114,131,43,43,77,57,57,104,139,156,190,210,235,247,259],"floor_reached":16,"playtime":728,"items_purged":[],"score":250,"play_id":"5cdb19d0-cfde-4306-bc1e-a764f5836677","local_time":"20190114204557","is_ascension_mode":true,"campfire_choices":[{"floor":8,"key":"REST"},{"data":"Predator","floor":15,"key":"SMITH"}],"neow_cost":"NONE","seed_source_timestamp":442320722485702,"circlet_count":0,"master_deck":["AscendersBane","Defend_G","Defend_G+1","Defend_G","Defend_G","Defend_G","Strike_G","Strike_G","Strike_G","Strike_G","Strike_G","Survivor","Neutralize+1","Skewer+1","Dash","Predator+1","Escape Plan","PiercingWail","Poisoned Stab"],"relics":["Ring of the Snake","Calipers","Smiling Mask","Centennial Puzzle","Snake Skull","MawBank"],"potions_floor_usage":[6,10,11,12,14,14],"damage_taken":[{"damage":2,"enemies":"2 Louse","floor":1,"turns":3},{"damage":0,"enemies":"Small Slimes","floor":3,"turns":3},{"damage":18,"enemies":"Lagavulin","floor":6,"turns":8},{"damage":6,"enemies":"Gremlin Nob","floor":10,"turns":4},{"damage":0,"enemies":"Cultist","floor":11,"turns":2},{"damage":21,"enemies":"Lagavulin","floor":12,"turns":6},{"damage":1,"enemies":"Blue Slaver","floor":13,"turns":3},{"damage":5,"enemies":"3 Sentries","floor":14,"turns":8},{"damage":8,"enemies":"Slime Boss","floor":16,"turns":6}],"seed_played":"-6376561413606065929","potions_obtained":[{"floor":0,"key":"EssenceOfSteel"},{"floor":0,"key":"GhostInAJar"},{"floor":6,"key":"Explosive Potion"},{"floor":7,"key":"EntropicBrew"},{"floor":12,"key":"PowerPotion"}],"is_trial":false,"path_per_floor":["M","?","M","$","?","E","?","R","T","E","M","E","M","E","R","B"],"character_chosen":"THE_SILENT","items_purchased":["Predator"],"campfire_rested":1,"item_purchase_floors":[4],"current_hp_per_floor":[57,37,37,37,37,19,19,38,38,32,32,26,25,20,20,12],"gold":259,"neow_bonus":"THREE_SMALL_POTIONS","is_prod":false,"is_daily":false,"chose_seed":false,"campfire_upgraded":1,"win_rate":0,"timestamp":1547523957,"path_taken":["M","?","M","$","?","E","?","R","T","E","M","E","M","E","R","BOSS"],"build_version":"2019-01-10","purchased_purges":0,"victory":false,"max_hp_per_floor":[66,66,66,66,66,66,66,66,66,66,66,66,66,66,66,66],"card_choices":[{"not_picked":["Slice","Expertise"],"picked":"Skewer","floor":1},{"not_picked":["Distraction","Tactician"],"picked":"Dash","floor":3},{"not_picked":["Heel Hook","Tactician","Grand Finale"],"picked":"SKIP","floor":6},{"not_picked":["Choke","Setup","Eviscerate"],"picked":"SKIP","floor":10},{"not_picked":["Masterful Stab","Acrobatics"],"picked":"Escape Plan","floor":11},{"not_picked":["Infinite Blades","Catalyst"],"picked":"PiercingWail","floor":12},{"not_picked":["Bane","Backflip","Catalyst"],"picked":"SKIP","floor":13},{"not_picked":["Bane","Backflip","Catalyst"],"picked":"SKIP","floor":13},{"not_picked":["Doppelganger","Distraction"],"picked":"Poisoned Stab","floor":14}],"player_experience":1207162,"relics_obtained":[{"floor":6,"key":"Calipers"},{"floor":9,"key":"Smiling Mask"},{"floor":10,"key":"Centennial Puzzle"},{"floor":12,"key":"Snake Skull"},{"floor":14,"key":"MawBank"}],"event_choices":[{"damage_healed":0,"gold_gain":0,"player_choice":"Entered Light","damage_taken":20,"max_hp_gain":0,"max_hp_loss":0,"event_name":"Shining Light","floor":2,"gold_loss":0,"cards_upgraded":["Skewer","Defend_G"]},{"damage_healed":0,"gold_gain":0,"player_choice":"Grow","damage_taken":0,"max_hp_gain":0,"max_hp_loss":0,"event_name":"Living Wall","floor":5,"gold_loss":0,"cards_upgraded":["Neutralize"]},{"damage_healed":0,"gold_gain":0,"player_choice":"Bought 1 Potion","damage_taken":0,"max_hp_gain":0,"max_hp_loss":0,"event_name":"The Woman in Blue","floor":7,"gold_loss":0}],"is_beta":true,"boss_relics":[],"items_purged_floors":[],"is_endless":false,"potions_floor_spawned":[3,6,11,12],"killed_by":"Slime Boss","ascension_level":19}