{"gold_per_floor":[116,128,146,166,166,166,185,202,254,289,289,314,344,344,344,439,439,457,127,138,155,155],"floor_reached":22,"playtime":964,"items_purged":["Strike_B"],"score":228,"play_id":"85826d8b-2fa3-4594-a20c-44d3f32c1188","local_time":"20181121184701","is_ascension_mode":true,"campfire_choices":[{"data":"Zap","floor":6,"key":"SMITH"},{"data":"Dualcast","floor":11,"key":"SMITH"},{"floor":15,"key":"REST"}],"neow_cost":"NONE","seed_source_timestamp":5636059552770,"circlet_count":0,"master_deck":["Strike_B","Strike_B","Strike_B","Defend_B","Defend_B","Defend_B","Defend_B","Zap+1","Dualcast+1","Go for the Eyes","Sweeping Beam","Hologram","Scrape","Beam Cell","Glacier","Capacitor","BootSequence","Core Surge","Conserve Battery","Gash","Ball Lightning"],"relics":["Cracked Core","Juzu Bracelet","Bird Faced Urn","Question Card","Eternal Feather","Symbiotic Virus"],"potions_floor_usage":[],"damage_taken":[{"damage":7,"enemies":"Jaw Worm","floor":1,"turns":3},{"damage":3,"enemies":"2 Louse","floor":2,"turns":2},{"damage":0,"enemies":"Cultist","floor":3,"turns":3},{"damage":0,"enemies":"Large Slime","floor":4,"turns":5},{"damage":8,"enemies":"Blue Slaver","floor":7,"turns":2},{"damage":5,"enemies":"2 Fungi Beasts","floor":8,"turns":3},{"damage":31,"enemies":"Gremlin Nob","floor":10,"turns":5},{"damage":8,"enemies":"Lagavulin","floor":12,"turns":6},{"damage":13,"enemies":"The Guardian","floor":16,"turns":14},{"damage":38,"enemies":"2 Thieves","floor":18,"turns":4},{"damage":14,"enemies":"Chosen","floor":20,"turns":5},{"damage":31,"enemies":"3 Cultists","floor":21,"turns":6},{"damage":17,"enemies":"Masked Bandits","floor":22,"turns":3}],"seed_played":"-8926406685378808289","potions_obtained":[{"floor":1,"key":"Energy Potion"},{"floor":2,"key":"Poison Potion"},{"floor":8,"key":"EssenceOfSteel"},{"floor":12,"key":"SkillPotion"}],"is_trial":false,"path_per_floor":["M","M","M","M","?","R","M","M","T","E","R","E","?","T","R","B",null,"M","$","M","M","?"],"character_chosen":"DEFECT","items_purchased":["Symbiotic Virus"],"campfire_rested":1,"item_purchase_floors":[19],"current_hp_per_floor":[75,72,72,72,77,77,69,64,64,33,33,27,27,27,53,42,87,49,49,37,8,0],"gold":155,"neow_bonus":"TEN_PERCENT_HP_BONUS","is_prod":false,"is_daily":false,"chose_seed":false,"campfire_upgraded":2,"win_rate":0,"timestamp":1542833221,"path_taken":["M","M","M","M","?","R","M","M","T","E","R","E","?","?","R","BOSS","M","$","M","M","?"],"build_version":"2018-11-15","purchased_purges":1,"victory":false,"max_hp_per_floor":[82,82,82,82,87,87,87,87,87,87,87,87,87,87,87,87,87,87,87,87,87,87],"card_choices":[{"not_picked":["Undo","Ball Lightning"],"picked":"Go for the Eyes","floor":1},{"not_picked":["Streamline","Force Field"],"picked":"Sweeping Beam","floor":2},{"not_picked":["Cold Snap","Echo Form"],"picked":"Hologram","floor":3},{"not_picked":["Heatsinks","Ball Lightning"],"picked":"Scrape","floor":4},{"not_picked":["Sweeping Beam","Barrage"],"picked":"Beam Cell","floor":7},{"not_picked":["Echo Form","Reprogram"],"picked":"Glacier","floor":8},{"not_picked":["Loop","Undo"],"picked":"Capacitor","floor":10},{"not_picked":["Streamline","Hologram"],"picked":"BootSequence","floor":12},{"not_picked":["Thunder Strike","Multi-Cast","Rainbow"],"picked":"Core Surge","floor":16},{"not_picked":["Sweeping Beam+1","Leap+1","Barrage"],"picked":"Conserve Battery","floor":18},{"not_picked":["Steam Power","Turbo","Auto Shields"],"picked":"Gash","floor":20},{"not_picked":["Aggregate","Beam Cell","Streamline+1"],"picked":"Ball Lightning","floor":21}],"player_experience":161536,"relics_obtained":[{"floor":9,"key":"Juzu Bracelet"},{"floor":10,"key":"Bird Faced Urn"},{"floor":12,"key":"Question Card"}],"event_choices":[{"damage_healed":0,"gold_gain":0,"player_choice":"Donut","damage_taken":0,"max_hp_gain":5,"max_hp_loss":0,"event_name":"Big Fish","floor":5,"gold_loss":0},{"damage_healed":0,"gold_gain":30,"player_choice":"Searched \u00272\u0027 times","damage_taken":0,"max_hp_gain":0,"max_hp_loss":0,"event_name":"Dead Adventurer","floor":13,"gold_loss":0},{"damage_healed":0,"gold_gain":0,"player_choice":"Fought Bandits","damage_taken":0,"max_hp_gain":0,"max_hp_loss":0,"event_name":"Masked Bandits","floor":22,"gold_loss":0}],"is_beta":false,"boss_relics":[{"not_picked":["FrozenCore","White Beast Statue"],"picked":"Eternal Feather"}],"items_purged_floors":[19],"is_endless":false,"potions_floor_spawned":[1,2,8,10,12,20,21],"killed_by":"Masked Bandits","ascension_level":3}