{"gold_per_floor":[210,32,48,58,78,78,107,123,148,148,162,162,191,191],"floor_reached":14,"playtime":543,"items_purged":["Strike_G"],"score":179,"play_id":"6b70b1fe-32f8-43af-822f-c488b6c44e77","local_time":"20180720151227","is_ascension_mode":true,"campfire_choices":[{"data":"Cloak And Dagger","floor":6,"key":"SMITH"},{"data":"Caltrops","floor":10,"key":"SMITH"},{"data":"Envenom","floor":12,"key":"SMITH"}],"neow_cost":"NONE","seed_source_timestamp":834477193094542,"circlet_count":0,"master_deck":["Defend_G","Defend_G","Defend_G","Defend_G","Defend_G","Strike_G","Strike_G","Strike_G","Strike_G","Survivor","Neutralize","AscendersBane","Cloak And Dagger+1","Accuracy","Sucker Punch","Caltrops+1","Dagger Throw","Dagger Spray","Envenom+1","Bane","PiercingWail"],"relics":["Ring of the Snake","Letter Opener","Ancient Tea Set","Happy Flower"],"potions_floor_usage":[7,7,14],"damage_taken":[{"damage":2,"enemies":"2 Louse","floor":1,"turns":4},{"damage":0,"enemies":"Cultist","floor":3,"turns":5},{"damage":8,"enemies":"Small Slimes","floor":4,"turns":4},{"damage":2,"enemies":"Looter","floor":5,"turns":4},{"damage":28,"enemies":"Lagavulin","floor":7,"turns":8},{"damage":0,"enemies":"Large Slime","floor":8,"turns":7},{"damage":1,"enemies":"Red Slaver","floor":11,"turns":3},{"damage":12,"enemies":"Gremlin Nob","floor":13,"turns":3},{"damage":0,"enemies":"Lots of Slimes","floor":14,"turns":1}],"seed_played":"6213652971244549303","potions_obtained":[{"floor":3,"key":"Strength Potion"},{"floor":4,"key":"FearPotion"},{"floor":13,"key":"Strength Potion"}],"is_trial":false,"path_per_floor":["M","$","M","M","M","R","E","M","T","R","M","R","E"],"character_chosen":"THE_SILENT","items_purchased":["Accuracy","Sucker Punch"],"campfire_rested":0,"item_purchase_floors":[2,2],"current_hp_per_floor":[57,57,57,49,47,47,19,19,19,19,18,18,6,6],"gold":191,"neow_bonus":"HUNDRED_GOLD","is_prod":false,"is_daily":false,"chose_seed":false,"campfire_upgraded":3,"win_rate":0,"timestamp":1532121147,"path_taken":["M","$","M","M","M","R","E","M","T","R","M","R","E","M"],"build_version":"2018-07-19","purchased_purges":1,"victory":false,"max_hp_per_floor":[66,66,66,66,66,66,66,66,66,66,66,66,66,66],"card_choices":[{"not_picked":["Sucker Punch","Deflect"],"picked":"Cloak And Dagger","floor":1},{"not_picked":["Backflip","Bane"],"picked":"Caltrops","floor":3},{"not_picked":["Dodge and Roll","Concentrate"],"picked":"Dagger Throw","floor":4},{"not_picked":["Acrobatics","Dodge and Roll"],"picked":"Dagger Spray","floor":5},{"not_picked":["Flying Knee","Bane","Deadly Poison"],"picked":"SKIP","floor":7},{"not_picked":["Outmaneuver","Bouncing Flask"],"picked":"Envenom","floor":8},{"not_picked":["Underhanded Strike","Dagger Throw"],"picked":"Bane","floor":11},{"not_picked":["Reflex","Acrobatics"],"picked":"PiercingWail","floor":13}],"player_experience":811816,"relics_obtained":[{"floor":7,"key":"Letter Opener"},{"floor":9,"key":"Ancient Tea Set"},{"floor":13,"key":"Happy Flower"}],"event_choices":[],"is_beta":true,"boss_relics":[],"items_purged_floors":[2],"is_endless":false,"potions_floor_spawned":[3,4,13],"killed_by":"Lots of Slimes","ascension_level":15}