{"gold_per_floor":[112,112,127,13,13,13,13,23,23,23,23,49,66,76,76,179,179,195,195,295,312,312,312,312],"floor_reached":24,"playtime":1288,"items_purged":["Strike_B"],"score":213,"play_id":"74cb3d34-5abe-4ba1-8940-05484440bf95","local_time":"20190125170703","is_ascension_mode":true,"campfire_choices":[{"data":"Zap","floor":6,"key":"SMITH"},{"floor":11,"key":"RECALL"},{"data":"Creative AI","floor":15,"key":"SMITH"},{"floor":23,"key":"DIG"}],"neow_cost":"TEN_PERCENT_HP_LOSS","seed_source_timestamp":182677776577045,"circlet_count":0,"master_deck":["Defend_B","Defend_B","Defend_B","Zap+1","Dualcast","Go for the Eyes","Gash","Storm","Conserve Battery","Cold Snap","Creative AI+1","Storm","Coolheaded","Amplify","Hologram","Heatsinks","White Noise","Reinforced Body+1"],"relics":["Cracked Core","FaceOfCleric","Torii","Sozu","Matryoshka","Shovel","Shuriken"],"potions_floor_usage":[12,12,14],"damage_taken":[{"damage":12,"enemies":"2 Louse","floor":1,"turns":3},{"damage":0,"enemies":"Cultist","floor":3,"turns":4},{"damage":0,"enemies":"Small Slimes","floor":8,"turns":3},{"damage":16,"enemies":"3 Sentries","floor":12,"turns":9},{"damage":7,"enemies":"3 Louse","floor":13,"turns":5},{"damage":1,"enemies":"Exordium Wildlife","floor":14,"turns":4},{"damage":7,"enemies":"Hexaghost","floor":16,"turns":6},{"damage":7,"enemies":"Chosen","floor":18,"turns":4},{"damage":31,"enemies":"Colosseum Slavers","floor":20,"turns":4},{"damage":14,"enemies":"Colosseum Nobs","floor":20,"turns":4},{"damage":3,"enemies":"Shell Parasite","floor":21,"turns":4},{"damage":24,"enemies":"Book of Stabbing","floor":24,"turns":8}],"seed_played":"-5111024192908899808","potions_obtained":[{"floor":3,"key":"EssenceOfSteel"},{"floor":8,"key":"Poison Potion"},{"floor":12,"key":"Weak Potion"}],"is_trial":false,"path_per_floor":["M","?","M","$","?","R","?","M","T","?","R","E","M","M","R","B",null,"M","?","?","M","?","R","E"],"character_chosen":"DEFECT","items_purchased":["Storm"],"campfire_rested":0,"item_purchase_floors":[4],"current_hp_per_floor":[56,56,57,57,57,57,50,51,51,51,51,36,30,30,30,24,74,68,68,25,23,23,23,0],"gold":312,"neow_bonus":"REMOVE_TWO","is_prod":false,"is_daily":false,"chose_seed":false,"campfire_upgraded":2,"win_rate":0,"timestamp":1548432423,"path_taken":["M","?","?","?","?","R","?","M","T","?","R","E","M","M","R","BOSS","M","?","?","M","?","R","E"],"build_version":"2019-01-23","purchased_purges":1,"victory":false,"max_hp_per_floor":[68,68,69,69,69,69,69,70,70,70,70,71,72,73,73,74,74,75,75,77,78,78,78,78],"card_choices":[{"not_picked":["Stack","Leap"],"picked":"Go for the Eyes","floor":1},{"not_picked":["Turbo","Genetic Algorithm"],"picked":"Gash","floor":3},{"not_picked":["Rip and Tear","Streamline"],"picked":"Cold Snap","floor":8},{"not_picked":["Sunder","Auto Shields"],"picked":"Creative AI","floor":12},{"not_picked":["Conserve Battery","Stack"],"picked":"Storm","floor":13},{"not_picked":["Doom and Gloom","Undo"],"picked":"Coolheaded","floor":14},{"not_picked":["Reboot","Meteor Strike"],"picked":"Amplify","floor":16},{"not_picked":["Hello World","Rip and Tear+1"],"picked":"Hologram","floor":18},{"not_picked":["Streamline","Coolheaded"],"picked":"White Noise","floor":20},{"not_picked":["Beam Cell+1","Turbo"],"picked":"Reinforced Body+1","floor":21}],"player_experience":75142,"relics_obtained":[{"floor":12,"key":"Torii"},{"floor":20,"key":"Matryoshka"},{"floor":20,"key":"Shovel"},{"floor":23,"key":"Shuriken"}],"event_choices":[{"damage_healed":0,"gold_gain":0,"player_choice":"Trade","damage_taken":0,"relics_obtained":["FaceOfCleric"],"max_hp_gain":0,"max_hp_loss":0,"event_name":"FaceTrader","floor":2,"gold_loss":0},{"damage_healed":0,"gold_gain":0,"cards_transformed":["Strike_B"],"player_choice":"Change","damage_taken":0,"max_hp_gain":0,"max_hp_loss":0,"event_name":"Living Wall","floor":5,"gold_loss":0,"cards_obtained":["Conserve Battery"]},{"cards_removed":["Defend_B"],"damage_healed":0,"gold_gain":0,"player_choice":"Card Removal","damage_taken":7,"max_hp_gain":0,"max_hp_loss":0,"event_name":"Golden Wing","floor":7,"gold_loss":0},{"damage_healed":0,"gold_gain":0,"player_choice":"Leave","damage_taken":0,"max_hp_gain":0,"max_hp_loss":0,"event_name":"The Cleric","floor":10,"gold_loss":0},{"damage_healed":0,"gold_gain":0,"player_choice":"Read","damage_taken":0,"max_hp_gain":0,"max_hp_loss":0,"event_name":"The Library","floor":19,"gold_loss":0,"cards_obtained":["Heatsinks"]},{"damage_healed":0,"gold_gain":0,"player_choice":"Fight","damage_taken":0,"max_hp_gain":0,"max_hp_loss":0,"event_name":"Colosseum","floor":20,"gold_loss":0},{"damage_healed":0,"gold_gain":0,"player_choice":"Fought Nobs","damage_taken":0,"max_hp_gain":0,"max_hp_loss":0,"event_name":"Colosseum","floor":20,"gold_loss":0},{"damage_healed":0,"gold_gain":0,"player_choice":"Ignored","damage_taken":0,"max_hp_gain":0,"max_hp_loss":0,"event_name":"Vampires","floor":22,"gold_loss":0}],"is_beta":false,"boss_relics":[{"not_picked":["Inserter","Snecko Eye"],"picked":"Sozu"}],"items_purged_floors":[4],"is_endless":false,"potions_floor_spawned":[3,8,12,18,20],"killed_by":"Book of Stabbing","ascension_level":2}