{"gold_per_floor":[110,130,205,225,225,225,238,68,68,94,94,94,113,113],"floor_reached":14,"playtime":1220,"items_purged":["Strike_B"],"score":99,"play_id":"a4be341c-fe8b-4ad9-8cb6-8177f21c7130","local_time":"20190126013730","is_ascension_mode":true,"campfire_choices":[{"data":"Tempest","floor":6,"key":"SMITH"},{"data":"Barrage","floor":11,"key":"SMITH"}],"neow_cost":"NONE","seed_source_timestamp":213373305300894,"circlet_count":0,"master_deck":["Strike_B","Strike_B","Strike_B","Defend_B","Defend_B","Defend_B","Defend_B","Zap","Dualcast","Leap","Tempest+1","Conserve Battery","Glacier","Barrage+1","Coolheaded+1","Auto Shields+1"],"relics":["Inserter","Toxic Egg 2","Meat on the Bone","Peace Pipe"],"potions_floor_usage":[14],"damage_taken":[{"damage":16,"enemies":"2 Louse","floor":1,"turns":4},{"damage":13,"enemies":"Jaw Worm","floor":2,"turns":4},{"damage":9,"enemies":"Cultist","floor":4,"turns":5},{"damage":8,"enemies":"Blue Slaver","floor":7,"turns":3},{"damage":14,"enemies":"3 Sentries","floor":10,"turns":15},{"damage":0,"enemies":"Exordium Thugs","floor":13,"turns":5},{"damage":26,"enemies":"Gremlin Gang","floor":14,"turns":3}],"seed_played":"-6741239951583038681","potions_obtained":[{"floor":13,"key":"AttackPotion"}],"is_trial":false,"path_per_floor":["M","M","?","M","?","R","M","$","T","E","R","?","M","M"],"character_chosen":"DEFECT","items_purchased":["Capacitor","Barrage"],"campfire_rested":0,"item_purchase_floors":[8,8],"current_hp_per_floor":[59,46,35,26,26,26,18,18,18,4,4,4,16,0],"gold":113,"neow_bonus":"BOSS_RELIC","is_prod":false,"is_daily":false,"chose_seed":false,"campfire_upgraded":2,"win_rate":0,"timestamp":1548463050,"path_taken":["M","M","?","M","?","R","?","$","T","E","R","?","M","M"],"build_version":"2019-01-23","purchased_purges":1,"victory":false,"max_hp_per_floor":[75,75,75,75,75,75,75,75,75,75,75,75,75,75],"card_choices":[{"not_picked":["Steam","Sweeping Beam"],"picked":"Leap","floor":1},{"not_picked":["Redo","Barrage"],"picked":"Tempest","floor":2},{"not_picked":["Sunder","Steam"],"picked":"Conserve Battery","floor":4},{"not_picked":["Darkness","Stack"],"picked":"Glacier","floor":7},{"not_picked":["Reprogram+1","Turbo+1"],"picked":"Coolheaded+1","floor":10},{"not_picked":["Tempest+1","Lockon"],"picked":"Auto Shields+1","floor":13}],"player_experience":81093,"relics_obtained":[{"floor":9,"key":"Toxic Egg 2"},{"floor":10,"key":"Meat on the Bone"}],"event_choices":[{"damage_healed":0,"gold_gain":75,"player_choice":"Gather Gold","damage_taken":11,"max_hp_gain":0,"max_hp_loss":0,"event_name":"World of Goop","floor":3,"gold_loss":0},{"damage_healed":0,"gold_gain":0,"player_choice":"Bought 0 Potions","damage_taken":0,"max_hp_gain":0,"max_hp_loss":0,"event_name":"The Woman in Blue","floor":5,"gold_loss":0},{"cards_removed":["Capacitor"],"damage_healed":0,"gold_gain":0,"player_choice":"Gave Card","damage_taken":0,"relics_obtained":["Peace Pipe"],"max_hp_gain":0,"max_hp_loss":0,"event_name":"WeMeetAgain","floor":12,"gold_loss":0}],"is_beta":false,"boss_relics":[],"items_purged_floors":[8],"is_endless":false,"potions_floor_spawned":[13],"killed_by":"Gremlin Gang","ascension_level":2}