{"gold_per_floor":[110,128,128,139,149,149,149,176,201,226,246,273,17,27,27,129,129,142,57,67,67,82,82,82,116,191,191,202,9,9,9,9,108,108,126,50,66,66,84,84,84],"floor_reached":41,"playtime":2359,"items_purged":[],"score":566,"play_id":"d39ca47d-6538-4ba9-9a00-7844e68cbc87","local_time":"20190131113124","is_ascension_mode":true,"campfire_choices":[{"data":"Zap","floor":6,"key":"SMITH"},{"data":"Echo Form","floor":15,"key":"SMITH"},{"data":"Dualcast","floor":23,"key":"SMITH"},{"floor":27,"key":"REST"},{"data":"Go for the Eyes","floor":30,"key":"SMITH"},{"floor":32,"key":"REST"},{"floor":40,"key":"REST"}],"neow_cost":"NONE","seed_source_timestamp":45492852813420,"circlet_count":0,"master_deck":["Strike_B","Strike_B","Defend_B","Defend_B","Defend_B","Defend_B","Zap+1","Dualcast+1","Streamline","Sunder","Auto Shields","Cold Snap","Coolheaded","Coolheaded","Ball Lightning","Conserve Battery","Echo Form+1","Gash","Sweeping Beam","Stack","All For One","Glacier","Hologram+1","Cold Snap+1","Rebound","Gash+1","Go for the Eyes+1","Core Surge","Sweeping Beam+1","Loop","Redo+1","Ball Lightning+1"],"relics":["Cracked Core","NeowsBlessing","Blood Vial","Juzu Bracelet","Art of War","Orichalcum","Odd Mushroom","Anchor","Runic Pyramid","Omamori","Bottled Tornado","Oddly Smooth Stone","Pear","Happy Flower","Inserter"],"potions_floor_usage":[8,11,12,22,25,41,41,41],"damage_taken":[{"damage":0,"enemies":"2 Louse","floor":1,"turns":1},{"damage":0,"enemies":"Cultist","floor":2,"turns":1},{"damage":0,"enemies":"Jaw Worm","floor":4,"turns":1},{"damage":14,"enemies":"Exordium Wildlife","floor":5,"turns":6},{"damage":16,"enemies":"Gremlin Nob","floor":8,"turns":3},{"damage":11,"enemies":"The Mushroom Lair","floor":11,"turns":3},{"damage":7,"enemies":"3 Sentries","floor":12,"turns":5},{"damage":0,"enemies":"2 Fungi Beasts","floor":14,"turns":2},{"damage":17,"enemies":"Hexaghost","floor":16,"turns":10},{"damage":1,"enemies":"Spheric Guardian","floor":18,"turns":4},{"damage":3,"enemies":"Chosen","floor":20,"turns":6},{"damage":7,"enemies":"3 Cultists","floor":22,"turns":3},{"damage":24,"enemies":"Book of Stabbing","floor":25,"turns":7},{"damage":5,"enemies":"Shelled Parasite and Fungi","floor":28,"turns":7},{"damage":23,"enemies":"Champ","floor":33,"turns":14},{"damage":3,"enemies":"Orb Walker","floor":35,"turns":4},{"damage":14,"enemies":"3 Shapes","floor":37,"turns":6},{"damage":42,"enemies":"3 Darklings","floor":39,"turns":6},{"damage":62,"enemies":"Giant Head","floor":41,"turns":10}],"seed_played":"3431953043475131232","potions_obtained":[{"floor":2,"key":"SkillPotion"},{"floor":4,"key":"PowerPotion"},{"floor":8,"key":"PowerPotion"},{"floor":12,"key":"Poison Potion"},{"floor":18,"key":"PowerPotion"},{"floor":20,"key":"PowerPotion"},{"floor":25,"key":"Strength Potion"},{"floor":33,"key":"FocusPotion"}],"is_trial":false,"path_per_floor":["M","M","?","M","M","R","?","E","T","T","?","E","$","M","R","B",null,"M","?","M","?","M","R","T","E","T","R","M","$","R","?","R","B",null,"M","$","M","?","M","R","E"],"character_chosen":"DEFECT","items_purchased":["Echo Form","Gash","Sweeping Beam","Happy Flower","Go for the Eyes","Loop"],"campfire_rested":3,"item_purchase_floors":[13,13,13,29,29,36],"current_hp_per_floor":[68,68,68,68,54,54,54,40,40,40,31,26,26,28,28,13,60,61,61,60,60,55,55,55,33,43,68,65,65,65,49,76,55,81,80,80,68,68,28,53,0],"gold":84,"neow_bonus":"THREE_ENEMY_KILL","is_prod":false,"is_daily":false,"chose_seed":false,"campfire_upgraded":4,"win_rate":0,"timestamp":1548941484,"path_taken":["M","M","?","?","M","R","?","E","T","?","?","E","$","M","R","BOSS","M","?","M","?","M","R","?","E","T","R","M","$","R","?","R","BOSS","M","$","M","?","M","R","E"],"build_version":"2019-01-23","purchased_purges":0,"victory":false,"max_hp_per_floor":[75,75,75,75,75,75,75,75,75,75,75,75,75,75,75,75,75,75,75,75,75,75,75,75,75,85,85,85,85,85,90,90,90,90,90,90,90,85,85,85,85],"card_choices":[{"not_picked":["Scrape","Steam Power"],"picked":"Streamline","floor":1},{"not_picked":["Hologram","Recycle"],"picked":"Sunder","floor":2},{"not_picked":["Double Energy","Consume"],"picked":"Cold Snap","floor":4},{"not_picked":["Consume","Turbo"],"picked":"Coolheaded","floor":5},{"not_picked":["Melter","Storm"],"picked":"Coolheaded","floor":8},{"not_picked":["Barrage","Melter"],"picked":"Ball Lightning","floor":11},{"not_picked":["Force Field","Steam"],"picked":"Conserve Battery","floor":12},{"not_picked":["Hello World","Steam"],"picked":"Stack","floor":14},{"not_picked":["Biased Cognition","Core Surge"],"picked":"All For One","floor":16},{"not_picked":["Rebound","Leap"],"picked":"Glacier","floor":18},{"not_picked":["Self Repair+1","Coolheaded+1"],"picked":"Hologram+1","floor":20},{"not_picked":["Self Repair","Turbo"],"picked":"Cold Snap+1","floor":22},{"not_picked":["Multi-Cast","Hello World+1"],"picked":"Rebound","floor":25},{"not_picked":["Hello World+1","Barrage+1"],"picked":"Gash+1","floor":28},{"not_picked":["Amplify","Rainbow"],"picked":"Core Surge","floor":33},{"not_picked":["Recycle+1","Storm"],"picked":"Sweeping Beam+1","floor":35},{"not_picked":["Steam","Chaos"],"picked":"Redo+1","floor":37},{"not_picked":["Lockon+1","Auto Shields"],"picked":"Ball Lightning+1","floor":39}],"player_experience":290126,"relics_obtained":[{"floor":8,"key":"Juzu Bracelet"},{"floor":9,"key":"Art of War"},{"floor":10,"key":"Orichalcum"},{"floor":11,"key":"Odd Mushroom"},{"floor":12,"key":"Anchor"},{"floor":24,"key":"Bottled Tornado"},{"floor":25,"key":"Oddly Smooth Stone"},{"floor":26,"key":"Pear"}],"event_choices":[{"damage_healed":0,"gold_gain":0,"cards_transformed":["Strike_B"],"player_choice":"Transformed","damage_taken":0,"max_hp_gain":0,"max_hp_loss":0,"event_name":"Transmorgrifier","floor":3,"gold_loss":0,"cards_obtained":["Auto Shields"]},{"damage_healed":0,"gold_gain":0,"player_choice":"Searched \u00271\u0027 times","damage_taken":0,"relics_obtained":["Blood Vial"],"max_hp_gain":0,"max_hp_loss":0,"event_name":"Dead Adventurer","floor":7,"gold_loss":0},{"damage_healed":0,"gold_gain":0,"player_choice":"Fought Mushrooms","damage_taken":0,"max_hp_gain":0,"max_hp_loss":0,"event_name":"Mushrooms","floor":11,"gold_loss":0},{"damage_healed":0,"gold_gain":0,"player_choice":"Obtained Relic","damage_taken":0,"relics_obtained":["Omamori"],"max_hp_gain":0,"max_hp_loss":0,"event_name":"Addict","floor":19,"gold_loss":85},{"cards_removed":["Strike_B"],"damage_healed":0,"gold_gain":0,"player_choice":"Elegance","damage_taken":0,"max_hp_gain":0,"max_hp_loss":0,"event_name":"Back to Basics","floor":21,"gold_loss":0},{"damage_healed":0,"gold_gain":0,"player_choice":"Shed Blood","damage_taken":21,"max_hp_gain":5,"max_hp_loss":0,"event_name":"Forgotten Altar","floor":31,"gold_loss":0},{"damage_healed":0,"gold_gain":0,"player_choice":"Max HP","damage_taken":0,"max_hp_gain":0,"max_hp_loss":5,"event_name":"Winding Halls","floor":38,"gold_loss":0}],"is_beta":false,"boss_relics":[{"not_picked":["FrozenCore","Lizard Tail"],"picked":"Runic Pyramid"},{"not_picked":["Empty Cage","Snecko Eye"],"picked":"Inserter"}],"items_purged_floors":[],"is_endless":false,"potions_floor_spawned":[2,4,8,12,18,20,25,33,39],"killed_by":"Giant Head","ascension_level":7}