{"gold_per_floor":[219,229,179,199,0,0,14,14,60,72,259,271,44,77,77,207,207,227,241,256,256,256,256,256,272,272,293,273,273,95,134,134,253,253,268,283,283,148,167,167,167,186,212,63,396,448,548,208,208,208],"floor_reached":51,"playtime":1866,"items_purged":["Doubt","Defend_B","Defend_B","Defend_B+1","Strike_B+1"],"score":844,"play_id":"74077e11-899b-4c81-8077-d911ca621eae","local_time":"20190213192732","is_ascension_mode":true,"campfire_choices":[{"data":"Zap","floor":6,"key":"SMITH"},{"data":"Coolheaded","floor":8,"key":"SMITH"},{"data":"Dualcast","floor":10,"key":"SMITH"},{"floor":15,"key":"REST"},{"data":"Gash","floor":23,"key":"SMITH"},{"data":"Defend_B","floor":29,"key":"SMITH"},{"floor":32,"key":"REST"},{"data":"Strike_B","floor":40,"key":"SMITH"},{"data":"Melter+1","floor":49,"key":"PURGE"}],"neow_cost":"NONE","seed_source_timestamp":1672088862174,"circlet_count":0,"master_deck":["Zap+1","Dualcast+1","Coolheaded+1","Gash+1","Conserve Battery+1","Steam+1","Gash+1","Gash+1","Coolheaded+1","Gash"],"relics":["Cracked Core","Membership Card","MawBank","Juzu Bracelet","ClockworkSouvenir","Bag of Marbles","Astrolabe","Unceasing Top","MutagenicStrength","Frozen Egg 2","Matryoshka","Kunai","Runic Pyramid","Bronze Scales","Whetstone","Centennial Puzzle","Vajra","Calipers","Peace Pipe","Shuriken","DollysMirror"],"potions_floor_usage":[16,31],"damage_taken":[{"damage":0,"enemies":"Small Slimes","floor":1,"turns":2},{"damage":0,"enemies":"2 Louse","floor":2,"turns":2},{"damage":0,"enemies":"Cultist","floor":4,"turns":4},{"damage":5,"enemies":"3 Louse","floor":7,"turns":3},{"damage":31,"enemies":"3 Sentries","floor":14,"turns":11},{"damage":20,"enemies":"The Guardian","floor":16,"turns":11},{"damage":0,"enemies":"Shell Parasite","floor":18,"turns":5},{"damage":0,"enemies":"Chosen","floor":19,"turns":5},{"damage":15,"enemies":"Snake Plant","floor":20,"turns":6},{"damage":2,"enemies":"Centurion and Healer","floor":25,"turns":6},{"damage":1,"enemies":"Cultist and Chosen","floor":27,"turns":4},{"damage":24,"enemies":"Slavers","floor":31,"turns":6},{"damage":50,"enemies":"Collector","floor":33,"turns":14},{"damage":0,"enemies":"Orb Walker","floor":35,"turns":3},{"damage":0,"enemies":"3 Darklings","floor":36,"turns":4},{"damage":0,"enemies":"Transient","floor":39,"turns":5},{"damage":0,"enemies":"Jaw Worm Horde","floor":42,"turns":3},{"damage":12,"enemies":"2 Orb Walkers","floor":46,"turns":4},{"damage":0,"enemies":"Mind Bloom Boss Battle","floor":47,"turns":3},{"damage":0,"enemies":"Donu and Deca","floor":50,"turns":4}],"seed_played":"7355528039230531436","potions_obtained":[{"floor":1,"key":"FocusPotion"},{"floor":2,"key":"Poison Potion"},{"floor":14,"key":"Regen Potion"},{"floor":20,"key":"GamblersBrew"},{"floor":24,"key":"FearPotion"},{"floor":33,"key":"Energy Potion"}],"is_trial":false,"path_per_floor":["M","M","?","M","$","R","M","R","T","R","?","?","$","E","R","B",null,"M","M","M","?","?","R","?","M","T","M","?","R","$","E","R","B",null,"M","M","?","$","M","R","?","M","T","$","?","?","?","$","R","B",null],"character_chosen":"DEFECT","items_purchased":["Membership Card","Juzu Bracelet","Gash","ClockworkSouvenir","Matryoshka","Bronze Scales","Vajra","Shuriken","DollysMirror","Gash"],"campfire_rested":2,"item_purchase_floors":[5,13,13,13,30,38,44,48,48,48],"current_hp_per_floor":[75,75,75,75,75,75,70,70,70,70,70,52,52,21,43,23,75,75,75,60,60,60,60,60,58,58,57,57,57,57,47,69,19,75,75,75,75,75,75,75,71,71,71,71,71,59,59,59,59,59],"gold":208,"neow_bonus":"HUNDRED_GOLD","is_prod":false,"is_daily":false,"chose_seed":false,"campfire_upgraded":6,"win_rate":0,"timestamp":1550093252,"path_taken":["M","M","?","M","$","R","M","R","T","R","?","?","$","E","R","BOSS","M","M","M","?","?","R","?","M","T","M","?","R","$","E","R","BOSS","M","M","?","$","M","R","?","M","T","$","?","?","?","?","R","BOSS"],"build_version":"2019-01-23","purchased_purges":5,"victory":true,"max_hp_per_floor":[75,75,75,75,75,75,75,75,75,75,75,75,75,75,75,75,75,75,75,75,75,75,75,75,75,75,75,75,75,75,75,75,75,75,75,75,75,75,75,75,71,71,71,71,71,71,71,71,71,71],"card_choices":[{"not_picked":["FTL","Cold Snap"],"picked":"Coolheaded","floor":1},{"not_picked":["Barrage","Steam Power","Cold Snap"],"picked":"SKIP","floor":2},{"not_picked":["Consume","Loop","Barrage"],"picked":"SKIP","floor":4},{"not_picked":["Turbo","Storm","Leap"],"picked":"SKIP","floor":7},{"not_picked":["Meteor Strike","Fusion","Leap"],"picked":"SKIP","floor":14},{"not_picked":["Compile Driver+1","Cold Snap","Reprogram"],"picked":"SKIP","floor":18},{"not_picked":["Chill","Go for the Eyes","Stack"],"picked":"SKIP","floor":19},{"not_picked":["Skim+1","Defragment","Hologram+1"],"picked":"SKIP","floor":20},{"not_picked":["Cold Snap","Sweeping Beam","Darkness+1"],"picked":"SKIP","floor":25},{"not_picked":["Redo","Turbo","Compile Driver"],"picked":"SKIP","floor":27},{"not_picked":["Defragment+1","Blizzard","Static Discharge+1"],"picked":"SKIP","floor":31},{"not_picked":["Double Energy+1","Turbo"],"picked":"Gash+1","floor":35},{"not_picked":["Undo","Compile Driver","Skim+1"],"picked":"SKIP","floor":36},{"not_picked":["Conserve Battery+1","Go for the Eyes","Double Energy+1"],"picked":"SKIP","floor":39},{"not_picked":["Steam","Chaos+1","Stack"],"picked":"SKIP","floor":42},{"not_picked":["Sweeping Beam+1","Conserve Battery"],"picked":"Gash+1","floor":46}],"player_experience":322631,"relics_obtained":[{"floor":9,"key":"MawBank"},{"floor":14,"key":"Bag of Marbles"},{"floor":26,"key":"Frozen Egg 2"},{"floor":31,"key":"Kunai"},{"floor":43,"key":"Whetstone"},{"floor":43,"key":"Centennial Puzzle"},{"floor":46,"key":"Calipers"},{"floor":47,"key":"Peace Pipe"}],"event_choices":[{"cards_removed":["Strike_B"],"damage_healed":0,"gold_gain":0,"player_choice":"Card Removal","damage_taken":0,"max_hp_gain":0,"max_hp_loss":0,"event_name":"The Cleric","floor":3,"gold_loss":50},{"damage_healed":0,"gold_gain":175,"player_choice":"AGREE","damage_taken":0,"max_hp_gain":0,"max_hp_loss":0,"event_name":"Liars Game","floor":11,"gold_loss":0,"cards_obtained":["Doubt"]},{"damage_healed":0,"gold_gain":0,"player_choice":"Take Damage","damage_taken":18,"relics_obtained":["Golden Idol"],"max_hp_gain":0,"max_hp_loss":0,"event_name":"Golden Idol","floor":12,"gold_loss":0},{"damage_healed":0,"gold_gain":0,"player_choice":"Gave Potion","damage_taken":0,"relics_obtained":["Unceasing Top"],"max_hp_gain":0,"max_hp_loss":0,"event_name":"WeMeetAgain","floor":21,"gold_loss":0},{"damage_healed":0,"gold_gain":0,"player_choice":"Inject Mutagens","damage_taken":0,"relics_obtained":["MutagenicStrength"],"max_hp_gain":0,"max_hp_loss":0,"event_name":"Drug Dealer","floor":22,"gold_loss":0},{"damage_healed":0,"gold_gain":0,"player_choice":"Got Potions","damage_taken":0,"max_hp_gain":0,"max_hp_loss":0,"event_name":"Lab","floor":24,"gold_loss":0},{"damage_healed":0,"gold_gain":0,"player_choice":"Bought 1 Potion","damage_taken":0,"max_hp_gain":0,"max_hp_loss":0,"event_name":"The Woman in Blue","floor":28,"gold_loss":0},{"damage_healed":0,"gold_gain":0,"player_choice":"0 cards matched","damage_taken":0,"max_hp_gain":0,"max_hp_loss":0,"event_name":"Match and Keep!","floor":37,"gold_loss":0,"cards_obtained":[]},{"damage_healed":0,"gold_gain":0,"player_choice":"Max HP","damage_taken":0,"max_hp_gain":0,"max_hp_loss":4,"event_name":"Winding Halls","floor":41,"gold_loss":0},{"damage_healed":0,"gold_gain":333,"player_choice":"Gave Idol","damage_taken":0,"max_hp_gain":0,"max_hp_loss":0,"event_name":"The Moai Head","floor":45,"relics_lost":["Golden Idol"],"gold_loss":0},{"damage_healed":0,"gold_gain":0,"player_choice":"Fight","damage_taken":0,"max_hp_gain":0,"max_hp_loss":0,"event_name":"Mysterious Sphere","floor":46,"gold_loss":0},{"damage_healed":0,"gold_gain":0,"player_choice":"Fight","damage_taken":0,"max_hp_gain":0,"max_hp_loss":0,"event_name":"MindBloom","floor":47,"gold_loss":0}],"is_beta":false,"boss_relics":[{"not_picked":["Black Star","Lizard Tail"],"picked":"Astrolabe"},{"not_picked":["Runic Dome","Cursed Key"],"picked":"Runic Pyramid"}],"items_purged_floors":[13,30,38,44,48],"is_endless":false,"potions_floor_spawned":[1,2,14,20,27,33,35,39,42,46],"ascension_level":1}