{"gold_per_floor":[119,119,119,140,160,191,216,216,216,141,141,159,159,45,45,171,171,186,200,115,136,36,36,80,80,106,106,142,142,162,162],"floor_reached":31,"playtime":1219,"items_purged":["Strike_G","Strike_G"],"score":273,"play_id":"2f3501dc-a983-42ee-a4c9-1b598eca136d","local_time":"20190202103619","is_ascension_mode":false,"campfire_choices":[{"data":"Neutralize","floor":11,"key":"SMITH"},{"data":"Survivor","floor":13,"key":"SMITH"},{"data":"Noxious Fumes","floor":15,"key":"SMITH"},{"data":"Crippling Poison","floor":23,"key":"SMITH"},{"data":"After Image","floor":25,"key":"SMITH"},{"data":"Heel Hook","floor":29,"key":"SMITH"}],"neow_cost":"NONE","seed_source_timestamp":227178329251459,"circlet_count":0,"master_deck":["Defend_G","Defend_G","Defend_G","Strike_G","Strike_G","Survivor+1","Neutralize+1","After Image+1","Noxious Fumes+1","Crippling Poison+1","Heel Hook+1"],"relics":["Empty Cage","Golden Idol","Pantograph","Meat on the Bone","Bag of Marbles","White Beast Statue","Boot","Happy Flower","Vajra","The Courier"],"potions_floor_usage":[6,6,16,18,21,28,28,30],"damage_taken":[{"damage":2,"enemies":"Jaw Worm","floor":1,"turns":5},{"damage":0,"enemies":"Small Slimes","floor":4,"turns":4},{"damage":0,"enemies":"Cultist","floor":5,"turns":4},{"damage":8,"enemies":"Lagavulin","floor":6,"turns":9},{"damage":20,"enemies":"Exordium Thugs","floor":7,"turns":7},{"damage":2,"enemies":"2 Fungi Beasts","floor":12,"turns":4},{"damage":26,"enemies":"Slime Boss","floor":16,"turns":14},{"damage":0,"enemies":"Spheric Guardian","floor":18,"turns":7},{"damage":5,"enemies":"Chosen","floor":19,"turns":8},{"damage":10,"enemies":"Shelled Parasite and Fungi","floor":21,"turns":8},{"damage":22,"enemies":"Book of Stabbing","floor":24,"turns":9},{"damage":10,"enemies":"Gremlin Leader","floor":28,"turns":7},{"damage":8,"enemies":"Snecko","floor":30,"turns":6},{"damage":11,"enemies":"Centurion and Healer","floor":31,"turns":3}],"seed_played":"3087470174574341289","potions_obtained":[{"floor":4,"key":"PowerPotion"},{"floor":5,"key":"AttackPotion"},{"floor":7,"key":"GhostInAJar"},{"floor":12,"key":"GhostInAJar"},{"floor":18,"key":"EssenceOfSteel"},{"floor":19,"key":"Strength Potion"},{"floor":21,"key":"Strength Potion"},{"floor":24,"key":"Explosive Potion"},{"floor":28,"key":"Regen Potion"},{"floor":30,"key":"Ancient Potion"}],"is_trial":false,"path_per_floor":["M","?","?","M","M","E","M","T","T","$","R","M","R","$","R","B",null,"M","M","?","M","$","R","E","R","T","?","E","R","M","M"],"character_chosen":"THE_SILENT","items_purchased":["Noxious Fumes","Crippling Poison"],"campfire_rested":0,"item_purchase_floors":[14,14],"current_hp_per_floor":[68,51,44,44,44,36,16,16,16,16,16,26,26,26,26,37,70,70,65,65,55,55,55,45,45,45,45,47,47,54,43],"gold":162,"neow_bonus":"BOSS_RELIC","is_prod":false,"is_daily":false,"chose_seed":false,"campfire_upgraded":6,"win_rate":0,"timestamp":1549128979,"path_taken":["M","?","?","M","M","E","M","?","T","$","R","?","R","$","R","BOSS","M","M","?","M","$","R","E","R","T","?","E","R","M","?"],"build_version":"2019-01-23","purchased_purges":2,"victory":false,"max_hp_per_floor":[70,70,70,70,70,70,70,70,70,70,70,70,70,70,70,70,70,70,70,70,70,70,70,70,70,70,70,70,70,70,70],"card_choices":[{"not_picked":["Backflip","Dash","PiercingWail"],"picked":"SKIP","floor":1},{"not_picked":["Poisoned Stab","Blur"],"picked":"After Image","floor":4},{"not_picked":["Caltrops","Flying Knee","Sucker Punch"],"picked":"SKIP","floor":5},{"not_picked":["Poisoned Stab","Dagger Spray","Bouncing Flask"],"picked":"SKIP","floor":6},{"not_picked":["All Out Attack","Distraction","Skewer"],"picked":"SKIP","floor":7},{"not_picked":["Tactician","Setup","Sucker Punch"],"picked":"SKIP","floor":12},{"not_picked":["Caltrops","Distraction+1","Setup"],"picked":"SKIP","floor":18},{"not_picked":["Infinite Blades+1","Underhanded Strike","Sucker Punch+1"],"picked":"SKIP","floor":19},{"not_picked":["Endless Agony+1","Bane+1"],"picked":"Heel Hook","floor":21},{"not_picked":["Crippling Poison","Corpse Explosion","PiercingWail"],"picked":"SKIP","floor":24},{"not_picked":["Well Laid Plans","Tactician","Caltrops"],"picked":"SKIP","floor":28},{"not_picked":["All Out Attack","Underhanded Strike","Deflect"],"picked":"SKIP","floor":30}],"player_experience":1292678,"relics_obtained":[{"floor":6,"key":"Pantograph"},{"floor":8,"key":"Meat on the Bone"},{"floor":9,"key":"Bag of Marbles"},{"floor":24,"key":"Happy Flower"},{"floor":26,"key":"Vajra"},{"floor":28,"key":"The Courier"}],"event_choices":[{"damage_healed":0,"gold_gain":0,"player_choice":"Take Damage","damage_taken":17,"relics_obtained":["Golden Idol"],"max_hp_gain":0,"max_hp_loss":0,"event_name":"Golden Idol","floor":2,"gold_loss":0},{"cards_removed":["Defend_G"],"damage_healed":0,"gold_gain":0,"player_choice":"Card Removal","damage_taken":7,"max_hp_gain":0,"max_hp_loss":0,"event_name":"Golden Wing","floor":3,"gold_loss":0},{"damage_healed":0,"gold_gain":0,"player_choice":"Obtained Relic","damage_taken":0,"relics_obtained":["Boot"],"max_hp_gain":0,"max_hp_loss":0,"event_name":"Addict","floor":20,"gold_loss":85},{"damage_healed":0,"gold_gain":0,"player_choice":"0 cards matched","damage_taken":0,"max_hp_gain":0,"max_hp_loss":0,"event_name":"Match and Keep!","floor":27,"gold_loss":0,"cards_obtained":[]}],"is_beta":true,"boss_relics":[{"not_picked":["Snecko Eye","Calling Bell"],"picked":"White Beast Statue"}],"items_purged_floors":[10,22],"is_endless":false,"potions_floor_spawned":[4,5,7,12,18,19,21,24,28,30],"killed_by":"Centurion and Healer","ascension_level":0}