{"gold_per_floor":[114,114,128,142,142,169,189,50,50,69,82,62,73,88,88,190,190,208,133,133,50,65,65,93,93,93,109,124,144,144,144,144,239,239,252,26,0,15,15,15,31,31,31,7,7,19,35,51,51,51],"floor_reached":50,"playtime":31097,"items_purged":[],"score":518,"play_id":"dc2a035d-2e3b-4971-a1ca-a72631fb8753","local_time":"20190203083559","is_ascension_mode":false,"campfire_choices":[{"floor":15,"key":"REST"},{"data":"After Image","floor":23,"key":"SMITH"},{"floor":30,"key":"REST"},{"floor":32,"key":"REST"},{"data":"1","floor":40,"key":"LIFT"},{"floor":45,"key":"REST"},{"floor":49,"key":"REST"}],"neow_cost":"NONE","seed_source_timestamp":1268559157852025,"circlet_count":0,"master_deck":["Defend_G","Defend_G","Defend_G","Defend_G+1","Strike_G","Strike_G","Survivor","Neutralize+1","Acrobatics","Blade Dance","Slice","Poisoned Stab","Terror","Adrenaline","Footwork","Adrenaline","Sucker Punch+1","Deadly Poison","Skewer+1","After Image+1","Backflip","Infinite Blades","PiercingWail","Bandage Up","Blur+1","Quick Slash+1","Normality","Corpse Explosion","Dodge and Roll","Decay","After Image","Escape Plan+1","Acrobatics","Infinite Blades","Bandage Up","Well Laid Plans","Writhe","Blade Dance","Well Laid Plans+1","Bane+1","Dodge and Roll+1"],"relics":["Ring of the Snake","NeowsBlessing","Pantograph","Cursed Key","Bag of Preparation","Nloth\u0027s Gift","Girya","Busted Crown","Red Mask","Pear"],"potions_floor_usage":[6],"damage_taken":[{"damage":0,"enemies":"Jaw Worm","floor":1,"turns":1},{"damage":0,"enemies":"Cultist","floor":3,"turns":1},{"damage":0,"enemies":"Small Slimes","floor":4,"turns":1},{"damage":19,"enemies":"Lagavulin","floor":6,"turns":9},{"damage":13,"enemies":"Gremlin Gang","floor":7,"turns":6},{"damage":0,"enemies":"Large Slime","floor":10,"turns":6},{"damage":3,"enemies":"2 Fungi Beasts","floor":11,"turns":3},{"damage":9,"enemies":"Gremlin Gang","floor":13,"turns":4},{"damage":0,"enemies":"Blue Slaver","floor":14,"turns":2},{"damage":29,"enemies":"The Guardian","floor":16,"turns":10},{"damage":0,"enemies":"Chosen","floor":18,"turns":3},{"damage":0,"enemies":"Shell Parasite","floor":22,"turns":5},{"damage":0,"enemies":"Gremlin Leader","floor":24,"turns":6},{"damage":54,"enemies":"3 Cultists","floor":27,"turns":9},{"damage":20,"enemies":"Snake Plant","floor":28,"turns":7},{"damage":0,"enemies":"Centurion and Healer","floor":29,"turns":5},{"damage":41,"enemies":"Automaton","floor":33,"turns":11},{"damage":0,"enemies":"Orb Walker","floor":35,"turns":5},{"damage":6,"enemies":"3 Darklings","floor":38,"turns":4},{"damage":46,"enemies":"Sphere and 2 Shapes","floor":41,"turns":6},{"damage":31,"enemies":"Transient","floor":46,"turns":5},{"damage":5,"enemies":"Jaw Worm Horde","floor":47,"turns":4},{"damage":10,"enemies":"Maw","floor":48,"turns":7},{"damage":85,"enemies":"Awakened One","floor":50,"turns":6}],"seed_played":"6307118728257208675","potions_obtained":[{"floor":4,"key":"GhostInAJar"},{"floor":6,"key":"SteroidPotion"},{"floor":10,"key":"EssenceOfSteel"},{"floor":12,"key":"SmokeBomb"},{"floor":38,"key":"Ancient Potion"}],"is_trial":false,"path_per_floor":["M","?","M","M","?","E","M","$","T","M","M","?","M","M","R","B",null,"M","?","?","$","M","R","E","?","T","M","M","M","R","?","R","B",null,"M","$","?","M","?","R","M","$","T","$","R","M","M","M","R","B"],"character_chosen":"THE_SILENT","items_purchased":["Adrenaline","Footwork","Bandage Up","Acrobatics","Infinite Blades","Bandage Up","Blade Dance"],"campfire_rested":5,"item_purchase_floors":[8,8,21,36,36,36,44],"current_hp_per_floor":[70,70,70,70,56,37,24,24,24,24,21,21,12,12,33,29,70,70,70,70,70,70,70,70,70,70,20,4,8,29,29,50,33,70,70,70,70,64,64,64,26,26,36,36,60,37,40,38,62,0],"gold":51,"neow_bonus":"THREE_ENEMY_KILL","is_prod":false,"is_daily":false,"chose_seed":false,"campfire_upgraded":1,"win_rate":0.0,"timestamp":1549182959,"path_taken":["M","?","M","?","?","E","M","$","T","M","M","?","?","M","R","BOSS","M","?","?","$","M","R","E","?","T","?","M","M","R","?","R","BOSS","M","$","?","M","?","R","M","?","T","$","R","?","M","M","R","BOSS"],"build_version":"2019-01-23","purchased_purges":0,"victory":false,"max_hp_per_floor":[70,70,70,70,70,70,70,70,70,70,70,70,70,70,70,70,70,70,70,70,70,70,70,70,70,70,70,70,70,70,70,70,70,70,70,70,70,70,70,70,70,70,80,80,80,80,80,80,80,80],"card_choices":[{"not_picked":["Masterful Stab","Deflect"],"picked":"Acrobatics","floor":1},{"not_picked":["Catalyst","Expertise"],"picked":"Blade Dance","floor":3},{"not_picked":["Underhanded Strike","Reflex"],"picked":"Slice","floor":4},{"not_picked":["PiercingWail","Slice"],"picked":"Poisoned Stab","floor":6},{"not_picked":["Skewer","Sucker Punch"],"picked":"Terror","floor":7},{"not_picked":["Caltrops","Terror"],"picked":"Adrenaline","floor":10},{"not_picked":["Leg Sweep","PiercingWail"],"picked":"Sucker Punch+1","floor":11},{"not_picked":["Deflect","Sucker Punch+1"],"picked":"Deadly Poison","floor":13},{"not_picked":["PiercingWail","Sucker Punch+1"],"picked":"Skewer+1","floor":14},{"not_picked":["Venomology","Phantasmal Killer"],"picked":"After Image","floor":16},{"not_picked":["Underhanded Strike+1","Outmaneuver"],"picked":"Backflip","floor":18},{"not_picked":["Flying Knee+1","Choke+1"],"picked":"Blur+1","floor":22},{"not_picked":["Slice+1","Heel Hook+1"],"picked":"Quick Slash+1","floor":24},{"not_picked":["Skewer","PiercingWail"],"picked":"Dagger Throw","floor":27},{"not_picked":["Underhanded Strike","Predator"],"picked":"Corpse Explosion","floor":28},{"not_picked":["Bane","Expertise"],"picked":"Dodge and Roll","floor":29},{"not_picked":["Bullet Time","Night Terror"],"picked":"After Image","floor":33},{"not_picked":[],"picked":"Escape Plan+1","floor":35},{"not_picked":[],"picked":"Well Laid Plans","floor":38},{"not_picked":["Dagger Spray"],"picked":"SKIP","floor":41},{"not_picked":[],"picked":"Well Laid Plans+1","floor":46},{"not_picked":[],"picked":"Bane+1","floor":47},{"not_picked":[],"picked":"Dodge and Roll+1","floor":48}],"player_experience":116220,"relics_obtained":[{"floor":6,"key":"Pantograph"},{"floor":9,"key":"Molten Egg 2"},{"floor":24,"key":"Bag of Preparation"},{"floor":26,"key":"Girya"},{"floor":43,"key":"Pear"}],"event_choices":[{"cards_removed":["Strike_G"],"damage_healed":0,"gold_gain":0,"player_choice":"Card Removal","damage_taken":0,"max_hp_gain":0,"max_hp_loss":0,"event_name":"Wheel of Change","floor":2,"gold_loss":0},{"damage_healed":0,"gold_gain":0,"player_choice":"Entered Light","damage_taken":14,"max_hp_gain":0,"max_hp_loss":0,"event_name":"Shining Light","floor":5,"gold_loss":0,"cards_upgraded":["Neutralize","Defend_G"]},{"damage_healed":0,"gold_gain":0,"player_choice":"Bought 1 Potion","damage_taken":0,"max_hp_gain":0,"max_hp_loss":0,"event_name":"The Woman in Blue","floor":12,"gold_loss":0},{"cards_removed":["Defend_G"],"damage_healed":0,"gold_gain":0,"player_choice":"Gave Gold","damage_taken":0,"max_hp_gain":0,"max_hp_loss":0,"event_name":"Beggar","floor":19,"gold_loss":75},{"damage_healed":0,"gold_gain":0,"cards_transformed":["Strike_G","Strike_G"],"player_choice":"Became Test Subject","damage_taken":0,"max_hp_gain":0,"max_hp_loss":0,"event_name":"Drug Dealer","floor":20,"gold_loss":0,"cards_obtained":["Infinite Blades","PiercingWail"]},{"damage_healed":0,"gold_gain":0,"player_choice":"Traded Relic","damage_taken":0,"relics_obtained":["Nloth\u0027s Gift"],"max_hp_gain":0,"max_hp_loss":0,"event_name":"N\u0027loth","floor":25,"relics_lost":["Molten Egg 2"],"gold_loss":0},{"damage_healed":0,"gold_gain":0,"player_choice":"Cursed","damage_taken":0,"max_hp_gain":0,"max_hp_loss":0,"event_name":"Wheel of Change","floor":31,"gold_loss":0,"cards_obtained":["Decay"]},{"damage_healed":0,"gold_gain":0,"player_choice":"Paid","damage_taken":0,"relics_obtained":["Red Mask"],"max_hp_gain":0,"max_hp_loss":0,"event_name":"Tomb of Lord Red Mask","floor":37,"gold_loss":26},{"cards_removed":["Dagger Throw"],"damage_healed":0,"gold_gain":0,"player_choice":"Removed Attack","damage_taken":0,"max_hp_gain":0,"max_hp_loss":0,"event_name":"Falling","floor":39,"gold_loss":0}],"is_beta":false,"boss_relics":[{"not_picked":["WristBlade","Calling Bell"],"picked":"Cursed Key"},{"not_picked":["Velvet Choker","Runic Pyramid"],"picked":"Busted Crown"}],"items_purged_floors":[],"is_endless":false,"potions_floor_spawned":[4,6,10,13,22,27,28,35,38,41],"killed_by":"Awakened One","ascension_level":0}