{"gold_per_floor":[360,360,379,379,89,89,115,115,115,148,159,2,2,28,28,99,99,109,89,8,8,19,19,47,47,47,47,60,90,104,104],"floor_reached":31,"playtime":1141,"items_purged":["Strike_R","Strike_R"],"score":692,"play_id":"ef2578ee-6c5d-4bc4-8008-3fef9d753363","local_time":"20181203194343","is_ascension_mode":true,"campfire_choices":[{"data":"Immolate","floor":6,"key":"SMITH"},{"data":"Inflame","floor":8,"key":"SMITH"},{"data":"Bash","floor":13,"key":"SMITH"},{"data":"Whirlwind","floor":15,"key":"SMITH"},{"data":"Clothesline","floor":23,"key":"SMITH"}],"neow_cost":"TEN_PERCENT_HP_LOSS","seed_source_timestamp":1732511202542156,"circlet_count":0,"master_deck":["AscendersBane","Strike_R","Strike_R","Strike_R","Defend_R","Defend_R","Defend_R","Defend_R","Bash+1","True Grit+1","Anger+1","Immolate+1","Inflame+1","Whirlwind+1","Shrug It Off+1","Clothesline+1","Impervious+1","Limit Break+1","Flame Barrier+1","Headbutt+1","Ghostly+1","Ghostly+1","Ghostly+1","Metallicize","Heavy Blade+1"],"relics":["Burning Blood","Nunchaku","Singing Bowl","Toxic Egg 2","Art of War","Cursed Key","Kunai","Mercury Hourglass"],"potions_floor_usage":[7,16,16,24,24,30],"damage_taken":[{"damage":9,"enemies":"Jaw Worm","floor":1,"turns":4},{"damage":6,"enemies":"Cultist","floor":3,"turns":4},{"damage":0,"enemies":"3 Sentries","floor":7,"turns":2},{"damage":20,"enemies":"Lagavulin","floor":10,"turns":4},{"damage":0,"enemies":"Small Slimes","floor":11,"turns":1},{"damage":8,"enemies":"Gremlin Nob","floor":14,"turns":3},{"damage":0,"enemies":"Slime Boss","floor":16,"turns":6},{"damage":20,"enemies":"Spheric Guardian","floor":18,"turns":4},{"damage":0,"enemies":"Chosen","floor":22,"turns":3},{"damage":7,"enemies":"Slavers","floor":24,"turns":2},{"damage":0,"enemies":"Centurion and Healer","floor":28,"turns":5},{"damage":17,"enemies":"Book of Stabbing","floor":29,"turns":7},{"damage":6,"enemies":"Sentry and Sphere","floor":30,"turns":3},{"damage":34,"enemies":"Shelled Parasite and Fungi","floor":31,"turns":3}],"seed_played":"-2206393015121697500","potions_obtained":[{"floor":1,"key":"Fire Potion"},{"floor":7,"key":"SkillPotion"},{"floor":14,"key":"SteroidPotion"},{"floor":18,"key":"Strength Potion"},{"floor":19,"key":"Explosive Potion"},{"floor":28,"key":"Explosive Potion"}],"is_trial":false,"path_per_floor":["M","?","M","?","$","R","E","R","T","E","M","$","R","E","R","B",null,"M","?","$","T","M","R","E","$","T","?","M","E","M","M"],"character_chosen":"IRONCLAD","items_purchased":["Immolate","Explosive Potion","Clothesline","Flame Barrier+1"],"campfire_rested":0,"item_purchase_floors":[5,5,12,20],"current_hp_per_floor":[65,65,65,65,65,65,68,68,68,54,60,60,60,58,58,64,67,55,55,55,55,61,61,62,62,62,36,36,25,27,0],"gold":104,"neow_bonus":"TWO_FIFTY_GOLD","is_prod":false,"is_daily":false,"chose_seed":false,"campfire_upgraded":5,"win_rate":0,"timestamp":1543891423,"path_taken":["M","?","?","?","$","R","E","R","T","E","M","$","R","E","R","BOSS","M","?","?","?","M","R","E","$","T","?","M","E","?","M"],"build_version":"2018-11-15","purchased_purges":2,"victory":false,"max_hp_per_floor":[68,68,68,68,68,68,68,68,68,68,68,68,68,68,68,68,68,70,70,70,70,70,70,72,72,72,36,36,36,38,38],"card_choices":[{"not_picked":["Burning Pact","Sword Boomerang"],"picked":"True Grit","floor":1},{"not_picked":["Pummel","Armaments"],"picked":"Anger","floor":3},{"not_picked":["Intimidate","Entrench"],"picked":"Inflame","floor":7},{"not_picked":["Cleave","Wild Strike"],"picked":"Whirlwind","floor":10},{"not_picked":["Havoc+1","Ghostly Armor+1"],"picked":"Shrug It Off+1","floor":11},{"not_picked":["Clash","Bloodletting+1"],"picked":"Impervious+1","floor":14},{"not_picked":["Feed","Brutality"],"picked":"Limit Break+1","floor":16},{"not_picked":["Intimidate+1","Pommel Strike","Evolve"],"picked":"Singing Bowl","floor":18},{"not_picked":["Perfected Strike","Body Slam"],"picked":"Headbutt+1","floor":22},{"not_picked":["Demon Form","Perfected Strike","Hemokinesis"],"picked":"Singing Bowl","floor":24},{"not_picked":["Infernal Blade+1","Cleave"],"picked":"Metallicize","floor":28},{"not_picked":["Clash","Shockwave+1"],"picked":"Heavy Blade+1","floor":29},{"not_picked":["Cleave","Thunderclap","Armaments+1"],"picked":"Singing Bowl","floor":30}],"player_experience":1163698,"relics_obtained":[{"floor":7,"key":"Nunchaku"},{"floor":9,"key":"Singing Bowl"},{"floor":10,"key":"Toxic Egg 2"},{"floor":14,"key":"Art of War"},{"floor":24,"key":"Kunai"},{"floor":29,"key":"Mercury Hourglass"}],"event_choices":[{"damage_healed":0,"gold_gain":0,"player_choice":"Upgraded","damage_taken":0,"max_hp_gain":0,"max_hp_loss":0,"event_name":"Upgrade Shrine","floor":2,"gold_loss":0,"cards_upgraded":["True Grit"]},{"damage_healed":0,"gold_gain":0,"player_choice":"Grow","damage_taken":0,"max_hp_gain":0,"max_hp_loss":0,"event_name":"Living Wall","floor":4,"gold_loss":0,"cards_upgraded":["Anger"]},{"damage_healed":0,"gold_gain":0,"player_choice":"Bought 1 Potion","damage_taken":0,"max_hp_gain":0,"max_hp_loss":0,"event_name":"The Woman in Blue","floor":19,"gold_loss":0},{"damage_healed":0,"gold_gain":0,"player_choice":"Became a Ghost","damage_taken":0,"max_hp_gain":0,"max_hp_loss":36,"event_name":"Ghosts","floor":27,"gold_loss":0,"cards_obtained":["Ghostly","Ghostly","Ghostly"]}],"is_beta":true,"boss_relics":[{"not_picked":["Lizard Tail","Runic Dome"],"picked":"Cursed Key"}],"items_purged_floors":[5,12],"is_endless":false,"potions_floor_spawned":[1,7,14,18,28],"killed_by":"Shelled Parasite and Fungi","ascension_level":18}