{"gold_per_floor":[118,118,132,148,148,148,175,175,175,175,194,194,194,229,229,328,328,348,363,380,391,58,58,83,83,83,99,116,116,116,116,116,220,220,240,240,260,17,34,64,64,64,136,136,151,176,192,211,211,211],"floor_reached":51,"playtime":3990,"items_purged":["Calculated Gamble"],"score":848,"play_id":"273a4d81-5cf8-4477-a303-52adc6acbabb","local_time":"20181016230140","is_ascension_mode":true,"campfire_choices":[{"data":"Survivor","floor":6,"key":"SMITH"},{"data":"Neutralize","floor":8,"key":"SMITH"},{"data":"Backflip","floor":10,"key":"SMITH"},{"floor":12,"key":"REST"},{"data":"Footwork","floor":15,"key":"SMITH"},{"data":"Noxious Fumes","floor":23,"key":"SMITH"},{"data":"Cloak And Dagger","floor":30,"key":"SMITH"},{"data":"Terror","floor":32,"key":"SMITH"},{"data":"Adrenaline","floor":42,"key":"SMITH"},{"data":"Accuracy","floor":44,"key":"SMITH"},{"data":"Tactician","floor":49,"key":"SMITH"}],"neow_cost":"NONE","seed_source_timestamp":20831272711629,"circlet_count":0,"master_deck":["Survivor+1","Neutralize+1","Tools of the Trade+1","Dagger Throw","Backflip+1","Footwork+1","After Image","Slice","Flechettes","Dagger Throw","Crippling Poison","Accuracy+1","Well Laid Plans","Terror+1","Dash","Noxious Fumes+1","Cloak And Dagger+1","Cloak And Dagger+1","Blade Dance+1","Acrobatics","Adrenaline+1","Madness","Madness","Sucker Punch+1","Escape Plan+1","PiercingWail+1","Tactician+1"],"relics":["Ring of the Snake","FossilizedHelix","Mercury Hourglass","Bottled Lightning","Pandora\u0027s Box","TwistedFunnel","Gremlin Horn","Molten Egg 2","Sozu","Shuriken","Bird Faced Urn","Tough Bandages","Frozen Egg 2","Omamori"],"potions_floor_usage":[7],"damage_taken":[{"damage":8,"enemies":"2 Louse","floor":1,"turns":3},{"damage":0,"enemies":"Cultist","floor":3,"turns":3},{"damage":5,"enemies":"Small Slimes","floor":4,"turns":6},{"damage":20,"enemies":"Lagavulin","floor":7,"turns":10},{"damage":0,"enemies":"Exordium Wildlife","floor":11,"turns":4},{"damage":3,"enemies":"Gremlin Nob","floor":14,"turns":5},{"damage":25,"enemies":"Hexaghost","floor":16,"turns":18},{"damage":0,"enemies":"Shell Parasite","floor":18,"turns":5},{"damage":0,"enemies":"3 Byrds","floor":19,"turns":4},{"damage":0,"enemies":"Cultist and Chosen","floor":20,"turns":6},{"damage":9,"enemies":"Sentry and Sphere","floor":21,"turns":7},{"damage":0,"enemies":"Gremlin Leader","floor":24,"turns":7},{"damage":0,"enemies":"Centurion and Healer","floor":27,"turns":6},{"damage":16,"enemies":"Snecko","floor":28,"turns":6},{"damage":13,"enemies":"Collector","floor":33,"turns":8},{"damage":0,"enemies":"3 Shapes","floor":35,"turns":3},{"damage":9,"enemies":"3 Darklings","floor":37,"turns":4},{"damage":0,"enemies":"Reptomancer","floor":39,"turns":3},{"damage":3,"enemies":"Nemesis","floor":40,"turns":5},{"damage":0,"enemies":"Mind Bloom Boss Battle","floor":41,"turns":4},{"damage":0,"enemies":"4 Shapes","floor":45,"turns":3},{"damage":0,"enemies":"Giant Head","floor":46,"turns":6},{"damage":0,"enemies":"Maw","floor":47,"turns":5},{"damage":0,"enemies":"Transient","floor":48,"turns":5},{"damage":36,"enemies":"Time Eater","floor":50,"turns":12}],"seed_played":"-7769949678780583272","potions_obtained":[{"floor":3,"key":"AttackPotion"},{"floor":16,"key":"Ancient Potion"},{"floor":20,"key":"PowerPotion"},{"floor":27,"key":"FearPotion"},{"floor":28,"key":"SpeedPotion"}],"is_trial":false,"path_per_floor":["M","?","M","M","?","R","E","R","T","R","M","R","?","E","R","B",null,"M","M","M","M","$","R","E","?","T","M","M","?","R","?","R","B",null,"M","?","M","$","M","E","?","R","T","R","M","E","M","M","R","B"],"character_chosen":"THE_SILENT","items_purchased":["TwistedFunnel","Cloak And Dagger","Shuriken"],"campfire_rested":1,"item_purchase_floors":[22,22,38],"current_hp_per_floor":[62,62,62,57,57,57,37,37,37,37,37,58,58,55,55,30,70,70,70,70,61,61,61,61,61,61,61,45,45,45,45,45,32,70,70,61,52,52,52,49,57,57,57,57,67,70,70,70,70,36],"gold":211,"neow_bonus":"ONE_RANDOM_RARE_CARD","is_prod":false,"is_daily":false,"chose_seed":false,"campfire_upgraded":10,"win_rate":0,"timestamp":1539741700,"path_taken":["M","?","M","M","?","R","E","R","T","R","M","R","?","E","R","BOSS","M","?","M","?","$","R","E","?","T","M","M","?","R","?","R","BOSS","M","?","M","$","M","E","?","R","T","R","M","E","M","?","R","BOSS"],"build_version":"2018-10-11","purchased_purges":1,"victory":true,"max_hp_per_floor":[70,70,70,70,70,70,70,70,70,70,70,70,70,70,70,70,70,70,70,70,70,70,70,70,70,70,70,70,70,70,70,70,70,70,70,70,70,70,70,70,70,70,70,70,70,70,70,70,70,70],"card_choices":[{"not_picked":["Choke","Tactician"],"picked":"Dagger Throw","floor":1},{"not_picked":["Outmaneuver","Dagger Spray"],"picked":"Backflip","floor":3},{"not_picked":["Deadly Poison","Riddle With Holes"],"picked":"Well Laid Plans","floor":4},{"not_picked":["Slice","Quick Slash","Catalyst"],"picked":"SKIP","floor":7},{"not_picked":["Slice","Predator","Tools of the Trade"],"picked":"SKIP","floor":11},{"not_picked":["Slice","Predator","Tools of the Trade"],"picked":"SKIP","floor":11},{"not_picked":["Dodge and Roll","Cloak And Dagger"],"picked":"Footwork","floor":14},{"not_picked":["Venomology","Tools of the Trade"],"picked":"After Image","floor":16},{"not_picked":["Riddle With Holes","Expertise"],"picked":"Dash","floor":18},{"not_picked":["Riddle With Holes","Reflex","Poisoned Stab"],"picked":"SKIP","floor":19},{"not_picked":["Bane","Dodge and Roll+1"],"picked":"Noxious Fumes","floor":20},{"not_picked":["Crippling Poison+1","Outmaneuver"],"picked":"Cloak And Dagger","floor":21},{"not_picked":["Poisoned Stab+1","Escape Plan","Cloak And Dagger"],"picked":"SKIP","floor":24},{"not_picked":["Flechettes+1","Deflect"],"picked":"Blade Dance+1","floor":27},{"not_picked":["Dodge and Roll+1","Glass Knife+1"],"picked":"Acrobatics","floor":28},{"not_picked":["A Thousand Cuts","Corpse Explosion"],"picked":"Adrenaline","floor":33},{"not_picked":["Acrobatics","Prepared","Flying Knee+1"],"picked":"SKIP","floor":35},{"not_picked":["Flechettes+1","Blade Dance","Cloak And Dagger+1"],"picked":"SKIP","floor":37},{"not_picked":["Blade Dance","Bane+1","Poisoned Stab+1"],"picked":"SKIP","floor":39},{"not_picked":["Skewer+1","Deflect"],"picked":"Sucker Punch+1","floor":40},{"not_picked":["Bane+1","Crippling Poison"],"picked":"Escape Plan+1","floor":41},{"not_picked":["Endless Agony+1","Terror+1"],"picked":"PiercingWail+1","floor":45},{"not_picked":["Phantasmal Killer","Well Laid Plans+1"],"picked":"Tactician","floor":46},{"not_picked":["Calculated Gamble+1","Dagger Spray+1","Cloak And Dagger"],"picked":"SKIP","floor":47},{"not_picked":["PiercingWail+1","Outmaneuver","Sucker Punch+1"],"picked":"SKIP","floor":48}],"player_experience":83634,"relics_obtained":[{"floor":7,"key":"FossilizedHelix"},{"floor":9,"key":"Mercury Hourglass"},{"floor":14,"key":"Bottled Lightning"},{"floor":24,"key":"Gremlin Horn"},{"floor":26,"key":"Molten Egg 2"},{"floor":40,"key":"Bird Faced Urn"},{"floor":41,"key":"Tough Bandages"},{"floor":43,"key":"Frozen Egg 2"},{"floor":46,"key":"Omamori"}],"event_choices":[{"event_name":"Wheel of Change","player_choice":"Card Removal","floor":2,"damage_taken":0},{"event_name":"Purifier","player_choice":"One Purge","floor":5,"damage_taken":0},{"event_name":"Upgrade Shrine","player_choice":"Upgraded","floor":13,"damage_taken":0},{"event_name":"Upgrade Shrine","player_choice":"Upgraded","floor":25,"damage_taken":0},{"event_name":"Ghosts","player_choice":"Ignored","floor":29,"damage_taken":0},{"event_name":"Back to Basics","player_choice":"Elegance","floor":31,"damage_taken":0},{"event_name":"Winding Halls","player_choice":"Embrace Madness","floor":36,"damage_taken":0},{"event_name":"MindBloom","player_choice":"Fight","floor":41,"damage_taken":0}],"is_beta":false,"boss_relics":[{"not_picked":["Calling Bell","Snecko Eye"],"picked":"Pandora\u0027s Box"},{"not_picked":["Busted Crown","Astrolabe"],"picked":"Sozu"}],"items_purged_floors":[22],"is_endless":false,"potions_floor_spawned":[3,16,20,27,28,33,39,45,46,48],"ascension_level":3}