{"gold_per_floor":[109,109,12,26,38,38,73,73,73,21,54,73,102,102,102,102],"floor_reached":16,"playtime":593,"items_purged":[],"score":207,"play_id":"a7be5677-7a97-4503-bc31-0f61ba187d2c","local_time":"20180716132118","is_ascension_mode":true,"campfire_choices":[{"data":"Noxious Fumes","floor":6,"key":"SMITH"},{"data":"Neutralize","floor":8,"key":"SMITH"},{"floor":15,"key":"REST"}],"neow_cost":"TEN_PERCENT_HP_LOSS","seed_source_timestamp":0,"circlet_count":0,"master_deck":["Defend_G","Defend_G","Defend_G","Defend_G","Defend_G","Strike_G","Strike_G","Strike_G","Survivor","Neutralize+1","AscendersBane","Slice","Predator","Outmaneuver","PiercingWail","Noxious Fumes+1","Backstab","Cloak And Dagger","Glass Knife","Caltrops","Venomology"],"special_seed":17728,"relics":["Ring of the Snake","Dodecahedron","Potion Belt","Boot","Orichalcum","Shovel","FaceOfCleric"],"potions_floor_usage":[7,13,16,16],"damage_taken":[{"damage":0,"enemies":"Jaw Worm","floor":1,"turns":4},{"damage":0,"enemies":"2 Louse","floor":4,"turns":2},{"damage":0,"enemies":"Cultist","floor":5,"turns":4},{"damage":20,"enemies":"Lagavulin","floor":7,"turns":8},{"damage":8,"enemies":"Gremlin Nob","floor":11,"turns":4},{"damage":3,"enemies":"Blue Slaver","floor":12,"turns":4},{"damage":15,"enemies":"Lagavulin","floor":13,"turns":9},{"damage":29,"enemies":"Hexaghost","floor":16,"turns":9}],"seed_played":"-2205032152784244808","potions_obtained":[{"floor":4,"key":"FearPotion"},{"floor":5,"key":"Energy Potion"},{"floor":7,"key":"GhostInAJar"}],"is_trial":false,"path_per_floor":["M","?","$","M","M","R","E","R","T","$","E","M","E","?","R"],"character_chosen":"THE_SILENT","items_purchased":["Predator","Outmaneuver","Cloak And Dagger"],"campfire_rested":1,"item_purchase_floors":[3,3,10],"current_hp_per_floor":[59,54,54,54,54,54,34,34,34,34,26,23,8,8,26,0],"gold":102,"neow_bonus":"REMOVE_TWO","is_prod":false,"is_daily":false,"chose_seed":false,"campfire_upgraded":2,"win_rate":0,"timestamp":1531768878,"path_taken":["M","?","$","M","M","R","E","R","T","$","E","M","E","?","R","BOSS"],"build_version":"2018-07-13","purchased_purges":0,"victory":false,"max_hp_per_floor":[60,60,60,60,60,60,60,60,60,60,60,60,60,60,60,60],"card_choices":[{"not_picked":["Flying Knee","Expertise"],"picked":"Slice","floor":1},{"not_picked":["Bane","Dagger Throw"],"picked":"PiercingWail","floor":4},{"not_picked":["Poisoned Stab","Dagger Throw"],"picked":"Noxious Fumes","floor":5},{"not_picked":["Slice","Calculated Gamble"],"picked":"Backstab","floor":7},{"not_picked":["Tactician","Expertise"],"picked":"Glass Knife","floor":11},{"not_picked":["Dagger Throw","Prepared"],"picked":"Caltrops","floor":12},{"not_picked":["Blade Dance","Underhanded Strike"],"picked":"Venomology","floor":13}],"player_experience":781398,"relics_obtained":[{"floor":7,"key":"Potion Belt"},{"floor":9,"key":"Boot"},{"floor":11,"key":"Orichalcum"},{"floor":13,"key":"Shovel"}],"event_choices":[{"event_name":"Scrap Ooze","player_choice":"success","floor":2,"damage_taken":5},{"event_name":"FaceTrader","player_choice":"Trade","floor":14,"damage_taken":0}],"boss_relics":[],"items_purged_floors":[],"is_endless":false,"potions_floor_spawned":[4,5,7],"killed_by":"Hexaghost","ascension_level":15}