{"gold_per_floor":[109,125,105,31,31,50,78,78,102,102,122,148,161,180,180,180],"floor_reached":16,"playtime":500,"items_purged":[],"score":196,"play_id":"a594f45b-b7a4-49ac-9b80-59cd3a00ec8a","local_time":"20180731091009","is_ascension_mode":true,"campfire_choices":[{"data":"Neutralize","floor":8,"key":"SMITH"},{"data":"Footwork","floor":10,"key":"SMITH"},{"data":"Footwork","floor":15,"key":"SMITH"}],"neow_cost":"NONE","seed_source_timestamp":516427718314510,"circlet_count":0,"master_deck":["Defend_G","Defend_G","Defend_G","Defend_G","Defend_G","Strike_G","Strike_G","Strike_G","Strike_G","Strike_G","Survivor","Neutralize+1","AscendersBane","Terror","Flying Knee","Footwork+1","Poisoned Stab","Footwork+1","Corpse Explosion","Deflect","Cloak And Dagger","PiercingWail"],"relics":["Ring of the Snake","Art of War","Snake Skull","Strawberry","Blood Vial"],"potions_floor_usage":[7,12,14],"damage_taken":[{"damage":1,"enemies":"Cultist","floor":1,"turns":4},{"damage":0,"enemies":"2 Louse","floor":2,"turns":5},{"damage":0,"enemies":"Jaw Worm","floor":6,"turns":3},{"damage":28,"enemies":"Gremlin Nob","floor":7,"turns":4},{"damage":5,"enemies":"Large Slime","floor":11,"turns":7},{"damage":5,"enemies":"Lagavulin","floor":12,"turns":6},{"damage":17,"enemies":"Exordium Wildlife","floor":13,"turns":7},{"damage":0,"enemies":"3 Louse","floor":14,"turns":1},{"damage":0,"enemies":"Slime Boss","floor":16,"turns":3}],"seed_played":"5029871614492855189","potions_obtained":[{"floor":1,"key":"SkillPotion"},{"floor":3,"key":"SneckoOil"},{"floor":11,"key":"SteroidPotion"},{"floor":14,"key":"Dexterity Potion"}],"is_trial":false,"path_per_floor":["M","M","?","$","?","M","E","R","T","R","M","E","M","M","R"],"character_chosen":"THE_SILENT","items_purchased":["Footwork"],"campfire_rested":0,"item_purchase_floors":[4],"current_hp_per_floor":[64,64,64,64,59,59,31,31,38,38,33,28,13,15,15,17],"gold":180,"neow_bonus":"TEN_PERCENT_HP_BONUS","is_prod":false,"is_daily":false,"chose_seed":false,"campfire_upgraded":3,"win_rate":0,"timestamp":1533049809,"path_taken":["M","M","?","$","?","M","E","R","T","R","M","E","M","?","R","BOSS"],"build_version":"2018-07-30","purchased_purges":0,"victory":false,"max_hp_per_floor":[72,72,72,72,72,72,72,72,79,79,79,79,79,79,79,79],"card_choices":[{"not_picked":["Heel Hook","Finisher"],"picked":"Terror","floor":1},{"not_picked":["Backflip","Dodge and Roll"],"picked":"Flying Knee","floor":2},{"not_picked":["Bane","Deflect"],"picked":"Poisoned Stab","floor":6},{"not_picked":["Distraction","Choke"],"picked":"Footwork","floor":7},{"not_picked":["Expertise","Riddle With Holes"],"picked":"Corpse Explosion","floor":11},{"not_picked":["Heel Hook","Riddle With Holes"],"picked":"Deflect","floor":12},{"not_picked":["Acrobatics","Deadly Poison"],"picked":"Cloak And Dagger","floor":13},{"not_picked":["Outmaneuver","Wraith Form v2"],"picked":"PiercingWail","floor":14}],"player_experience":888194,"relics_obtained":[{"floor":7,"key":"Snake Skull"},{"floor":9,"key":"Strawberry"},{"floor":12,"key":"Blood Vial"}],"event_choices":[{"event_name":"The Woman in Blue","player_choice":"Bought 1 Potion","floor":3,"damage_taken":0},{"event_name":"Scrap Ooze","player_choice":"success","floor":5,"damage_taken":5}],"is_beta":true,"boss_relics":[],"items_purged_floors":[],"is_endless":false,"potions_floor_spawned":[1,11,12,14],"killed_by":"Slime Boss","ascension_level":15}