{"gold_per_floor":[111,126,145,26,40,40,68,68,68,68,87,87,113,0,0,0],"floor_reached":16,"playtime":504,"items_purged":["Strike_G","Decay"],"score":263,"play_id":"b8597a34-3623-4c1c-a361-3479d56b89ee","local_time":"20190118192552","is_ascension_mode":true,"campfire_choices":[{"data":"Footwork","floor":6,"key":"SMITH"},{"data":"Neutralize","floor":10,"key":"SMITH"},{"data":"All Out Attack","floor":15,"key":"SMITH"}],"neow_cost":"NONE","seed_source_timestamp":783340281747713,"circlet_count":0,"master_deck":["AscendersBane","Defend_G","Defend_G","Defend_G","Defend_G","Defend_G","Strike_G","Strike_G","Strike_G","Strike_G","Survivor","Neutralize+1","Poisoned Stab","Endless Agony","Corpse Explosion","All Out Attack+1","Footwork+1","Predator","Backstab"],"relics":["Ring of the Snake","Blood Vial","Paper Crane","Dodecahedron","The Courier"],"potions_floor_usage":[7,13,16],"damage_taken":[{"damage":7,"enemies":"Small Slimes","floor":1,"turns":4},{"damage":1,"enemies":"Cultist","floor":2,"turns":4},{"damage":8,"enemies":"Jaw Worm","floor":3,"turns":4},{"damage":0,"enemies":"Lots of Slimes","floor":5,"turns":1},{"damage":3,"enemies":"Gremlin Nob","floor":7,"turns":3},{"damage":36,"enemies":"Exordium Wildlife","floor":11,"turns":4},{"damage":0,"enemies":"Lagavulin","floor":13,"turns":8},{"damage":9,"enemies":"Slime Boss","floor":16,"turns":8}],"seed_played":"-4098003319302665952","potions_obtained":[{"floor":1,"key":"FearPotion"},{"floor":7,"key":"EssenceOfSteel"},{"floor":11,"key":"Explosive Potion"}],"is_trial":false,"path_per_floor":["M","M","M","$","M","R","E","?","T","R","M","$","E","$","R","B"],"character_chosen":"THE_SILENT","items_purchased":["All Out Attack","Backstab"],"campfire_rested":0,"item_purchase_floors":[4,14],"current_hp_per_floor":[54,55,49,49,51,51,50,50,50,50,16,16,18,18,18,11],"gold":0,"neow_bonus":"RANDOM_COMMON_RELIC","is_prod":false,"is_daily":false,"chose_seed":false,"campfire_upgraded":3,"win_rate":0,"timestamp":1547864752,"path_taken":["M","M","M","$","M","R","E","?","T","R","M","?","E","$","R","BOSS"],"build_version":"2019-01-17","purchased_purges":2,"victory":false,"max_hp_per_floor":[66,66,66,66,66,66,66,66,66,66,66,66,66,66,66,66],"card_choices":[{"not_picked":["Masterful Stab","Blade Dance"],"picked":"Poisoned Stab","floor":1},{"not_picked":["Dodge and Roll","Deflect"],"picked":"Endless Agony","floor":2},{"not_picked":["Deadly Poison","Prepared"],"picked":"Corpse Explosion","floor":3},{"not_picked":["Slice","Calculated Gamble"],"picked":"Footwork","floor":5},{"not_picked":["Dagger Throw","Blade Dance","Deflect"],"picked":"SKIP","floor":7},{"not_picked":["Backflip","Distraction"],"picked":"Predator","floor":11},{"not_picked":["Finisher","Setup","Calculated Gamble"],"picked":"SKIP","floor":13}],"player_experience":1230546,"relics_obtained":[{"floor":7,"key":"Paper Crane"},{"floor":9,"key":"Dodecahedron"},{"floor":13,"key":"The Courier"}],"event_choices":[{"damage_healed":0,"gold_gain":0,"player_choice":"Cursed","damage_taken":0,"max_hp_gain":0,"max_hp_loss":0,"event_name":"Wheel of Change","floor":8,"gold_loss":0,"cards_obtained":["Decay"]}],"is_beta":true,"boss_relics":[],"items_purged_floors":[4,14],"is_endless":false,"potions_floor_spawned":[1,7,11],"killed_by":"Slime Boss","ascension_level":19}