{"gold_per_floor":[359,379,30,45,45,45,72,91,118,118],"floor_reached":10,"playtime":311,"items_purged":[],"score":186,"play_id":"6e222c7f-ca8d-4537-a637-ddac30ac2258","local_time":"20190117181138","is_ascension_mode":true,"campfire_choices":[{"data":"Zap","floor":6,"key":"SMITH"}],"neow_cost":"CURSE","seed_source_timestamp":692678639455052,"circlet_count":0,"master_deck":["AscendersBane","Strike_B+1","Strike_B","Strike_B","Strike_B","Defend_B","Defend_B","Defend_B","Defend_B+1","Zap+1","Dualcast","Regret","Genetic Algorithm","White Noise","Sweeping Beam","Cold Snap","Leap","Ball Lightning"],"relics":["Cracked Core","Du-Vu Doll","Bag of Marbles","Blood Vial"],"potions_floor_usage":[7,7],"damage_taken":[{"damage":11,"enemies":"Cultist","floor":1,"turns":4},{"damage":7,"enemies":"Jaw Worm","floor":2,"turns":5},{"damage":5,"enemies":"Small Slimes","floor":4,"turns":2},{"damage":2,"enemies":"Gremlin Nob","floor":7,"turns":2},{"damage":0,"enemies":"Looter","floor":8,"turns":3},{"damage":20,"enemies":"Lagavulin","floor":10,"turns":4}],"seed_played":"7691805185699862693","potions_obtained":[{"floor":2,"key":"PowerPotion"},{"floor":4,"key":"AttackPotion"},{"floor":7,"key":"Swift Potion"},{"floor":8,"key":"SpeedPotion"}],"is_trial":false,"path_per_floor":["M","M","$","M","?","R","E","M","T","E"],"character_chosen":"DEFECT","items_purchased":["Du-Vu Doll","Sweeping Beam"],"campfire_rested":0,"item_purchase_floors":[3,3],"current_hp_per_floor":[53,46,46,41,20,20,18,18,18,0],"gold":118,"neow_bonus":"TWO_FIFTY_GOLD","is_prod":false,"is_daily":false,"chose_seed":false,"campfire_upgraded":1,"win_rate":0,"timestamp":1547773898,"path_taken":["M","M","$","M","?","R","E","M","T","E"],"build_version":"2019-01-16","purchased_purges":0,"victory":false,"max_hp_per_floor":[71,71,71,71,71,71,71,71,71,71],"card_choices":[{"not_picked":["Gash","Blizzard"],"picked":"Genetic Algorithm","floor":1},{"not_picked":["Hologram","Aggregate"],"picked":"White Noise","floor":2},{"not_picked":["Gash","Go for the Eyes"],"picked":"Cold Snap","floor":4},{"not_picked":["Coolheaded","Turbo"],"picked":"Leap","floor":7},{"not_picked":["Self Repair","Compile Driver"],"picked":"Ball Lightning","floor":8}],"player_experience":1214082,"relics_obtained":[{"floor":7,"key":"Bag of Marbles"},{"floor":9,"key":"Blood Vial"}],"event_choices":[{"damage_healed":0,"gold_gain":0,"player_choice":"Entered Light","damage_taken":21,"max_hp_gain":0,"max_hp_loss":0,"event_name":"Shining Light","floor":5,"gold_loss":0,"cards_upgraded":["Defend_B","Strike_B"]}],"is_beta":true,"boss_relics":[],"items_purged_floors":[],"is_endless":false,"potions_floor_spawned":[2,4,7,8],"killed_by":"Lagavulin","ascension_level":20}