{"gold_per_floor":[111,124,135,135,66,66,101,111,184,184,184,195,195,212,212,316,316,331,342,273,273,288,288,318,338,362,362,387,387,387,237,237,335,335,353,367,416,426,357,389,389,389,471,490,490,254,254,266,266,266],"floor_reached":51,"playtime":1357,"items_purged":[],"score":1027,"play_id":"71014f84-92b7-42ae-b39d-1d472a1253ba","local_time":"20180629115433","daily_mods":["Draft","Hoarder"],"is_ascension_mode":true,"campfire_choices":[{"data":"Storm","floor":6,"key":"SMITH"},{"data":"Storm","floor":11,"key":"SMITH"},{"data":"Storm","floor":13,"key":"SMITH"},{"data":"Defragment","floor":15,"key":"SMITH"},{"data":"Go for the Eyes","floor":23,"key":"SMITH"},{"data":"Defragment","floor":27,"key":"SMITH"},{"data":"Defragment","floor":29,"key":"SMITH"},{"data":"Storm","floor":32,"key":"SMITH"},{"floor":41,"key":"DIG"},{"floor":47,"key":"DIG"},{"floor":49,"key":"DIG"}],"neow_cost":"","seed_source_timestamp":0,"circlet_count":0,"master_deck":["Wraith Form v2","Echo Form","Self Repair","Self Repair","Self Repair","Hologram","Hologram","Hologram","Force Field","Force Field","Force Field","Conserve Battery","Conserve Battery","Conserve Battery","Scrape","Scrape","Scrape","White Noise","White Noise","White Noise","Defragment+1","Defragment+1","Defragment+1","Gash","Gash","Gash","Sweeping Beam","Sweeping Beam","Sweeping Beam","Ball Lightning","Ball Lightning","Ball Lightning","Turbo","Turbo","Turbo","Go for the Eyes","Go for the Eyes","Go for the Eyes+1","Stack+1","Stack","Stack","FTL","FTL","FTL","Storm+1","Storm+1","Storm","White Noise","White Noise","White Noise","Self Repair","Self Repair","Self Repair","Storm","Storm","Storm+1","Storm","Storm+1","Storm+1","Glacier","Glacier","Glacier","White Noise","White Noise","White Noise","Echo Form","Echo Form","Echo Form","Static Discharge+1","Static Discharge+1","Static Discharge+1","Storm+1","Storm+1","Storm+1","Capacitor","Capacitor","Capacitor","Electrodynamics","Electrodynamics","Electrodynamics","Defragment","Defragment","Defragment","Hologram+1","Hologram+1","Hologram+1","Self Repair","Self Repair","Self Repair","Thunder Strike","Thunder Strike","Thunder Strike","BootSequence","BootSequence","BootSequence"],"relics":["Cracked Core","Calipers","Bottled Flame","Busted Crown","Oddly Smooth Stone","Bag of Preparation","Boot","Fusion Hammer","Shovel","Strawberry","Girya","Letter Opener","Mercury Hourglass","NlothsMask","Bottled Tornado","Bottled Lightning"],"potions_floor_usage":[8,18,37,50,50],"damage_taken":[{"damage":0,"enemies":"Small Slimes","floor":1,"turns":2},{"damage":11,"enemies":"Jaw Worm","floor":2,"turns":3},{"damage":0,"enemies":"Cultist","floor":3,"turns":3},{"damage":5,"enemies":"Gremlin Nob","floor":7,"turns":3},{"damage":13,"enemies":"Gremlin Gang","floor":8,"turns":3},{"damage":9,"enemies":"Blue Slaver","floor":12,"turns":2},{"damage":0,"enemies":"Exordium Wildlife","floor":14,"turns":2},{"damage":0,"enemies":"Slime Boss","floor":16,"turns":3},{"damage":5,"enemies":"2 Thieves","floor":18,"turns":2},{"damage":7,"enemies":"Shell Parasite","floor":19,"turns":2},{"damage":7,"enemies":"Cultist and Chosen","floor":22,"turns":2},{"damage":23,"enemies":"Slavers","floor":24,"turns":2},{"damage":0,"enemies":"Snecko","floor":25,"turns":2},{"damage":0,"enemies":"Gremlin Leader","floor":28,"turns":2},{"damage":6,"enemies":"Automaton","floor":33,"turns":4},{"damage":21,"enemies":"3 Shapes","floor":35,"turns":2},{"damage":7,"enemies":"3 Darklings","floor":36,"turns":3},{"damage":7,"floor":37,"turns":2},{"damage":0,"enemies":"Flame Bruiser 2 Orb","floor":38,"turns":2},{"damage":21,"enemies":"2 Orb Walkers","floor":40,"turns":2},{"damage":16,"enemies":"Maw","floor":44,"turns":3},{"damage":0,"enemies":"Sphere and 2 Shapes","floor":48,"turns":2},{"damage":10,"enemies":"Awakened One","floor":50,"turns":4}],"seed_played":"6162315489128863662","potions_obtained":[{"floor":1,"key":"PowerPotion"},{"floor":8,"key":"Block Potion"},{"floor":12,"key":"FearPotion"},{"floor":18,"key":"SpeedPotion"},{"floor":19,"key":"Strength Potion"},{"floor":33,"key":"Fire Potion"},{"floor":44,"key":"Fire Potion"}],"is_trial":true,"path_per_floor":["M","M","M","?","$","R","E","M","T","?","R","M","R","M","R","B",null,"M","M","$","?","M","R","E","M","T","R","E","R","?","$","R","B",null,"M","M","?","M","$","E","R","T","T","M","?","$","R","M","R","B"],"character_chosen":"DEFECT","items_purchased":["Storm","Capacitor","Electrodynamics","Defragment","Self Repair","Thunder Strike"],"campfire_rested":0,"item_purchase_floors":[5,20,31,39,46,46],"current_hp_per_floor":[75,75,75,60,60,60,62,56,56,56,56,47,47,47,47,47,75,70,63,63,63,63,63,40,40,40,40,54,54,54,54,54,55,75,54,54,47,47,47,40,40,40,40,31,31,31,31,31,31,35],"gold":266,"neow_bonus":"","is_prod":false,"is_daily":false,"chose_seed":true,"campfire_upgraded":8,"win_rate":0,"timestamp":1530294873,"path_taken":["M","M","M","?","$","R","E","M","T","?","R","M","R","M","R","BOSS","M","M","$","?","M","R","E","M","T","R","E","R","?","?","R","BOSS","M","M","?","M","$","E","R","?","T","M","?","$","R","M","R","BOSS"],"build_version":"2018-06-28","purchased_purges":0,"victory":true,"max_hp_per_floor":[75,75,75,75,75,75,75,75,75,75,75,75,75,75,75,75,75,75,75,75,75,75,75,75,75,75,75,75,75,75,75,75,75,75,75,75,75,75,75,82,82,82,82,82,82,82,82,82,82,82],"card_choices":[{"not_picked":["Streamline","Go for the Eyes"],"picked":"Self Repair","floor":0},{"not_picked":["Cold Snap","Coolheaded"],"picked":"Hologram","floor":0},{"not_picked":["BootSequence","Cold Snap"],"picked":"Force Field","floor":0},{"not_picked":["Stack","Go for the Eyes"],"picked":"Conserve Battery","floor":0},{"not_picked":["Rebound","Compile Driver"],"picked":"Scrape","floor":0},{"not_picked":["Capacitor","Force Field"],"picked":"White Noise","floor":0},{"not_picked":["Leap","Conserve Battery"],"picked":"Defragment","floor":0},{"not_picked":["Coolheaded","Undo"],"picked":"Gash","floor":0},{"not_picked":["Barrage","Blizzard"],"picked":"Sweeping Beam","floor":0},{"not_picked":["Compile Driver","Redo"],"picked":"Ball Lightning","floor":0},{"not_picked":["Aggregate","Steam Power"],"picked":"Turbo","floor":0},{"not_picked":["Fusion","Beam Cell"],"picked":"Go for the Eyes","floor":0},{"not_picked":["Rebound","Go for the Eyes"],"picked":"Stack","floor":0},{"not_picked":["Genetic Algorithm","Rebound"],"picked":"FTL","floor":0},{"not_picked":["Self Repair","Gash"],"picked":"Storm","floor":0},{"not_picked":["Beam Cell","Genetic Algorithm"],"picked":"White Noise","floor":1},{"not_picked":["Double Energy","Leap"],"picked":"Self Repair","floor":2},{"not_picked":["Streamline","Blizzard","Conserve Battery"],"picked":"SKIP","floor":3},{"not_picked":["Ball Lightning","Redo"],"picked":"Storm","floor":7},{"not_picked":["Skim","Coolheaded","Leap"],"picked":"SKIP","floor":8},{"not_picked":["Conserve Battery","Thunder Strike","Coolheaded"],"picked":"SKIP","floor":12},{"not_picked":["Hologram","Reinforced Body"],"picked":"White Noise","floor":14},{"not_picked":["All For One","Rainbow"],"picked":"Echo Form","floor":16},{"not_picked":[],"picked":"Static Discharge+1","floor":18},{"not_picked":[],"picked":"Storm+1","floor":19},{"not_picked":["Lockon"],"picked":"SKIP","floor":22},{"not_picked":["Consume"],"picked":"SKIP","floor":24},{"not_picked":["Coolheaded"],"picked":"SKIP","floor":25},{"not_picked":["Leap"],"picked":"SKIP","floor":28},{"not_picked":["Rebound"],"picked":"SKIP","floor":35},{"not_picked":["Scrape"],"picked":"SKIP","floor":36},{"not_picked":["Rebound+1"],"picked":"SKIP","floor":38},{"not_picked":[],"picked":"Hologram+1","floor":40},{"not_picked":["Streamline"],"picked":"SKIP","floor":44},{"not_picked":[],"picked":"BootSequence","floor":48}],"player_experience":733396,"relics_obtained":[{"floor":7,"key":"Calipers"},{"floor":9,"key":"Bottled Flame"},{"floor":24,"key":"Oddly Smooth Stone"},{"floor":26,"key":"Bag of Preparation"},{"floor":28,"key":"Boot"},{"floor":37,"key":"Shovel"},{"floor":40,"key":"Strawberry"},{"floor":41,"key":"Girya"},{"floor":42,"key":"Letter Opener"},{"floor":43,"key":"Mercury Hourglass"},{"floor":47,"key":"Bottled Tornado"},{"floor":49,"key":"Bottled Lightning"}],"event_choices":[{"event_name":"Shining Light","player_choice":"Entered Light","floor":4,"damage_taken":0},{"event_name":"Match and Keep!","player_choice":"1 cards matched","floor":10,"damage_taken":0},{"event_name":"Back to Basics","player_choice":"Elegance","floor":21,"damage_taken":0},{"event_name":"Beggar","player_choice":"Ignored","floor":30,"damage_taken":0},{"event_name":"Mysterious Sphere","player_choice":"Fight","floor":37,"damage_taken":0},{"event_name":"FaceTrader","player_choice":"Took N\u0027loth\u0027s Mask","floor":45,"damage_taken":0}],"boss_relics":[{"not_picked":["White Beast Statue","Pandora\u0027s Box"],"picked":"Busted Crown"},{"not_picked":["Calling Bell","Inserter"],"picked":"Fusion Hammer"}],"items_purged_floors":[],"is_endless":false,"potions_floor_spawned":[1,8,12,18,19,28,33,35,44],"ascension_level":1}