{"gold_per_floor":[115,115,115,132,151,183,201,201,201,201,219,231,231,0,0,101,101,113,131,131,221,73,73],"floor_reached":23,"playtime":1602,"items_purged":["Corruption","Strike_R"],"score":191,"play_id":"ab534d27-536d-4584-bf51-08f086eac9e9","local_time":"20181012232250","is_ascension_mode":false,"campfire_choices":[{"data":"Warcry","floor":8,"key":"SMITH"},{"data":"Bash","floor":10,"key":"SMITH"},{"floor":13,"key":"REST"},{"data":"Seeing Red","floor":15,"key":"SMITH"}],"neow_cost":"NONE","seed_source_timestamp":33220136038685,"circlet_count":0,"master_deck":["Strike_R","Strike_R","Defend_R","Defend_R","Defend_R","Bash+1","Heavy Blade","Heavy Blade","Double Tap","Warcry+1","Pommel Strike","Anger","Seeing Red+1","Feed","Headbutt","Inflame+1","Flex"],"relics":["Burning Blood","Frozen Egg 2","Shuriken","Strawberry","Velvet Choker"],"potions_floor_usage":[6,16,16,23],"damage_taken":[{"damage":0,"enemies":"Small Slimes","floor":1,"turns":4},{"damage":1,"enemies":"2 Louse","floor":4,"turns":3},{"damage":17,"enemies":"Cultist","floor":5,"turns":5},{"damage":25,"enemies":"Gremlin Nob","floor":6,"turns":5},{"damage":8,"enemies":"Exordium Wildlife","floor":7,"turns":4},{"damage":32,"enemies":"Exordium Thugs","floor":11,"turns":5},{"damage":16,"enemies":"Blue Slaver","floor":12,"turns":4},{"damage":27,"enemies":"Hexaghost","floor":16,"turns":8},{"damage":10,"enemies":"Chosen","floor":18,"turns":4},{"damage":31,"enemies":"2 Thieves","floor":19,"turns":4},{"damage":45,"enemies":"Gremlin Leader","floor":23,"turns":4}],"seed_played":"1873218799337984744","potions_obtained":[{"floor":1,"key":"Block Potion"},{"floor":6,"key":"Weak Potion"},{"floor":11,"key":"Poison Potion"},{"floor":12,"key":"EssenceOfSteel"},{"floor":18,"key":"Strength Potion"},{"floor":19,"key":"GamblersBrew"}],"is_trial":false,"path_per_floor":["M","?","?","M","M","E","M","R","T","R","M","M","R","$","R","B",null,"M","M","?","?","$"],"character_chosen":"IRONCLAD","items_purchased":["Strawberry","Flex"],"campfire_rested":1,"item_purchase_floors":[14,22],"current_hp_per_floor":[80,73,73,78,67,48,46,46,46,46,20,10,34,41,41,20,87,83,58,58,42,42,0],"gold":73,"neow_bonus":"TRANSFORM_CARD","is_prod":false,"is_daily":false,"chose_seed":false,"campfire_upgraded":3,"win_rate":0.0,"timestamp":1539397370,"path_taken":["M","?","?","M","M","E","M","R","T","R","?","M","R","?","R","BOSS","M","M","?","?","$","E"],"build_version":"2018-10-11","purchased_purges":2,"victory":false,"max_hp_per_floor":[80,80,80,80,80,80,80,80,80,80,80,80,80,87,87,87,87,87,87,87,87,87,87],"card_choices":[{"not_picked":["Second Wind","Pommel Strike"],"picked":"Heavy Blade","floor":1},{"not_picked":["Body Slam","Clothesline"],"picked":"Heavy Blade","floor":4},{"not_picked":["Sword Boomerang","Spot Weakness"],"picked":"Double Tap","floor":5},{"not_picked":["Seeing Red","Second Wind"],"picked":"Warcry","floor":6},{"not_picked":["Perfected Strike","Clash"],"picked":"Pommel Strike","floor":7},{"not_picked":["Clash","Body Slam"],"picked":"Anger","floor":11},{"not_picked":["Pommel Strike","Uppercut"],"picked":"Seeing Red","floor":12},{"not_picked":["Impervious","Bludgeon"],"picked":"Feed","floor":16},{"not_picked":["Cleave","Reckless Charge"],"picked":"Headbutt","floor":18},{"not_picked":["Warcry","Twin Strike"],"picked":"Inflame+1","floor":19}],"player_experience":22467,"relics_obtained":[{"floor":6,"key":"Frozen Egg 2"},{"floor":9,"key":"Shuriken"}],"event_choices":[{"event_name":"Golden Wing","player_choice":"Card Removal","floor":2,"damage_taken":0},{"event_name":"Living Wall","player_choice":"Change","floor":3,"damage_taken":0},{"event_name":"Purifier","player_choice":"One Purge","floor":20,"damage_taken":0},{"event_name":"Knowing Skull","player_choice":"GOLD ","floor":21,"damage_taken":0}],"is_beta":false,"boss_relics":[{"not_picked":["Philosopher\u0027s Stone","Sozu"],"picked":"Velvet Choker"}],"items_purged_floors":[14,22],"is_endless":false,"potions_floor_spawned":[1,6,11,12,18,19],"killed_by":"Gremlin Leader","ascension_level":0}