{"gold_per_floor":[109,109,109,119,131,157,157,217,217,217,227,243,254,278,278,355,355,370,390,39,54,66,66,83,83,156,171],"floor_reached":27,"playtime":1242,"items_purged":["Strike_G"],"score":424,"play_id":"9dd7506e-75d2-48eb-85cf-3879c743e6db","local_time":"20180824120956","is_ascension_mode":true,"campfire_choices":[{"data":"Survivor","floor":7,"key":"SMITH"},{"floor":10,"key":"REST"},{"data":"After Image","floor":15,"key":"SMITH"},{"floor":23,"key":"REST"}],"neow_cost":"","seed_source_timestamp":823299664271790,"circlet_count":0,"master_deck":["Defend_G","Defend_G","Defend_G","Defend_G","Defend_G","Strike_G","Strike_G","Strike_G","Strike_G","Survivor+1","Neutralize+1","AscendersBane","Backstab","Quick Slash","Heel Hook","Dagger Throw","After Image+1","Dagger Throw","Predator","Dagger Spray","Slice","Corpse Explosion","Poisoned Stab","Sucker Punch","Dramatic Entrance","Endless Agony","Cloak And Dagger","Decay"],"relics":["Ring of the Snake","Bird Faced Urn","Pen Nib","Tiny Chest","Shovel","Odd Mushroom","Sozu","Bronze Scales","Ninja Scroll"],"potions_floor_usage":[12,16,16,22],"damage_taken":[{"damage":1,"enemies":"Cultist","floor":1,"turns":5},{"damage":0,"enemies":"Jaw Worm","floor":4,"turns":3},{"damage":0,"enemies":"2 Louse","floor":5,"turns":3},{"damage":25,"enemies":"Gremlin Nob","floor":6,"turns":5},{"damage":25,"enemies":"3 Sentries","floor":8,"turns":9},{"damage":0,"enemies":"Exordium Wildlife","floor":11,"turns":2},{"damage":0,"enemies":"Exordium Thugs","floor":12,"turns":4},{"damage":0,"enemies":"Blue Slaver","floor":13,"turns":3},{"damage":16,"enemies":"The Mushroom Lair","floor":14,"turns":4},{"damage":26,"enemies":"Hexaghost","floor":16,"turns":13},{"damage":1,"enemies":"3 Byrds","floor":18,"turns":4},{"damage":15,"enemies":"2 Thieves","floor":19,"turns":2},{"damage":28,"enemies":"Snake Plant","floor":21,"turns":5},{"damage":0,"enemies":"Centurion and Healer","floor":22,"turns":4},{"damage":10,"enemies":"Snecko","floor":24,"turns":4},{"damage":20,"enemies":"Cultist and Chosen","floor":27,"turns":5}],"seed_played":"234393994559765557","potions_obtained":[{"floor":8,"key":"Poison Potion"},{"floor":13,"key":"Regen Potion"},{"floor":14,"key":"SneckoOil"},{"floor":16,"key":"GamblersBrew"}],"is_trial":false,"path_per_floor":["M","T","?","M","M","E","R","E","T","R","M","M","M","?","R","B",null,"M","M","$","M","M","R","M","?","T"],"character_chosen":"THE_SILENT","items_purchased":["Dramatic Entrance","Bronze Scales"],"campfire_rested":2,"item_purchase_floors":[20,20],"current_hp_per_floor":[58,58,58,58,58,33,33,8,8,27,27,29,31,17,17,5,51,52,39,39,13,15,34,26,26,26,8],"gold":171,"neow_bonus":"","is_prod":false,"is_daily":false,"chose_seed":false,"campfire_upgraded":2,"win_rate":0,"timestamp":1535134196,"path_taken":["M","?","?","M","M","E","R","E","T","R","?","M","M","?","R","BOSS","M","M","$","M","M","R","M","?","T","M"],"build_version":"2018-08-23v2","purchased_purges":1,"victory":false,"max_hp_per_floor":[66,66,66,66,66,66,66,66,66,66,66,66,66,66,66,66,66,66,66,66,66,66,66,66,66,66,66],"card_choices":[{"not_picked":["Blade Dance","PiercingWail"],"picked":"Backstab","floor":1},{"not_picked":["Underhanded Strike","Deflect"],"picked":"Quick Slash","floor":4},{"not_picked":["Catalyst","Backflip"],"picked":"Heel Hook","floor":5},{"not_picked":["Bane","Deadly Poison"],"picked":"Dagger Throw","floor":6},{"not_picked":["Masterful Stab","Blur"],"picked":"After Image","floor":8},{"not_picked":["Dodge and Roll","Underhanded Strike"],"picked":"Dagger Throw","floor":11},{"not_picked":["Backflip","Crippling Poison"],"picked":"Predator","floor":12},{"not_picked":["Poisoned Stab","Deadly Poison"],"picked":"Dagger Spray","floor":13},{"not_picked":["Underhanded Strike","Bane"],"picked":"Slice","floor":14},{"not_picked":["Unload","Burst"],"picked":"Corpse Explosion","floor":16},{"not_picked":["Bane","Predator"],"picked":"Poisoned Stab","floor":18},{"not_picked":["Acrobatics+1","Slice"],"picked":"Sucker Punch","floor":19},{"not_picked":["Concentrate","Dagger Spray","Sucker Punch"],"picked":"SKIP","floor":21},{"not_picked":["Backflip","Sucker Punch"],"picked":"Endless Agony","floor":22},{"not_picked":["Doppelganger","Calculated Gamble"],"picked":"Cloak And Dagger","floor":24}],"player_experience":994935,"relics_obtained":[{"floor":2,"key":"Bird Faced Urn"},{"floor":6,"key":"Pen Nib"},{"floor":8,"key":"Tiny Chest"},{"floor":9,"key":"Shovel"},{"floor":14,"key":"Odd Mushroom"},{"floor":26,"key":"Ninja Scroll"}],"event_choices":[{"event_name":"Living Wall","player_choice":"Grow","floor":3,"damage_taken":0},{"event_name":"Mushrooms","player_choice":"Fought Mushrooms","floor":14,"damage_taken":0},{"event_name":"Forgotten Altar","player_choice":"Smashed Altar","floor":25,"damage_taken":0}],"is_beta":true,"boss_relics":[{"not_picked":["Calling Bell","Pandora\u0027s Box"],"picked":"Sozu"}],"items_purged_floors":[20],"is_endless":false,"potions_floor_spawned":[8,13,14,16,19,24],"killed_by":"Cultist and Chosen","ascension_level":17}