{"gold_per_floor":[115,127,138,138,138,138,46,80,80,105,105,105,123,123,123,227,227,245,255,255,274,374,374,393,393,420,420,431,447,478,496,496,601,601,616,616,616,174,186,216,234,266,292,9,9,41,41,51,51,51],"floor_reached":51,"playtime":935,"items_purged":[],"score":1440,"play_id":"662d512b-a4aa-48fe-9d0c-fa2817e43e2a","local_time":"20180629131535","daily_mods":["Draft","Hoarder"],"is_ascension_mode":true,"campfire_choices":[{"data":"Consume","floor":6,"key":"SMITH"},{"data":"Mind Blast","floor":11,"key":"SMITH"},{"data":"Mind Blast","floor":15,"key":"SMITH"},{"data":"Mind Blast","floor":23,"key":"SMITH"},{"data":"Blizzard","floor":25,"key":"SMITH"},{"data":"Blizzard","floor":27,"key":"SMITH"},{"data":"Blizzard","floor":32,"key":"SMITH"},{"data":"Electrodynamics","floor":45,"key":"SMITH"},{"data":"Consume","floor":47,"key":"SMITH"},{"data":"Consume","floor":49,"key":"SMITH"}],"neow_cost":"","seed_source_timestamp":0,"circlet_count":0,"master_deck":["Glacier","Glacier+1","Glacier","Capacitor","Capacitor","Capacitor","Coolheaded","Coolheaded","Coolheaded","Consume+1","Consume+1","Consume+1","Go for the Eyes","Go for the Eyes","Go for the Eyes","Conserve Battery","Conserve Battery","Conserve Battery","Hologram","Hologram+1","Hologram","Sweeping Beam","Sweeping Beam","Sweeping Beam","White Noise","White Noise","White Noise","Ball Lightning","Ball Lightning+1","Ball Lightning","Steam","Steam","Steam","Skim","Skim","Skim","Chill","Chill","Chill","Conserve Battery","Conserve Battery","Conserve Battery","Chill","Chill","Chill","Compile Driver","Compile Driver","Compile Driver","Self Repair","Self Repair","Self Repair","Conserve Battery","Conserve Battery","Conserve Battery","Mind Blast+1","Mind Blast+1","Mind Blast+1","Electrodynamics+1","Electrodynamics","Electrodynamics+1","Blizzard+1","Blizzard+1","Blizzard+1","Chill","Chill","Chill","Reboot","Reboot","Reboot","Hologram","Hologram","Hologram","Steam+1","Steam+1","Steam+1","Capacitor","Capacitor","Capacitor","Stack+1","Stack+1","Stack+1","Coolheaded+1","Coolheaded+1","Coolheaded+1","Chill+1","Chill+1","Chill+1","Reboot","Reboot","Reboot","Glacier","Glacier","Glacier","All For One","All For One","All For One","Ball Lightning","Ball Lightning","Ball Lightning","Madness","Madness","Madness","Madness","Madness","Madness","Panache","Panache","Panache","Scrape+1","Scrape+1","Scrape+1","Capacitor+1","Capacitor+1","Capacitor+1","Chaos+1","Chaos+1","Chaos+1","Reprogram","Reprogram","Reprogram","Parasite","Parasite","Parasite","Secret Technique","Secret Technique","Secret Technique","Trip","Trip","Trip","All For One","All For One","All For One"],"relics":["Cracked Core","Incense Burner","Blood Vial","Bottled Tornado","Ornamental Fan","Philosopher\u0027s Stone","Ancient Tea Set","Pear","Cursed Key","FaceOfCleric","Mummified Hand","Boot","War Paint","Lantern","Strawberry"],"potions_floor_usage":[33,50,50,50],"damage_taken":[{"damage":0,"enemies":"Jaw Worm","floor":1,"turns":2},{"damage":1,"enemies":"Small Slimes","floor":2,"turns":3},{"damage":0,"enemies":"2 Louse","floor":3,"turns":3},{"damage":0,"enemies":"3 Sentries","floor":8,"turns":5},{"damage":0,"enemies":"Gremlin Nob","floor":10,"turns":2},{"damage":0,"enemies":"Exordium Thugs","floor":13,"turns":2},{"damage":20,"enemies":"Hexaghost","floor":16,"turns":3},{"damage":0,"enemies":"2 Thieves","floor":18,"turns":1},{"damage":0,"enemies":"Spheric Guardian","floor":19,"turns":1},{"damage":0,"enemies":"Cultist and Chosen","floor":21,"turns":2},{"damage":0,"enemies":"3 Cultists","floor":24,"turns":1},{"damage":0,"enemies":"Centurion and Healer","floor":28,"turns":1},{"damage":0,"enemies":"Cultist and Chosen","floor":29,"turns":1},{"damage":0,"enemies":"Slavers","floor":30,"turns":1},{"damage":0,"enemies":"Sentry and Sphere","floor":31,"turns":1},{"damage":0,"enemies":"Collector","floor":33,"turns":2},{"damage":0,"enemies":"3 Darklings","floor":35,"turns":1},{"damage":0,"enemies":"3 Shapes","floor":39,"turns":1},{"damage":0,"enemies":"2 Orb Walkers","floor":40,"turns":1},{"damage":0,"enemies":"Flame Bruiser 2 Orb","floor":41,"turns":1},{"damage":0,"enemies":"Nemesis","floor":42,"turns":1},{"damage":0,"enemies":"2 Orb Walkers","floor":46,"turns":1},{"damage":0,"enemies":"Spire Growth","floor":48,"turns":1},{"damage":0,"enemies":"Donu and Deca","floor":50,"turns":3}],"seed_played":"-9102437882351390675","potions_obtained":[{"floor":1,"key":"SteroidPotion"},{"floor":2,"key":"Ancient Potion"},{"floor":16,"key":"EssenceOfSteel"},{"floor":18,"key":"EssenceOfSteel"},{"floor":19,"key":"SkillPotion"},{"floor":35,"key":"FocusPotion"},{"floor":41,"key":"FocusPotion"}],"is_trial":true,"path_per_floor":["M","M","M","?","?","R","$","E","T","E","R","?","M","$","R","B",null,"M","M","$","M","?","R","M","R","T","R","M","M","E","M","R","B",null,"M","?","?","$","M","E","M","E","T","$","R","E","R","M","R","B"],"character_chosen":"DEFECT","items_purchased":["Mind Blast","Mummified Hand","Panache","Secret Technique","Trip"],"campfire_rested":0,"item_purchase_floors":[7,38,38,44,44],"current_hp_per_floor":[75,74,75,75,50,50,50,64,64,66,66,51,53,53,53,35,75,75,75,75,75,75,75,75,75,75,75,75,75,85,85,85,85,85,85,74,74,74,77,80,83,86,86,86,86,96,96,98,98,99],"gold":51,"neow_bonus":"","is_prod":false,"is_daily":false,"chose_seed":false,"campfire_upgraded":10,"win_rate":0,"timestamp":1530299735,"path_taken":["M","M","M","?","?","R","$","E","T","E","R","?","M","$","R","BOSS","M","M","$","M","?","R","M","R","T","R","M","M","E","M","R","BOSS","M","?","?","$","M","E","M","E","T","$","R","E","R","?","R","BOSS"],"build_version":"2018-06-28","purchased_purges":0,"victory":true,"max_hp_per_floor":[75,75,75,75,75,75,75,75,75,75,75,75,75,75,75,75,75,75,75,75,75,75,75,75,75,75,75,75,75,85,85,85,85,85,85,85,85,85,86,87,88,89,89,89,89,97,97,98,98,99],"card_choices":[{"not_picked":["Hello World","Go for the Eyes"],"picked":"Glacier","floor":0},{"not_picked":["Leap","Skim"],"picked":"Capacitor","floor":0},{"not_picked":["Beam Cell","Rip and Tear"],"picked":"Coolheaded","floor":0},{"not_picked":["Reprogram","Self Repair"],"picked":"Consume","floor":0},{"not_picked":["Compile Driver","Steam"],"picked":"Go for the Eyes","floor":0},{"not_picked":["Undo","Tempest"],"picked":"Conserve Battery","floor":0},{"not_picked":["Stack","Scrape"],"picked":"Hologram","floor":0},{"not_picked":["Compile Driver","Redo"],"picked":"Sweeping Beam","floor":0},{"not_picked":["Double Energy","Redo"],"picked":"White Noise","floor":0},{"not_picked":["Force Field","Genetic Algorithm"],"picked":"Ball Lightning","floor":0},{"not_picked":["Redo","Gash"],"picked":"Steam","floor":0},{"not_picked":["Go for the Eyes","Recycle"],"picked":"Skim","floor":0},{"not_picked":["Barrage","Scrape"],"picked":"Chill","floor":0},{"not_picked":["Recycle","Turbo"],"picked":"Conserve Battery","floor":0},{"not_picked":["Gash","Streamline"],"picked":"Chill","floor":0},{"not_picked":["Double Energy","Reprogram"],"picked":"Compile Driver","floor":1},{"not_picked":["Doom and Gloom","Tempest"],"picked":"Self Repair","floor":2},{"not_picked":["Chill","Rebound"],"picked":"Conserve Battery","floor":3},{"not_picked":["Streamline","Gash"],"picked":"Electrodynamics","floor":8},{"not_picked":["Leap","Static Discharge"],"picked":"Blizzard","floor":10},{"not_picked":["Recycle","Streamline"],"picked":"Chill","floor":13},{"not_picked":["Core Surge","Amplify"],"picked":"Reboot","floor":16},{"not_picked":["Leap","Compile Driver+1"],"picked":"Hologram","floor":18},{"not_picked":["Self Repair","Redo"],"picked":"Steam+1","floor":19},{"not_picked":["Coolheaded+1","Streamline"],"picked":"Capacitor","floor":21},{"not_picked":["Go for the Eyes+1","Turbo+1"],"picked":"Stack+1","floor":24},{"not_picked":["Rainbow","BootSequence"],"picked":"Coolheaded+1","floor":28},{"not_picked":["Doom and Gloom","Redo"],"picked":"Chill+1","floor":29},{"not_picked":["Lockon","Force Field"],"picked":"Reboot","floor":30},{"not_picked":["Aggregate+1","Turbo"],"picked":"Glacier","floor":31},{"not_picked":["Hyperbeam","Amplify"],"picked":"All For One","floor":33},{"not_picked":["Melter","Conserve Battery+1"],"picked":"Ball Lightning","floor":35},{"not_picked":["Hello World","Turbo+1"],"picked":"Scrape+1","floor":39},{"not_picked":["Steam","Doom and Gloom+1"],"picked":"Capacitor+1","floor":40},{"not_picked":["Lockon","Sunder"],"picked":"Chaos+1","floor":41},{"not_picked":["Compile Driver+1","Turbo"],"picked":"Reprogram","floor":42},{"not_picked":["Fusion","Genetic Algorithm+1"],"picked":"All For One","floor":46},{"not_picked":["Gash","Sweeping Beam","Barrage+1"],"picked":"SKIP","floor":48}],"player_experience":734753,"relics_obtained":[{"floor":8,"key":"Blood Vial"},{"floor":9,"key":"Bottled Tornado"},{"floor":10,"key":"Ornamental Fan"},{"floor":26,"key":"Ancient Tea Set"},{"floor":30,"key":"Pear"},{"floor":40,"key":"Boot"},{"floor":42,"key":"War Paint"},{"floor":43,"key":"Lantern"},{"floor":46,"key":"Strawberry"}],"event_choices":[{"event_name":"Liars Game","player_choice":"disagreed","floor":4,"damage_taken":0},{"event_name":"Scrap Ooze","player_choice":"success","floor":5,"damage_taken":25},{"event_name":"Shining Light","player_choice":"Entered Light","floor":12,"damage_taken":0},{"event_name":"Golden Shrine","player_choice":"Pray","floor":22,"damage_taken":0},{"event_name":"Winding Halls","player_choice":"Embrace Madness","floor":36,"damage_taken":0},{"event_name":"FaceTrader","player_choice":"Took Face Of Cleric","floor":37,"damage_taken":0}],"boss_relics":[{"not_picked":["Eternal Feather","Tiny House"],"picked":"Philosopher\u0027s Stone"},{"not_picked":["Snecko Eye","Orrery"],"picked":"Cursed Key"}],"items_purged_floors":[],"is_endless":false,"potions_floor_spawned":[1,2,16,18,19,24,29,31,35,39,41,48],"ascension_level":1}