{"gold_per_floor":[118,393,75,101,101,127,52,52,52,105,142,178,239,275,275,374,374,392,392,392,409,62,62],"floor_reached":23,"playtime":677,"items_purged":["Regret","Decay"],"score":498,"play_id":"a96757fd-6c32-4ed4-9961-f1f2045b038e","local_time":"20190218210530","is_ascension_mode":true,"campfire_choices":[{"data":"Zap","floor":8,"key":"SMITH"},{"data":"Reinforced Body","floor":15,"key":"SMITH"}],"neow_cost":"NONE","seed_source_timestamp":438313762235700,"circlet_count":0,"master_deck":["AscendersBane","Strike_B","Strike_B","Strike_B","Defend_B","Defend_B","Defend_B","Defend_B","Zap+1","Dualcast","FTL","HandOfGreed+1","Chill","Reinforced Body+1","Gash","Sweeping Beam","Conserve Battery","Conserve Battery","Electrodynamics+1","Coolheaded+1","Gash","Loop+1"],"relics":["Cracked Core","NeowsBlessing","DataDisk","Vajra","Potion Belt","Frozen Egg 2","Cursed Key","Shuriken"],"potions_floor_usage":[13,16,16,23],"damage_taken":[{"damage":0,"enemies":"Small Slimes","floor":1,"turns":1},{"damage":0,"enemies":"Gremlin Nob","floor":6,"turns":1},{"damage":0,"enemies":"Lagavulin","floor":10,"turns":2},{"damage":0,"enemies":"Cultist","floor":11,"turns":2},{"damage":0,"enemies":"Jaw Worm","floor":12,"turns":3},{"damage":0,"enemies":"Exordium Thugs","floor":13,"turns":4},{"damage":21,"enemies":"2 Fungi Beasts","floor":14,"turns":3},{"damage":9,"enemies":"Hexaghost","floor":16,"turns":8},{"damage":13,"enemies":"Spheric Guardian","floor":18,"turns":4},{"damage":19,"enemies":"Chosen","floor":21,"turns":4},{"damage":34,"enemies":"Book of Stabbing","floor":23,"turns":4}],"seed_played":"8837863709189837239","potions_obtained":[{"floor":6,"key":"SteroidPotion"},{"floor":10,"key":"GamblersBrew"},{"floor":11,"key":"LiquidBronze"},{"floor":21,"key":"EssenceOfSteel"}],"is_trial":false,"path_per_floor":["M","?","$","T","?","E","?","R","T","E","M","M","M","M","R","B",null,"M","?","T","M","$","E"],"character_chosen":"DEFECT","items_purchased":["HandOfGreed","PowerPotion","Gash","Explosive Potion","Explosive Potion","Loop+1"],"campfire_rested":0,"item_purchase_floors":[3,3,22,22,22,22],"current_hp_per_floor":[64,64,64,64,64,64,64,64,64,64,64,64,64,43,43,34,62,49,49,49,30,30,0],"gold":62,"neow_bonus":"THREE_ENEMY_KILL","is_prod":false,"is_daily":false,"chose_seed":false,"campfire_upgraded":2,"win_rate":0,"timestamp":1550549130,"path_taken":["M","?","$","?","?","E","?","R","T","E","M","M","M","M","R","BOSS","M","?","?","?","$","E"],"build_version":"2019-02-06","purchased_purges":2,"victory":false,"max_hp_per_floor":[71,71,71,71,71,71,71,71,71,71,71,71,71,71,71,71,71,71,71,71,71,71,71],"card_choices":[{"not_picked":["Rebound","Reinforced Body"],"picked":"FTL","floor":1},{"not_picked":["Skim","Sweeping Beam"],"picked":"Chill","floor":6},{"not_picked":["Double Energy","Redo"],"picked":"Reinforced Body","floor":10},{"not_picked":["Rebound","Redo"],"picked":"Gash","floor":11},{"not_picked":["Turbo","Sunder"],"picked":"Sweeping Beam","floor":12},{"not_picked":["Rebound","Double Energy"],"picked":"Conserve Battery","floor":13},{"not_picked":["Turbo","Barrage"],"picked":"Conserve Battery","floor":14},{"not_picked":["Hyperbeam","Thunder Strike"],"picked":"Electrodynamics+1","floor":16},{"not_picked":["Redo","Leap"],"picked":"Coolheaded+1","floor":18},{"not_picked":["Beam Cell","Go for the Eyes","Streamline"],"picked":"SKIP","floor":21}],"player_experience":1353704,"relics_obtained":[{"floor":4,"key":"DataDisk"},{"floor":6,"key":"Vajra"},{"floor":9,"key":"Potion Belt"},{"floor":10,"key":"Frozen Egg 2"},{"floor":20,"key":"Shuriken"}],"event_choices":[{"damage_healed":0,"gold_gain":275,"player_choice":"Desecrate","damage_taken":0,"max_hp_gain":0,"max_hp_loss":0,"event_name":"Golden Shrine","floor":2,"gold_loss":0,"cards_obtained":["Regret"]},{"damage_healed":0,"gold_gain":0,"player_choice":"Grow","damage_taken":0,"max_hp_gain":0,"max_hp_loss":0,"event_name":"Living Wall","floor":5,"gold_loss":0,"cards_upgraded":["HandOfGreed"]},{"cards_removed":["Strike_B"],"damage_healed":0,"gold_gain":0,"player_choice":"Card Removal","damage_taken":0,"max_hp_gain":0,"max_hp_loss":0,"event_name":"The Cleric","floor":7,"gold_loss":75},{"damage_healed":0,"gold_gain":0,"player_choice":"Ignored","damage_taken":0,"max_hp_gain":0,"max_hp_loss":0,"event_name":"The Mausoleum","floor":19,"gold_loss":0}],"is_beta":true,"boss_relics":[{"not_picked":["Calling Bell","Philosopher\u0027s Stone"],"picked":"Cursed Key"}],"items_purged_floors":[3,22],"is_endless":false,"potions_floor_spawned":[6,10,11,21],"killed_by":"Book of Stabbing","ascension_level":20}