{"gold_per_floor":[367,384,398,398,8,36,36,46,69,124,124,144,172,184,184,285,285,298,316,331,350,350,377,377,410,410,410,435,465,33,44,44,44],"floor_reached":33,"playtime":1373,"items_purged":["Strike_R","Strike_R"],"score":376,"play_id":"4ef99cb2-5560-4ce4-9c02-cf87c913437b","local_time":"20181128183054","is_ascension_mode":true,"campfire_choices":[{"data":"Inflame","floor":7,"key":"SMITH"},{"floor":11,"key":"REST"},{"floor":15,"key":"REST"},{"floor":24,"key":"REST"},{"data":"Clothesline","floor":27,"key":"SMITH"},{"floor":32,"key":"RECALL"}],"neow_cost":"TEN_PERCENT_HP_LOSS","seed_source_timestamp":9634063870949,"circlet_count":0,"master_deck":["Strike_R","Strike_R","Strike_R","Defend_R","Defend_R+1","Defend_R+1","Defend_R","Bash+1","Inflame+1","Ghostly Armor","Feel No Pain","Clothesline+1","Warcry","Anger","Spot Weakness","Battle Trance","Fiend Fire","Wild Strike+1","Sword Boomerang","Ghostly Armor","Clash","Metallicize","Whirlwind"],"relics":["Burning Blood","Turnip","War Paint","Bag of Preparation","Tiny Chest","Kunai","Busted Crown","Shovel","Ice Cream","PreservedInsect","Pen Nib","Toxic Egg 2"],"potions_floor_usage":[6,10,19,23,25,33],"damage_taken":[{"damage":9,"enemies":"2 Louse","floor":1,"turns":3},{"damage":1,"enemies":"Cultist","floor":2,"turns":3},{"damage":8,"enemies":"Small Slimes","floor":3,"turns":3},{"damage":26,"enemies":"3 Sentries","floor":6,"turns":8},{"damage":3,"enemies":"Exordium Wildlife","floor":8,"turns":4},{"damage":36,"enemies":"Lagavulin","floor":10,"turns":6},{"damage":5,"enemies":"Large Slime","floor":12,"turns":6},{"damage":28,"enemies":"Gremlin Nob","floor":13,"turns":4},{"damage":2,"enemies":"Red Slaver","floor":14,"turns":5},{"damage":36,"enemies":"Hexaghost","floor":16,"turns":8},{"damage":2,"enemies":"Chosen","floor":18,"turns":4},{"damage":9,"enemies":"2 Thieves","floor":19,"turns":4},{"damage":5,"enemies":"Centurion and Healer","floor":20,"turns":4},{"damage":2,"enemies":"Sentry and Sphere","floor":21,"turns":5},{"damage":26,"enemies":"Gremlin Leader","floor":23,"turns":5},{"damage":10,"enemies":"Book of Stabbing","floor":25,"turns":5},{"damage":14,"enemies":"Gremlin Leader","floor":29,"turns":6},{"damage":4,"enemies":"Snake Plant","floor":31,"turns":3},{"damage":52,"enemies":"Automaton","floor":33,"turns":6}],"seed_played":"4252709814273933213","potions_obtained":[{"floor":1,"key":"Strength Potion"},{"floor":2,"key":"AttackPotion"},{"floor":10,"key":"Block Potion"},{"floor":16,"key":"Ancient Potion"},{"floor":18,"key":"SkillPotion"},{"floor":19,"key":"SpeedPotion"},{"floor":21,"key":"EssenceOfSteel"},{"floor":31,"key":"PowerPotion"}],"is_trial":false,"path_per_floor":["M","M","M","?","$","E","R","M","T","E","R","M","E","M","R","B",null,"M","M","M","M","?","E","R","E","T","R","T","E","$","M","R","B"],"character_chosen":"IRONCLAD","items_purchased":["Turnip","Toxic Egg 2","Metallicize"],"campfire_rested":3,"item_purchase_floors":[5,30,30],"current_hp_per_floor":[69,72,70,70,70,50,50,53,53,23,44,45,23,27,48,18,72,72,69,70,72,59,39,62,58,58,58,58,50,50,52,52,0],"gold":44,"neow_bonus":"TWO_FIFTY_GOLD","is_prod":false,"is_daily":false,"chose_seed":false,"campfire_upgraded":2,"win_rate":0,"timestamp":1543437054,"path_taken":["M","M","M","?","$","E","R","M","T","E","R","M","E","M","R","BOSS","M","M","?","M","?","E","R","E","T","R","?","E","$","M","R","BOSS"],"build_version":"2018-11-15","purchased_purges":2,"victory":false,"max_hp_per_floor":[72,72,72,72,72,72,72,72,72,72,72,72,72,72,72,72,72,72,72,72,72,77,77,77,77,77,77,77,77,77,77,77,77],"card_choices":[{"not_picked":["Pummel","Body Slam"],"picked":"Inflame","floor":1},{"not_picked":["Sword Boomerang","Heavy Blade"],"picked":"Ghostly Armor","floor":2},{"not_picked":["Uppercut","Body Slam"],"picked":"Feel No Pain","floor":3},{"not_picked":["Carnage","Battle Trance"],"picked":"Clothesline","floor":6},{"not_picked":["Perfected Strike","Wild Strike","Entrench"],"picked":"SKIP","floor":8},{"not_picked":["Perfected Strike","Twin Strike"],"picked":"Warcry","floor":10},{"not_picked":["Rampage","Second Wind"],"picked":"Anger","floor":12},{"not_picked":["Heavy Blade","Perfected Strike"],"picked":"Spot Weakness","floor":13},{"not_picked":["Intimidate","Thunderclap"],"picked":"Battle Trance","floor":14},{"not_picked":["Bludgeon","Feed"],"picked":"Fiend Fire","floor":16},{"not_picked":[],"picked":"Wild Strike+1","floor":18},{"not_picked":[],"picked":"Sword Boomerang","floor":19},{"not_picked":[],"picked":"Ghostly Armor","floor":20},{"not_picked":["Anger+1"],"picked":"SKIP","floor":21},{"not_picked":[],"picked":"Clash","floor":23},{"not_picked":["Iron Wave"],"picked":"SKIP","floor":25},{"not_picked":["Reckless Charge"],"picked":"SKIP","floor":29},{"not_picked":[],"picked":"Whirlwind","floor":31}],"player_experience":179528,"relics_obtained":[{"floor":6,"key":"War Paint"},{"floor":9,"key":"Bag of Preparation"},{"floor":10,"key":"Tiny Chest"},{"floor":13,"key":"Kunai"},{"floor":23,"key":"Shovel"},{"floor":25,"key":"Ice Cream"},{"floor":26,"key":"PreservedInsect"},{"floor":29,"key":"Pen Nib"}],"event_choices":[{"damage_healed":0,"gold_gain":0,"player_choice":"Upgraded","damage_taken":0,"max_hp_gain":0,"max_hp_loss":0,"event_name":"Upgrade Shrine","floor":4,"gold_loss":0,"cards_upgraded":["Bash"]},{"damage_healed":0,"gold_gain":0,"player_choice":"Shed Blood","damage_taken":18,"max_hp_gain":5,"max_hp_loss":0,"event_name":"Forgotten Altar","floor":22,"gold_loss":0}],"is_beta":false,"boss_relics":[{"not_picked":["Cursed Key","Black Blood"],"picked":"Busted Crown"}],"items_purged_floors":[5,30],"is_endless":false,"potions_floor_spawned":[1,2,10,16,18,19,21,31],"killed_by":"Automaton","ascension_level":3}