{"gold_per_floor":[111,111,111,123,123,123,151,151,230,230,248,248,263,273,273,350,350,368,387,367,383,308,308,323,48,98,115,140,140,140,160,160,233,233,249,262,280,280,328,328,328,328],"floor_reached":42,"playtime":2457,"items_purged":["Strike_B","Strike_B"],"score":836,"play_id":"598e104d-df51-463f-a549-e171c8bfd11e","local_time":"20180921190415","is_ascension_mode":true,"campfire_choices":[{"data":"Defragment","floor":6,"key":"SMITH"},{"data":"Consume","floor":8,"key":"SMITH"},{"data":"Zap","floor":10,"key":"SMITH"},{"data":"Auto Shields","floor":12,"key":"SMITH"},{"data":"Hologram","floor":15,"key":"SMITH"},{"data":"Capacitor","floor":23,"key":"SMITH"},{"floor":32,"key":"REST"},{"floor":40,"key":"REST"}],"neow_cost":"","seed_source_timestamp":775135996493851,"circlet_count":0,"master_deck":["Strike_B","Defend_B","Defend_B","Defend_B","Defend_B","Zap+1","Dualcast","AscendersBane","Glacier","Consume+1","Defragment+1","Auto Shields+1","Hologram+1","BootSequence","Reboot","Capacitor+1","Cold Snap","Ball Lightning","Cold Snap","Echo Form","Glacier+1"],"relics":["FrozenCore","Sundial","Dodecahedron","PreservedInsect","Blood Vial","Happy Flower","DataDisk","Runic Dome","Bird Faced Urn"],"potions_floor_usage":[4,16,21,24,24,24,28,39],"damage_taken":[{"damage":2,"enemies":"2 Louse","floor":1,"turns":3},{"damage":0,"enemies":"Small Slimes","floor":4,"turns":2},{"damage":23,"enemies":"3 Sentries","floor":7,"turns":18},{"damage":0,"enemies":"Cultist","floor":11,"turns":3},{"damage":0,"enemies":"3 Louse","floor":13,"turns":4},{"damage":0,"enemies":"2 Fungi Beasts","floor":14,"turns":5},{"damage":7,"enemies":"The Guardian","floor":16,"turns":15},{"damage":0,"enemies":"Shell Parasite","floor":18,"turns":10},{"damage":0,"enemies":"Spheric Guardian","floor":19,"turns":8},{"damage":0,"enemies":"Centurion and Healer","floor":21,"turns":4},{"damage":0,"enemies":"Shelled Parasite and Fungi","floor":24,"turns":10},{"damage":0,"enemies":"Snake Plant","floor":27,"turns":6},{"damage":41,"enemies":"Book of Stabbing","floor":28,"turns":6},{"damage":0,"enemies":"Snecko","floor":31,"turns":6},{"damage":17,"enemies":"Champ","floor":33,"turns":19},{"damage":0,"enemies":"Orb Walker","floor":35,"turns":5},{"damage":26,"enemies":"3 Shapes","floor":36,"turns":5},{"damage":0,"enemies":"Maw","floor":37,"turns":10},{"damage":41,"enemies":"Mysterious Sphere","floor":39,"turns":7},{"damage":35,"enemies":"2 Orb Walkers","floor":42,"turns":3}],"seed_played":"-6663510821400105429","potions_obtained":[{"floor":1,"key":"Explosive Potion"},{"floor":7,"key":"Strength Potion"},{"floor":11,"key":"Dexterity Potion"},{"floor":13,"key":"Fire Potion"},{"floor":18,"key":"EssenceOfSteel"},{"floor":19,"key":"PowerPotion"},{"floor":20,"key":"EntropicBrew"},{"floor":24,"key":"FearPotion"},{"floor":37,"key":"PowerPotion"}],"is_trial":false,"path_per_floor":["M","?","?","M","?","R","E","R","T","R","M","R","M","M","R","B",null,"M","M","?","M","$","R","M","$","T","M","E","?","T","M","R","B",null,"M","M","M","?","?","R","?"],"character_chosen":"DEFECT","items_purchased":["PreservedInsect"],"campfire_rested":2,"item_purchase_floors":[25],"current_hp_per_floor":[62,62,62,62,62,62,39,39,39,39,39,39,39,39,39,32,61,61,61,61,61,61,61,61,61,61,63,24,24,24,26,47,32,61,63,39,41,41,2,22,22,0],"gold":328,"neow_bonus":"","is_prod":false,"is_daily":false,"chose_seed":false,"campfire_upgraded":6,"win_rate":0,"timestamp":1537578255,"path_taken":["M","?","?","M","?","R","E","R","T","R","M","R","M","M","R","BOSS","M","M","?","M","$","R","M","$","T","M","E","?","?","M","R","BOSS","M","M","M","?","?","R","?","E"],"build_version":"2018-09-20","purchased_purges":2,"victory":false,"max_hp_per_floor":[71,71,71,71,71,71,71,71,71,71,71,71,71,71,71,71,71,71,71,71,71,71,71,71,71,71,71,71,71,71,71,71,71,71,71,71,71,67,67,67,67,67],"card_choices":[{"not_picked":["Loop","Heatsinks"],"picked":"Glacier","floor":1},{"not_picked":["Self Repair","Rebound"],"picked":"Consume","floor":4},{"not_picked":["Hologram","Sunder"],"picked":"Auto Shields","floor":7},{"not_picked":["Self Repair","Steam"],"picked":"Cold Snap","floor":11},{"not_picked":["Steam","Doom and Gloom"],"picked":"Hologram","floor":13},{"not_picked":["Auto Shields","Self Repair"],"picked":"BootSequence","floor":14},{"not_picked":["Thunder Strike","Amplify"],"picked":"Reboot","floor":16},{"not_picked":["Hologram","Self Repair"],"picked":"Capacitor","floor":18},{"not_picked":["Turbo","Compile Driver"],"picked":"Cold Snap","floor":19},{"not_picked":["Reprogram","Auto Shields","All For One"],"picked":"SKIP","floor":21},{"not_picked":["Tempest","Go for the Eyes"],"picked":"Ball Lightning","floor":24},{"not_picked":["Go for the Eyes","Self Repair","Gash"],"picked":"SKIP","floor":27},{"not_picked":["Static Discharge","Stack"],"picked":"Cold Snap","floor":28},{"not_picked":["Turbo","Heatsinks","Doom and Gloom"],"picked":"SKIP","floor":31},{"not_picked":["Meteor Strike","Machine Learning"],"picked":"Echo Form","floor":33},{"not_picked":["Streamline","Go for the Eyes+1","Conserve Battery"],"picked":"SKIP","floor":35},{"not_picked":["Steam Power+1","Hello World+1","Conserve Battery"],"picked":"SKIP","floor":36},{"not_picked":["Rebound","Scrape+1","Streamline"],"picked":"SKIP","floor":37},{"not_picked":["Fusion","Sweeping Beam"],"picked":"Glacier+1","floor":39}],"player_experience":1060038,"relics_obtained":[{"floor":7,"key":"Sundial"},{"floor":9,"key":"Dodecahedron"},{"floor":26,"key":"Blood Vial"},{"floor":28,"key":"Happy Flower"},{"floor":30,"key":"DataDisk"},{"floor":39,"key":"Bird Faced Urn"}],"event_choices":[{"event_name":"Scrap Ooze","player_choice":"unsuccessful","floor":2,"damage_taken":0},{"event_name":"Wheel of Change","player_choice":"Card Removal","floor":3,"damage_taken":0},{"event_name":"Match and Keep!","player_choice":"1 cards matched","floor":5,"damage_taken":0},{"event_name":"The Woman in Blue","player_choice":"Bought 1 Potion","floor":20,"damage_taken":0},{"event_name":"Cursed Tome","player_choice":"Ignored","floor":29,"damage_taken":0},{"event_name":"Winding Halls","player_choice":"Max HP","floor":38,"damage_taken":0},{"event_name":"Mysterious Sphere","player_choice":"Fight","floor":39,"damage_taken":0},{"event_name":"Falling","player_choice":"Removed Attack","floor":41,"damage_taken":0}],"is_beta":true,"boss_relics":[{"not_picked":["Calling Bell","Snecko Eye"],"picked":"FrozenCore"},{"not_picked":["Nuclear Battery","Philosopher\u0027s Stone"],"picked":"Runic Dome"}],"items_purged_floors":[22,25],"is_endless":false,"potions_floor_spawned":[1,7,11,13,14,18,19,24,37],"killed_by":"2 Orb Walkers","ascension_level":20}