{"gold_per_floor":[113,46,46,64,76,76,91,109,134,134,161,8,8,25,25,96,96,113,123,51,68,68],"floor_reached":22,"playtime":875,"items_purged":["Strike_B"],"score":417,"play_id":"c33aae98-51d6-477c-8f75-4baff3bcbbfb","local_time":"20180710125354","is_ascension_mode":true,"campfire_choices":[{"data":"Storm","floor":6,"key":"SMITH"},{"data":"Capacitor","floor":10,"key":"SMITH"},{"data":"Storm","floor":13,"key":"SMITH"},{"data":"Coolheaded","floor":15,"key":"SMITH"}],"neow_cost":"NONE","seed_source_timestamp":1555665433579414,"circlet_count":0,"master_deck":["Strike_B","Strike_B","Defend_B","Defend_B","Defend_B","Defend_B","Zap+1","Dualcast","AscendersBane","Capacitor+1","Storm+1","BootSequence","Ball Lightning","Cold Snap","Coolheaded+1","Storm+1","Ball Lightning","Creative AI","Leap","Consume","Glacier","Force Field"],"relics":["Cracked Core","DataDisk","Regal Pillow","Inserter"],"potions_floor_usage":[11,16,22],"damage_taken":[{"damage":1,"enemies":"Cultist","floor":1,"turns":3},{"damage":7,"enemies":"Jaw Worm","floor":4,"turns":3},{"damage":0,"enemies":"2 Louse","floor":5,"turns":2},{"damage":8,"enemies":"Blue Slaver","floor":7,"turns":4},{"damage":0,"enemies":"Large Slime","floor":8,"turns":4},{"damage":1,"enemies":"3 Sentries","floor":11,"turns":5},{"damage":3,"enemies":"Looter","floor":14,"turns":3},{"damage":0,"enemies":"The Guardian","floor":16,"turns":7},{"damage":11,"enemies":"Spheric Guardian","floor":18,"turns":3},{"damage":0,"enemies":"Chosen","floor":19,"turns":4},{"damage":14,"enemies":"Sentry and Sphere","floor":21,"turns":7},{"damage":39,"enemies":"Centurion and Healer","floor":22,"turns":6}],"seed_played":"3499899609272462859","potions_obtained":[{"floor":1,"key":"Strength Potion"},{"floor":7,"key":"PowerPotion"},{"floor":8,"key":"FocusPotion"},{"floor":14,"key":"SpeedPotion"},{"floor":16,"key":"Strength Potion"}],"is_trial":false,"path_per_floor":["M","$","?","M","M","R","M","M","T","R","E","$","R","M","R","B",null,"M","M","$","M"],"character_chosen":"DEFECT","items_purchased":["Storm","Storm","Glacier"],"campfire_rested":0,"item_purchase_floors":[2,12,20],"current_hp_per_floor":[63,63,63,56,56,56,48,48,48,48,47,47,47,44,44,44,64,53,53,53,39,0],"gold":68,"neow_bonus":"REMOVE_CARD","is_prod":false,"is_daily":false,"chose_seed":false,"campfire_upgraded":4,"win_rate":0,"timestamp":1531248834,"path_taken":["M","$","?","?","M","R","M","M","T","R","E","$","R","M","R","BOSS","M","M","$","M","?"],"build_version":"2018-07-09","purchased_purges":1,"victory":false,"max_hp_per_floor":[71,71,71,71,71,71,71,71,71,71,71,71,71,71,71,71,71,71,71,71,71,71],"card_choices":[{"not_picked":["Compile Driver","Rebound"],"picked":"Capacitor","floor":1},{"not_picked":["Steam","Reprogram"],"picked":"BootSequence","floor":4},{"not_picked":["BootSequence","Rip and Tear"],"picked":"Ball Lightning","floor":5},{"not_picked":["Gash","Rip and Tear"],"picked":"Cold Snap","floor":7},{"not_picked":["Redo","Lockon"],"picked":"Coolheaded","floor":8},{"not_picked":["Double Energy","Doom and Gloom","Streamline"],"picked":"SKIP","floor":11},{"not_picked":["Beam Cell","Rebound"],"picked":"Ball Lightning","floor":14},{"not_picked":["Meteor Strike","Core Surge"],"picked":"Creative AI","floor":16},{"not_picked":["Aggregate","Go for the Eyes"],"picked":"Leap","floor":18},{"not_picked":["Hologram","Coolheaded"],"picked":"Consume","floor":19},{"not_picked":["Cold Snap","Go for the Eyes"],"picked":"Force Field","floor":21}],"player_experience":753913,"relics_obtained":[{"floor":9,"key":"DataDisk"},{"floor":11,"key":"Regal Pillow"}],"event_choices":[{"event_name":"Living Wall","player_choice":"Grow","floor":3,"damage_taken":0}],"boss_relics":[{"not_picked":["Fusion Hammer","Empty Cage"],"picked":"Inserter"}],"items_purged_floors":[12],"is_endless":false,"potions_floor_spawned":[1,7,8,14,16],"killed_by":"Centurion and Healer","ascension_level":15}