{"gold_per_floor":[115,115,125,142,161,194,194,28,28,45,61,76,109,122,122,220,220,236,222,7,7,27,62,76,76],"floor_reached":25,"playtime":14992,"items_purged":["Strike_G"],"score":251,"play_id":"df5f5ee6-e658-49d7-966e-35c629251bbb","local_time":"20190214230332","is_ascension_mode":true,"campfire_choices":[{"floor":7,"key":"REST"},{"floor":15,"key":"REST"}],"neow_cost":"NONE","seed_source_timestamp":2286798666664192,"circlet_count":0,"master_deck":["Defend_G","Defend_G","Defend_G","Defend_G","Defend_G","Strike_G","Strike_G","Strike_G","Strike_G","Survivor","Neutralize","Dagger Spray+1","Backflip","Leg Sweep","Slice","Footwork","Blade Dance","Prepared","Quick Slash","Cloak And Dagger","Dodge and Roll","Dagger Spray","Burst","Deadly Poison+1","Crippling Poison+1","Master of Strategy","Dagger Spray","Setup+1","Outmaneuver","Accuracy"],"relics":["Ring of the Serpent","NeowsBlessing","Pen Nib","Bottled Lightning","Singing Bowl"],"potions_floor_usage":[12,12,13,16,24,24,24],"damage_taken":[{"damage":0,"enemies":"Jaw Worm","floor":1,"turns":1},{"damage":0,"enemies":"Cultist","floor":3,"turns":1},{"damage":0,"enemies":"Small Slimes","floor":4,"turns":1},{"damage":3,"enemies":"Red Slaver","floor":5,"turns":5},{"damage":41,"enemies":"Lagavulin","floor":6,"turns":14},{"damage":5,"enemies":"Looter","floor":10,"turns":4},{"damage":0,"enemies":"2 Fungi Beasts","floor":11,"turns":1},{"damage":6,"enemies":"Exordium Thugs","floor":12,"turns":6},{"damage":4,"enemies":"3 Sentries","floor":13,"turns":6},{"damage":0,"enemies":"Red Slaver","floor":14,"turns":3},{"damage":9,"enemies":"The Guardian","floor":16,"turns":16},{"damage":35,"enemies":"Spheric Guardian","floor":18,"turns":12},{"damage":13,"enemies":"2 Thieves","floor":19,"turns":4},{"damage":22,"enemies":"Snake Plant","floor":22,"turns":5},{"damage":35,"enemies":"Book of Stabbing","floor":23,"turns":8},{"damage":11,"enemies":"Snecko","floor":24,"turns":6},{"damage":4,"enemies":"Gremlin Leader","floor":25,"turns":2}],"seed_played":"-9070116493900867453","potions_obtained":[{"floor":3,"key":"SteroidPotion"},{"floor":5,"key":"SpeedPotion"},{"floor":10,"key":"Block Potion"},{"floor":11,"key":"Dexterity Potion"},{"floor":12,"key":"Fire Potion"},{"floor":14,"key":"Explosive Potion"},{"floor":19,"key":"Swift Potion"},{"floor":23,"key":"Poison Potion"}],"is_trial":false,"path_per_floor":["M","?","M","M","M","E","R","$","T","M","M","M","E","M","R","B",null,"M","M","$","?","M","E","M","E"],"character_chosen":"THE_SILENT","items_purchased":["Footwork","Blade Dance","Master of Strategy","Dagger Spray"],"campfire_rested":2,"item_purchase_floors":[8,8,20,20],"current_hp_per_floor":[70,70,70,70,67,26,47,47,47,42,42,36,32,32,53,44,70,35,22,22,70,48,13,2,0],"gold":76,"neow_bonus":"THREE_ENEMY_KILL","is_prod":false,"is_daily":false,"chose_seed":false,"campfire_upgraded":0,"win_rate":0,"timestamp":1550185412,"path_taken":["M","?","?","M","?","E","R","$","T","M","M","M","E","M","R","BOSS","M","M","$","?","M","E","?","E"],"build_version":"2019-01-23","purchased_purges":1,"victory":false,"max_hp_per_floor":[70,70,70,70,70,70,70,70,70,70,70,70,70,70,70,70,70,70,70,70,70,70,70,70,70],"card_choices":[{"not_picked":["All Out Attack","Slice"],"picked":"Dagger Spray","floor":1},{"not_picked":["Bane","Riddle With Holes"],"picked":"Heel Hook","floor":3},{"not_picked":["Poisoned Stab","All Out Attack"],"picked":"Backflip","floor":4},{"not_picked":["Deadly Poison","Outmaneuver"],"picked":"Leg Sweep","floor":5},{"not_picked":["Bane","PiercingWail"],"picked":"Slice","floor":6},{"not_picked":["Sucker Punch","Accuracy"],"picked":"Prepared","floor":10},{"not_picked":["Leg Sweep","PiercingWail"],"picked":"Quick Slash","floor":11},{"not_picked":["Prepared","PiercingWail"],"picked":"Cloak And Dagger","floor":12},{"not_picked":["Bane","Underhanded Strike"],"picked":"Dodge and Roll","floor":13},{"not_picked":["Endless Agony","Heel Hook"],"picked":"Dagger Spray","floor":14},{"not_picked":["Unload","Tools of the Trade"],"picked":"Burst","floor":16},{"not_picked":["Quick Slash","Dagger Throw"],"picked":"Deadly Poison+1","floor":18},{"not_picked":["Eviscerate+1","Cloak And Dagger"],"picked":"Crippling Poison+1","floor":19},{"not_picked":["A Thousand Cuts","Deadly Poison"],"picked":"Setup+1","floor":22},{"not_picked":["Flying Knee+1","Sucker Punch"],"picked":"Outmaneuver","floor":23},{"not_picked":["Deadly Poison+1","Dagger Spray"],"picked":"Accuracy","floor":24}],"player_experience":649495,"relics_obtained":[{"floor":6,"key":"Pen Nib"},{"floor":13,"key":"Bottled Lightning"},{"floor":23,"key":"Singing Bowl"}],"event_choices":[{"damage_healed":0,"gold_gain":0,"player_choice":"Forge","damage_taken":0,"max_hp_gain":0,"max_hp_loss":0,"event_name":"Accursed Blacksmith","floor":2,"gold_loss":0,"cards_upgraded":["Dagger Spray"]},{"cards_removed":["Heel Hook"],"damage_healed":48,"gold_gain":0,"player_choice":"Offered Uncommon","damage_taken":0,"max_hp_gain":0,"max_hp_loss":0,"event_name":"Bonfire Elementals","floor":21,"gold_loss":0}],"is_beta":false,"boss_relics":[{"not_picked":["Busted Crown","HoveringKite"],"picked":"Ring of the Serpent"}],"items_purged_floors":[8],"is_endless":false,"potions_floor_spawned":[3,5,10,11,12,14,19,23],"killed_by":"Gremlin Leader","ascension_level":1}