{"gold_per_floor":[14,29,43,59,59,59,71,105,105,125,155,184,195,208,208,310,310,327,344,344,443,462,462,491,491,491,271,284,284,284,319,319,417,417,431,431,431,448,348,373,389,424,424,146,192,192,202,273,273,273],"floor_reached":51,"playtime":2664,"items_purged":["Strike_B","Gash","Go for the Eyes"],"score":924,"play_id":"a5135eb7-2551-4f29-b855-539cfdb0871a","local_time":"20181118192009","is_ascension_mode":true,"campfire_choices":[{"data":"Zap","floor":6.0,"key":"SMITH"},{"data":"Coolheaded","floor":15.0,"key":"SMITH"},{"data":"Capacitor","floor":23.0,"key":"SMITH"},{"data":"Echo Form","floor":25.0,"key":"SMITH"},{"data":"Buffer","floor":29.0,"key":"SMITH"},{"data":"Beam Cell","floor":32.0,"key":"SMITH"},{"floor":46.0,"key":"REST"},{"data":"Hologram","floor":49,"key":"SMITH"}],"neow_cost":"NO_GOLD","seed_source_timestamp":32816812883262,"circlet_count":0,"master_deck":["Zap+1","Dualcast","Ball Lightning","Barrage","Ball Lightning","Auto Shields","Electrodynamics","Coolheaded+1","Echo Form+1","Redo+1","Steam Power","Capacitor+1","Buffer+1","Fusion","Machine Learning","Streamline+1","Sweeping Beam+1","BootSequence","Recycle","Compile Driver+1","Hologram+1","Barrage+1","Mayhem","Hologram+1","Force Field+1","Defragment+1"],"special_seed":0,"relics":["Cracked Core","Emotion Chip","Oddly Smooth Stone","Letter Opener","FossilizedHelix","Snecko Eye","Matryoshka","MawBank","Molten Egg 2","Pantograph","Pandora\u0027s Box","Bag of Marbles","Ice Cream","Ancient Tea Set","Darkstone Periapt","Art of War","Bird Faced Urn","Meat on the Bone"],"potions_floor_usage":[50,50],"damage_taken":[{"damage":0.0,"enemies":"2 Louse","floor":1.0,"turns":3.0},{"damage":0.0,"enemies":"Cultist","floor":2.0,"turns":3.0},{"damage":5.0,"enemies":"Small Slimes","floor":3.0,"turns":2.0},{"damage":8.0,"enemies":"Exordium Wildlife","floor":4.0,"turns":4.0},{"damage":2.0,"enemies":"3 Louse","floor":7.0,"turns":3.0},{"damage":26.0,"enemies":"Gremlin Nob","floor":8.0,"turns":4.0},{"damage":0.0,"enemies":"Exordium Thugs","floor":10.0,"turns":3.0},{"damage":0.0,"enemies":"Lagavulin","floor":12.0,"turns":5.0},{"damage":0.0,"enemies":"Large Slime","floor":13.0,"turns":3.0},{"damage":0.0,"enemies":"Looter","floor":14.0,"turns":2.0},{"damage":0.0,"enemies":"Slime Boss","floor":16.0,"turns":7.0},{"damage":4.0,"enemies":"Chosen","floor":18.0,"turns":6.0},{"damage":0.0,"enemies":"2 Thieves","floor":19.0,"turns":2.0},{"damage":0.0,"enemies":"Sentry and Sphere","floor":22.0,"turns":3.0},{"damage":0.0,"enemies":"Gremlin Leader","floor":24.0,"turns":5.0},{"damage":13.0,"enemies":"Snecko","floor":28.0,"turns":4.0},{"damage":13.0,"enemies":"Slavers","floor":31.0,"turns":3.0},{"damage":58.0,"enemies":"Automaton","floor":33.0,"turns":8.0},{"damage":0.0,"enemies":"Orb Walker","floor":35.0,"turns":5.0},{"damage":21.0,"enemies":"3 Shapes","floor":38.0,"turns":4.0},{"damage":0.0,"enemies":"Giant Head","floor":40.0,"turns":8.0},{"damage":0.0,"enemies":"Writhing Mass","floor":41.0,"turns":6.0},{"damage":9.0,"enemies":"Reptomancer","floor":42.0,"turns":5.0},{"damage":25.0,"enemies":"2 Orb Walkers","floor":45.0,"turns":3.0},{"damage":0.0,"enemies":"Spire Growth","floor":47.0,"turns":5.0},{"damage":18,"enemies":"Time Eater","floor":50,"turns":9}],"seed_played":"8386888435460068091","potions_obtained":[{"floor":1.0,"key":"Swift Potion"},{"floor":3.0,"key":"EssenceOfSteel"},{"floor":5.0,"key":"Ancient Potion"},{"floor":5.0,"key":"Regen Potion"},{"floor":12.0,"key":"Dexterity Potion"},{"floor":13.0,"key":"SkillPotion"},{"floor":19.0,"key":"PowerPotion"},{"floor":31.0,"key":"FocusPotion"},{"floor":42.0,"key":"FearPotion"}],"is_trial":false,"path_per_floor":["M","M","M","M","?","R","M","E","T","M","?","E","M","M","R","B",null,"M","M","?","?","M","R","E","R","T","$","M","R","?","E","R","B",null,"M","?","?","M","$","E","M","E","T","$","?","R","M","T","R","B",null],"character_chosen":"DEFECT","items_purchased":["Buffer","Art of War"],"campfire_rested":1,"item_purchase_floors":[27,44],"current_hp_per_floor":[75,75,70,62,62,62,60,34,34,34,34,48,48,48,48,48,75,71,71,71,71,71,71,71,71,71,71,58,58,58,45,45,12,75,75,75,65,44,44,44,44,35,35,35,10,32,46,46,46,67],"gold":273,"neow_bonus":"ONE_RARE_RELIC","is_prod":false,"is_daily":false,"chose_seed":false,"campfire_upgraded":7,"win_rate":0,"timestamp":1542576009,"path_taken":["M","M","M","M","?","R","?","E","T","M","?","E","M","M","R","BOSS","M","M","?","?","M","R","E","R","T","$","M","R","?","E","R","BOSS","M","?","?","M","$","E","M","E","T","$","?","R","M","?","R","BOSS"],"build_version":"2018-11-15","purchased_purges":3,"victory":true,"max_hp_per_floor":[75,75,75,75,75,75,75,75,75,75,75,75,75,75,75,75,75,75,75,75,75,75,75,75,75,75,75,75,75,75,75,75,75,75,75,75,75,75,75,75,75,75,75,75,75,75,75,75,75,75],"card_choices":[{"not_picked":["Tempest","Loop"],"picked":"Go for the Eyes","floor":1.0},{"not_picked":["Compile Driver","Stack"],"picked":"Ball Lightning","floor":2.0},{"not_picked":["Steam Power","Melter","Heatsinks"],"picked":"SKIP","floor":3.0},{"not_picked":["Self Repair","Turbo"],"picked":"Gash","floor":4.0},{"not_picked":["Ball Lightning","Cold Snap"],"picked":"Barrage","floor":7.0},{"not_picked":["Compile Driver","Streamline"],"picked":"Ball Lightning","floor":8.0},{"not_picked":["Coolheaded","Steam"],"picked":"Auto Shields","floor":10.0},{"not_picked":["Storm","Leap"],"picked":"Electrodynamics","floor":12.0},{"not_picked":["Auto Shields","Steam Power"],"picked":"Beam Cell","floor":13.0},{"not_picked":["Streamline","Doom and Gloom"],"picked":"Coolheaded","floor":14.0},{"not_picked":["Creative AI","Electrodynamics"],"picked":"Echo Form","floor":16.0},{"not_picked":["Rebound","Ball Lightning"],"picked":"Redo+1","floor":18.0},{"not_picked":["Barrage","Reinforced Body"],"picked":"Steam Power","floor":19.0},{"not_picked":["Steam+1","Lockon"],"picked":"Capacitor","floor":22.0},{"not_picked":["Steam Power","Steam","Turbo+1"],"picked":"SKIP","floor":24.0},{"not_picked":["Go for the Eyes+1","Sweeping Beam+1","Steam+1"],"picked":"SKIP","floor":28.0},{"not_picked":["Seek","Core Surge+1"],"picked":"Fusion","floor":31.0},{"not_picked":["Biased Cognition","Hyperbeam+1"],"picked":"Machine Learning","floor":33.0},{"not_picked":["Tempest+1","Go for the Eyes+1"],"picked":"Barrage+1","floor":35.0},{"not_picked":["Enlightenment","Flash of Steel+1"],"picked":"Mayhem","floor":37.0},{"not_picked":["Doom and Gloom+1","Chill+1"],"picked":"Hologram+1","floor":38.0},{"not_picked":["Fission","Gash+1","Leap+1"],"picked":"SKIP","floor":40.0},{"not_picked":["Barrage+1","Turbo+1","Hologram+1"],"picked":"SKIP","floor":41.0},{"not_picked":["Reprogram+1","Stack","Leap"],"picked":"SKIP","floor":42.0},{"not_picked":["Hologram","Reinforced Body"],"picked":"Force Field+1","floor":45.0},{"not_picked":["Hologram","Stack"],"picked":"Defragment+1","floor":47.0}],"player_experience":133022,"relics_obtained":[{"floor":8.0,"key":"Oddly Smooth Stone"},{"floor":9.0,"key":"Letter Opener"},{"floor":12.0,"key":"FossilizedHelix"},{"floor":24.0,"key":"Matryoshka"},{"floor":26.0,"key":"MawBank"},{"floor":26.0,"key":"Molten Egg 2"},{"floor":31.0,"key":"Pantograph"},{"floor":40.0,"key":"Bag of Marbles"},{"floor":42.0,"key":"Ice Cream"},{"floor":43.0,"key":"Ancient Tea Set"},{"floor":43.0,"key":"Darkstone Periapt"},{"floor":45.0,"key":"Bird Faced Urn"},{"floor":48.0,"key":"Meat on the Bone"}],"event_choices":[{"damage_healed":0.0,"max_hp_gain":0.0,"max_hp_loss":0.0,"gold_gain":0.0,"event_name":"Lab","player_choice":"Got Potions","floor":5.0,"gold_loss":0.0,"damage_taken":0.0},{"damage_healed":0.0,"max_hp_gain":0.0,"max_hp_loss":0.0,"gold_gain":30.0,"event_name":"Dead Adventurer","player_choice":"Searched \u00271\u0027 times","floor":11.0,"gold_loss":0.0,"damage_taken":0.0},{"cards_removed":["Strike_B"],"damage_healed":0.0,"max_hp_gain":0.0,"max_hp_loss":0.0,"gold_gain":0.0,"event_name":"Back to Basics","player_choice":"Elegance","floor":20.0,"gold_loss":0.0,"damage_taken":0.0},{"damage_healed":0.0,"max_hp_gain":0.0,"max_hp_loss":0.0,"gold_gain":99.0,"event_name":"Nest","player_choice":"Stole From Cult","floor":21.0,"gold_loss":0.0,"damage_taken":0.0},{"damage_healed":0.0,"max_hp_gain":0.0,"max_hp_loss":0.0,"gold_gain":0.0,"event_name":"Ghosts","player_choice":"Ignored","floor":30.0,"gold_loss":0.0,"damage_taken":0.0},{"cards_removed":["Beam Cell"],"damage_healed":0.0,"max_hp_gain":0.0,"max_hp_loss":0.0,"gold_gain":0.0,"event_name":"Falling","player_choice":"Removed Attack","floor":36.0,"gold_loss":0.0,"damage_taken":0.0},{"damage_healed":0.0,"max_hp_gain":0.0,"max_hp_loss":0.0,"gold_gain":0.0,"event_name":"SensoryStone","player_choice":"Memory 3","floor":37.0,"gold_loss":0.0,"damage_taken":10.0},{"damage_healed":0.0,"max_hp_gain":0.0,"max_hp_loss":0.0,"gold_gain":0.0,"event_name":"Mysterious Sphere","player_choice":"Fight","floor":45.0,"gold_loss":0.0,"damage_taken":0.0}],"is_beta":false,"boss_relics":[{"not_picked":["Eternal Feather","Black Star"],"picked":"Snecko Eye"},{"not_picked":["Coffee Dripper","Orrery"],"picked":"Pandora\u0027s Box"}],"items_purged_floors":[27,39,44],"is_endless":false,"potions_floor_spawned":[1,3,8,12,13,16,18,19,31,33,40,42,47],"ascension_level":1}