{"path_per_floor":["M","?","?","?","M","R","M","R","T","?","R","M","$","E","R"],"character_chosen":"IRONCLAD","items_purchased":["Shrug It Off","Anger","Pummel"],"gold_per_floor":[216,216,216,216,234,234,258,258,258,258,258,282,24,59,59,59],"floor_reached":16,"campfire_rested":1,"playtime":434,"item_purchase_floors":[13,13,13],"current_hp_per_floor":[70,68,68,68,59,59,59,59,59,39,39,30,30,10,30,0],"items_purged":["Strike_R"],"gold":59,"score":172,"play_id":"b06bdd62-3576-4a0f-b274-2f0be91d1de0","local_time":"20180529014649","is_prod":false,"is_daily":false,"chose_seed":false,"is_ascension_mode":true,"campfire_upgraded":3,"win_rate":0,"timestamp":1527580009,"campfire_choices":[{"data":"Flame Barrier","floor":6,"key":"SMITH"},{"data":"Iron Wave","floor":8,"key":"SMITH"},{"data":"Bash","floor":11,"key":"SMITH"},{"floor":15,"key":"REST"}],"path_taken":["M","?","?","?","?","R","M","R","T","?","R","?","$","E","R","BOSS"],"build_version":"2018-05-27","seed_source_timestamp":384861420851532,"purchased_purges":1,"victory":false,"master_deck":["Strike_R","Strike_R","Strike_R","Defend_R","Defend_R","Defend_R","Defend_R","Bash+1","AscendersBane","Shrug It Off+1","Bash+1","Flame Barrier+1","Iron Wave+1","Headbutt","Shrug It Off","Anger","Pummel","True Grit"],"max_hp_per_floor":[75,68,68,68,68,68,68,68,68,68,68,68,68,68,68,68],"relics":["Burning Blood","Golden Idol","Centennial Puzzle","Prayer Wheel"],"card_choices":[{"not_picked":["Thunderclap","Warcry"],"picked":"Shrug It Off","floor":1},{"not_picked":["Clash","Heavy Blade"],"picked":"Flame Barrier","floor":5},{"not_picked":["Flex","Clothesline"],"picked":"Iron Wave","floor":7},{"not_picked":["Power Through","Armaments"],"picked":"Headbutt","floor":12},{"not_picked":["Power Through","Wild Strike"],"picked":"True Grit","floor":14}],"player_experience":629417,"potions_floor_usage":[12],"damage_taken":[{"damage":4,"enemies":"2 Louse","floor":1,"turns":4},{"damage":15,"enemies":"Small Slimes","floor":5,"turns":5},{"damage":6,"enemies":"Cultist","floor":7,"turns":4},{"damage":15,"enemies":"3 Louse","floor":12,"turns":3},{"damage":26,"enemies":"Gremlin Nob","floor":14,"turns":5},{"damage":38,"enemies":"Slime Boss","floor":16,"turns":3}],"relics_obtained":[{"floor":9,"key":"Centennial Puzzle"},{"floor":14,"key":"Prayer Wheel"}],"event_choices":[{"event_name":"Golden Idol","player_choice":"Lose Max HP","floor":2,"damage_taken":0},{"event_name":"Bonfire Elementals","player_choice":"BASIC","floor":3,"damage_taken":0},{"event_name":"Match and Keep!","player_choice":"1 cards matched","floor":4,"damage_taken":0},{"event_name":"Shining Light","player_choice":"Entered Light","floor":10,"damage_taken":0}],"boss_relics":[],"items_purged_floors":[13],"potions_floor_spawned":[5],"seed_played":"-335281042531764035","killed_by":"Slime Boss","ascension_level":15,"potions_obtained":[{"floor":5,"key":"LiquidBronze"}],"is_trial":false}