{"gold_per_floor":[114,129,146,163,113,113,124,124,124,124,150,169,169,188,188,283,283,303,322,322,341,153,153,186,186,209,226,226],"floor_reached":28,"playtime":2306,"items_purged":["Defend_G"],"score":267,"play_id":"2f496fcf-98c2-46e0-8b43-9cf742800b3b","local_time":"20190124194917","is_ascension_mode":false,"campfire_choices":[{"data":"Infinite Blades","floor":6,"key":"SMITH"},{"data":"Choke","floor":8,"key":"SMITH"},{"data":"Well Laid Plans","floor":13,"key":"SMITH"},{"data":"A Thousand Cuts","floor":15,"key":"SMITH"},{"data":"Night Terror","floor":23,"key":"SMITH"},{"data":"1","floor":25,"key":"LIFT"}],"neow_cost":"TEN_PERCENT_HP_LOSS","seed_source_timestamp":104986475543004,"circlet_count":0,"master_deck":["Defend_G","Defend_G","Defend_G","Defend_G","Strike_G","Survivor","Neutralize","A Thousand Cuts+1","PiercingWail","Sucker Punch","All Out Attack","Infinite Blades+1","Choke+1","Well Laid Plans+1","Slice","Deflect","Night Terror+1","Outmaneuver","Prepared+1","PiercingWail","Infinite Blades","Endless Agony","Slice+1","All Out Attack"],"relics":["Ring of the Snake","Ice Cream","Unceasing Top","Empty Cage","Girya","Potion Belt"],"potions_floor_usage":[7,12,19,21,21,24],"damage_taken":[{"damage":3,"enemies":"Jaw Worm","floor":1,"turns":4},{"damage":0,"enemies":"Small Slimes","floor":2,"turns":3},{"damage":9,"enemies":"Cultist","floor":3,"turns":4},{"damage":5,"enemies":"Exordium Wildlife","floor":4,"turns":7},{"damage":14,"enemies":"Gremlin Gang","floor":7,"turns":3},{"damage":10,"enemies":"Lagavulin","floor":11,"turns":6},{"damage":0,"enemies":"Blue Slaver","floor":12,"turns":2},{"damage":0,"enemies":"Exordium Thugs","floor":14,"turns":3},{"damage":1,"enemies":"Hexaghost","floor":16,"turns":9},{"damage":4,"enemies":"Chosen","floor":18,"turns":6},{"damage":7,"enemies":"Shell Parasite","floor":19,"turns":5},{"damage":12,"enemies":"Centurion and Healer","floor":21,"turns":6},{"damage":0,"enemies":"Gremlin Leader","floor":24,"turns":4},{"damage":27,"enemies":"Snake Plant","floor":27,"turns":5},{"damage":14,"enemies":"Book of Stabbing","floor":28,"turns":2}],"seed_played":"3675611622287608471","potions_obtained":[{"floor":4,"key":"SkillPotion"},{"floor":11,"key":"Energy Potion"},{"floor":14,"key":"Explosive Potion"},{"floor":18,"key":"Weak Potion"},{"floor":20,"key":"Energy Potion"},{"floor":20,"key":"SkillPotion"},{"floor":24,"key":"Ancient Potion"}],"is_trial":false,"path_per_floor":["M","M","M","M","?","R","M","R","T","?","E","M","R","M","R","B",null,"M","M","?","M","$","R","E","R","T","M","E"],"character_chosen":"THE_SILENT","items_purchased":["Infinite Blades","Endless Agony"],"campfire_rested":0,"item_purchase_floors":[22,22],"current_hp_per_floor":[60,60,51,46,46,46,32,32,32,32,22,22,22,22,22,21,63,59,52,52,40,40,40,40,40,40,13,0],"gold":226,"neow_bonus":"THREE_RARE_CARDS","is_prod":false,"is_daily":false,"chose_seed":false,"campfire_upgraded":5,"win_rate":0.0,"timestamp":1548355757,"path_taken":["M","M","M","M","?","R","M","R","T","?","E","M","R","?","R","BOSS","M","M","?","?","$","R","E","R","T","M","E"],"build_version":"2019-01-23","purchased_purges":1,"victory":false,"max_hp_per_floor":[63,63,63,63,63,63,63,63,63,63,63,63,63,63,63,63,63,63,63,63,63,63,63,63,63,63,63,63],"card_choices":[{"not_picked":["Tools of the Trade","Doppelganger"],"picked":"A Thousand Cuts","floor":0},{"not_picked":["Bane","Escape Plan"],"picked":"PiercingWail","floor":1},{"not_picked":["Expertise","Skewer"],"picked":"Sucker Punch","floor":2},{"not_picked":["Finisher","Reflex"],"picked":"All Out Attack","floor":3},{"not_picked":["Poisoned Stab","Sucker Punch"],"picked":"Infinite Blades","floor":4},{"not_picked":["Backflip","Crippling Poison"],"picked":"Choke","floor":7},{"not_picked":["Underhanded Strike","Masterful Stab"],"picked":"Well Laid Plans","floor":11},{"not_picked":["Die Die Die","Backflip"],"picked":"Slice","floor":12},{"not_picked":["Quick Slash","Dagger Spray"],"picked":"Deflect","floor":14},{"not_picked":["Burst","Tools of the Trade"],"picked":"Night Terror","floor":16},{"not_picked":["Dodge and Roll","Flying Knee"],"picked":"Outmaneuver","floor":18},{"not_picked":["Backflip","Outmaneuver"],"picked":"Prepared+1","floor":19},{"not_picked":["Backflip","Poisoned Stab"],"picked":"PiercingWail","floor":21},{"not_picked":["Escape Plan+1","Acrobatics"],"picked":"Slice+1","floor":24},{"not_picked":["Deadly Poison","Riddle With Holes"],"picked":"All Out Attack","floor":27}],"player_experience":43756,"relics_obtained":[{"floor":9,"key":"Ice Cream"},{"floor":11,"key":"Unceasing Top"},{"floor":24,"key":"Girya"},{"floor":26,"key":"Potion Belt"}],"event_choices":[{"cards_removed":["Strike_G"],"damage_healed":0,"gold_gain":0,"player_choice":"Card Removal","damage_taken":0,"max_hp_gain":0,"max_hp_loss":0,"event_name":"The Cleric","floor":5,"gold_loss":50},{"cards_removed":["Strike_G"],"damage_healed":0,"gold_gain":0,"player_choice":"Purged","damage_taken":0,"max_hp_gain":0,"max_hp_loss":0,"event_name":"Purifier","floor":10,"gold_loss":0},{"damage_healed":0,"gold_gain":0,"player_choice":"Got Potions","damage_taken":0,"max_hp_gain":0,"max_hp_loss":0,"event_name":"Lab","floor":20,"gold_loss":0}],"is_beta":false,"boss_relics":[{"not_picked":["Fusion Hammer","Eternal Feather"],"picked":"Empty Cage"}],"items_purged_floors":[22],"is_endless":false,"potions_floor_spawned":[4,11,14,18,24],"killed_by":"Book of Stabbing","ascension_level":0}