{"gold_per_floor":[116,128,148,148,148,148,183,201,274,293,35,35,64,79,79,154,154,154,154,154,154,154,154,154,154,154,154,154,154,154,154,154,154,154,154,15,15,15,15,15,15,15,15,15,15,15,15,15,15,15],"floor_reached":51,"playtime":2569,"items_purged":["Strike_B","Strike_B"],"score":1438,"play_id":"311ff3a6-40f5-4398-9a8c-573efafef81a","local_time":"20180918155104","is_ascension_mode":true,"campfire_choices":[{"data":"Hologram","floor":6,"key":"SMITH"},{"data":"Defragment","floor":12,"key":"SMITH"},{"data":"Capacitor","floor":15,"key":"SMITH"},{"data":"Cold Snap","floor":23,"key":"SMITH"},{"data":"Ball Lightning","floor":25,"key":"SMITH"},{"floor":27,"key":"REST"},{"data":"Cold Snap","floor":29,"key":"SMITH"},{"data":"Dualcast","floor":32,"key":"SMITH"},{"data":"Defragment","floor":40,"key":"SMITH"},{"data":"Ball Lightning","floor":44,"key":"SMITH"},{"data":"Electrodynamics","floor":46,"key":"SMITH"},{"data":"Biased Cognition","floor":49,"key":"SMITH"}],"neow_cost":"NONE","seed_source_timestamp":504228162241984,"circlet_count":0,"master_deck":["Defend_B","Defend_B","Defend_B","Defend_B","Zap+1","Dualcast+1","AscendersBane","Compile Driver","Ball Lightning+1","Hologram+1","Compile Driver","Capacitor+1","Steam+1","Defragment+1","Conserve Battery+1","Ball Lightning+1","Chill+1","Reboot+1","Leap+1","Cold Snap+1","Cold Snap+1","Conserve Battery+1","Auto Shields+1","Electrodynamics+1","Reinforced Body+1","Hologram+1","Tempest+1","Defragment+1","Conserve Battery+1","Ball Lightning+1","BootSequence+1","Consume+1","Biased Cognition+1"],"relics":["Cracked Core","Nunchaku","Toxic Egg 2","Juzu Bracelet","Ectoplasm","GremlinMask","Anchor","Symbiotic Virus","Du-Vu Doll","Pantograph","Orrery","Gambling Chip","Omamori","FossilizedHelix","Emotion Chip"],"potions_floor_usage":[10,16,16,18,31,33,33,37,48,50,50,50],"damage_taken":[{"damage":0,"enemies":"Small Slimes","floor":1,"turns":2},{"damage":3,"enemies":"Jaw Worm","floor":2,"turns":4},{"damage":0,"enemies":"2 Louse","floor":3,"turns":2},{"damage":16,"enemies":"Gremlin Nob","floor":7,"turns":3},{"damage":0,"enemies":"2 Fungi Beasts","floor":8,"turns":3},{"damage":8,"enemies":"Large Slime","floor":10,"turns":2},{"damage":10,"enemies":"3 Sentries","floor":13,"turns":4},{"damage":8,"enemies":"Blue Slaver","floor":14,"turns":3},{"damage":0,"enemies":"The Guardian","floor":16,"turns":8},{"damage":0,"enemies":"3 Byrds","floor":18,"turns":3},{"damage":25,"enemies":"Gremlin Leader","floor":24,"turns":6},{"damage":15,"enemies":"Book of Stabbing","floor":28,"turns":5},{"damage":0,"enemies":"Chosen","floor":30,"turns":4},{"damage":2,"enemies":"Snake Plant","floor":31,"turns":3},{"damage":11,"enemies":"Collector","floor":33,"turns":10},{"damage":0,"enemies":"3 Shapes","floor":35,"turns":4},{"damage":0,"enemies":"Mysterious Sphere","floor":37,"turns":3},{"damage":0,"enemies":"3 Darklings","floor":39,"turns":4},{"damage":0,"enemies":"Sphere and 2 Shapes","floor":42,"turns":2},{"damage":0,"enemies":"Mind Bloom Boss Battle","floor":45,"turns":6},{"damage":15,"enemies":"Nemesis","floor":47,"turns":7},{"damage":0,"enemies":"Spire Growth","floor":48,"turns":5},{"damage":0,"enemies":"Donu and Deca","floor":50,"turns":7}],"seed_played":"3662729165385182240","potions_obtained":[{"floor":3,"key":"LiquidBronze"},{"floor":7,"key":"FearPotion"},{"floor":10,"key":"Poison Potion"},{"floor":14,"key":"Regen Potion"},{"floor":16,"key":"LiquidBronze"},{"floor":24,"key":"FocusPotion"},{"floor":28,"key":"LiquidBronze"},{"floor":31,"key":"FearPotion"},{"floor":33,"key":"Weak Potion"},{"floor":37,"key":"Ancient Potion"},{"floor":39,"key":"AttackPotion"},{"floor":45,"key":"GamblersBrew"},{"floor":48,"key":"EntropicBrew"}],"is_trial":false,"path_per_floor":["M","M","M","?","?","R","E","M","T","M","$","R","E","M","R","B",null,"M","?","?","?","?","R","E","R","T","R","E","R","M","M","R","B",null,"M","$","?","?","M","R","?","M","T","R","?","R","E","M","R","B"],"character_chosen":"DEFECT","items_purchased":["Defragment","Conserve Battery+1","Ball Lightning","Defragment"],"campfire_rested":1,"item_purchase_floors":[11,11,11,36],"current_hp_per_floor":[64,61,61,40,63,63,47,47,47,39,39,39,29,21,21,36,62,62,62,62,62,62,62,37,37,37,58,43,43,43,41,41,55,67,67,67,67,67,67,67,67,67,67,67,71,71,56,56,56,71],"gold":15,"neow_bonus":"REMOVE_CARD","is_prod":false,"is_daily":false,"chose_seed":false,"campfire_upgraded":11,"win_rate":0,"timestamp":1537307464,"path_taken":["M","M","M","?","?","R","E","M","T","M","$","R","E","M","R","BOSS","M","?","?","?","?","R","E","R","T","R","E","R","M","M","R","BOSS","M","$","?","?","M","R","?","M","T","R","?","R","E","M","R","BOSS"],"build_version":"2018-09-18","purchased_purges":2,"victory":true,"max_hp_per_floor":[71,71,71,71,71,71,71,71,71,71,71,71,71,71,71,71,71,71,71,71,71,71,71,71,71,71,71,71,71,71,71,71,71,71,71,71,71,71,71,71,71,71,71,71,71,71,71,71,71,71],"card_choices":[{"not_picked":["Turbo","Static Discharge"],"picked":"Compile Driver","floor":1},{"not_picked":["Conserve Battery","Streamline"],"picked":"Ball Lightning","floor":2},{"not_picked":["Go for the Eyes","Genetic Algorithm"],"picked":"Hologram","floor":3},{"not_picked":["Sweeping Beam","Static Discharge"],"picked":"Compile Driver","floor":7},{"not_picked":["White Noise","Melter"],"picked":"Capacitor","floor":8},{"not_picked":["Tempest+1","Hologram+1"],"picked":"Steam+1","floor":10},{"not_picked":["Force Field+1","Hello World","Compile Driver"],"picked":"SKIP","floor":13},{"not_picked":["Turbo+1","Amplify+1"],"picked":"Chill+1","floor":14},{"not_picked":["Core Surge","Hyperbeam"],"picked":"Reboot+1","floor":16},{"not_picked":["Streamline+1","Hologram+1"],"picked":"Leap+1","floor":18},{"not_picked":["Conserve Battery+1","Leap+1"],"picked":"Cold Snap","floor":24},{"not_picked":["Stack+1","Hello World"],"picked":"Conserve Battery+1","floor":28},{"not_picked":["Chill+1","Gash"],"picked":"Auto Shields+1","floor":30},{"not_picked":["Stack+1","Lockon+1","Streamline"],"picked":"SKIP","floor":31},{"not_picked":["Amplify+1","Multi-Cast+1"],"picked":"Electrodynamics","floor":33},{"not_picked":["Hologram+1","Force Field+1"],"picked":"Reinforced Body+1","floor":34},{"not_picked":["Heatsinks","Steam+1"],"picked":"Hologram+1","floor":34},{"not_picked":["Beam Cell","Heatsinks"],"picked":"Tempest+1","floor":34},{"not_picked":["Streamline","Genetic Algorithm+1","Sweeping Beam"],"picked":"SKIP","floor":35},{"not_picked":["Barrage+1","Compile Driver"],"picked":"Conserve Battery+1","floor":39},{"not_picked":["Force Field+1","Streamline"],"picked":"Ball Lightning","floor":42},{"not_picked":["Lockon","Steam Power+1"],"picked":"BootSequence+1","floor":45},{"not_picked":["Leap+1","Barrage"],"picked":"Consume+1","floor":47},{"not_picked":["Rip and Tear","Steam Power+1"],"picked":"Biased Cognition","floor":48}],"player_experience":1021501,"relics_obtained":[{"floor":7,"key":"Nunchaku"},{"floor":9,"key":"Toxic Egg 2"},{"floor":13,"key":"Juzu Bracelet"},{"floor":22,"key":"Anchor"},{"floor":24,"key":"Symbiotic Virus"},{"floor":26,"key":"Du-Vu Doll"},{"floor":28,"key":"Pantograph"},{"floor":37,"key":"Gambling Chip"},{"floor":43,"key":"Omamori"},{"floor":45,"key":"FossilizedHelix"},{"floor":47,"key":"Emotion Chip"}],"event_choices":[{"event_name":"Shining Light","player_choice":"Entered Light","floor":4,"damage_taken":0},{"event_name":"Big Fish","player_choice":"Banana","floor":5,"damage_taken":0},{"event_name":"The Library","player_choice":"Read","floor":19,"damage_taken":0},{"event_name":"Nest","player_choice":"Stole From Cult","floor":20,"damage_taken":0},{"event_name":"FaceTrader","player_choice":"Trade","floor":21,"damage_taken":0},{"event_name":"Wheel of Change","player_choice":"Relic","floor":22,"damage_taken":0},{"event_name":"Mysterious Sphere","player_choice":"Fight","floor":37,"damage_taken":0},{"event_name":"SensoryStone","player_choice":"Memory 1","floor":38,"damage_taken":0},{"event_name":"Purifier","player_choice":"One Purge","floor":41,"damage_taken":0},{"event_name":"MindBloom","player_choice":"Fight","floor":45,"damage_taken":0}],"is_beta":true,"boss_relics":[{"not_picked":["Pandora\u0027s Box","Inserter"],"picked":"Ectoplasm"},{"not_picked":["Velvet Choker","Snecko Eye"],"picked":"Orrery"}],"items_purged_floors":[11,36],"is_endless":false,"potions_floor_spawned":[3,7,8,10,14,16,24,28,31,33,37,39,45,48],"ascension_level":16}