{"gold_per_floor":[117,136,136,147,167,167,195,195,195,195,34,34,65,84,84,157,157,175,27,27,27,41,41,56,74,128,163,163,183,183,195,195,266,266,281,33,33,45,57,57,92,92,92,102,102,102],"floor_reached":46,"playtime":1903,"items_purged":["Strike_B","Strike_B+1"],"score":928,"play_id":"859813af-5f76-4231-b0ee-a02639134727","local_time":"20180726114339","is_ascension_mode":true,"campfire_choices":[{"data":"Loop","floor":6,"key":"SMITH"},{"data":"Dualcast","floor":8,"key":"SMITH"},{"data":"Conserve Battery","floor":12,"key":"SMITH"},{"floor":15,"key":"REST"},{"data":"Defragment","floor":23,"key":"SMITH"},{"data":"Go for the Eyes","floor":30,"key":"SMITH"},{"data":"Capacitor","floor":32,"key":"SMITH"},{"floor":40,"key":"REST"},{"floor":45,"key":"REST"}],"neow_cost":"NONE","seed_source_timestamp":92231906481541,"circlet_count":0,"master_deck":["Strike_B+1","Defend_B","Defend_B","Defend_B","Defend_B","Zap+1","Dualcast+1","AscendersBane","Cold Snap","Leap","Self Repair","Loop+1","Electrodynamics","Capacitor+1","Conserve Battery+1","Ball Lightning","Reinforced Body","Echo Form","Go for the Eyes+1","Defragment+1","Glacier","Static Discharge+1","Ball Lightning","Ball Lightning","Echo Form","Creative AI","Madness","Madness"],"relics":["Cracked Core","Potion Belt","Boot","Gambling Chip","Matryoshka","Busted Crown","Ancient Tea Set","Turnip","Bag of Marbles","Tiny Chest","Prayer Wheel","Runic Dome","Anchor","Blood Vial","Unceasing Top"],"potions_floor_usage":[2,16,22,24,27,29,33,38,46],"damage_taken":[{"damage":0,"enemies":"Small Slimes","floor":1,"turns":3},{"damage":1,"enemies":"2 Louse","floor":2,"turns":2},{"damage":0,"enemies":"Cultist","floor":4,"turns":3},{"damage":0,"enemies":"Exordium Wildlife","floor":5,"turns":3},{"damage":14,"enemies":"Lagavulin","floor":7,"turns":7},{"damage":30,"enemies":"Gremlin Nob","floor":13,"turns":5},{"damage":0,"enemies":"Exordium Thugs","floor":14,"turns":3},{"damage":0,"enemies":"The Guardian","floor":16,"turns":11},{"damage":5,"enemies":"Chosen","floor":18,"turns":5},{"damage":17,"enemies":"2 Thieves","floor":22,"turns":5},{"damage":1,"enemies":"Cultist and Chosen","floor":24,"turns":8},{"damage":31,"enemies":"Slaver and Parasite","floor":25,"turns":5},{"damage":20,"enemies":"Slavers","floor":27,"turns":3},{"damage":18,"enemies":"Centurion and Healer","floor":29,"turns":5},{"damage":0,"enemies":"3 Cultists","floor":31,"turns":2},{"damage":7,"enemies":"Automaton","floor":33,"turns":6},{"damage":4,"enemies":"3 Shapes","floor":35,"turns":7},{"damage":30,"enemies":"3 Darklings","floor":38,"turns":3},{"damage":14,"enemies":"Flame Bruiser 2 Orb","floor":39,"turns":6},{"damage":35,"enemies":"2 Orb Walkers","floor":41,"turns":4},{"damage":4,"enemies":"Maw","floor":44,"turns":8},{"damage":69,"enemies":"4 Shapes","floor":46,"turns":3}],"seed_played":"9222455264294633282","potions_obtained":[{"floor":1,"key":"AttackPotion"},{"floor":13,"key":"AttackPotion"},{"floor":14,"key":"Fire Potion"},{"floor":16,"key":"Regen Potion"},{"floor":18,"key":"Regen Potion"},{"floor":25,"key":"Regen Potion"},{"floor":29,"key":"Block Potion"},{"floor":35,"key":"Fire Potion"},{"floor":41,"key":"Energy Potion"}],"is_trial":false,"path_per_floor":["M","M","?","M","M","R","E","R","T","T","$","R","E","M","R","B",null,"M","$","?","T","M","R","M","M","T","E","?","M","R","M","R","B",null,"M","$","?","M","M","R","E","?","T","M","R"],"character_chosen":"DEFECT","items_purchased":["Capacitor","Conserve Battery","Defragment","Glacier","Anchor"],"campfire_rested":3,"item_purchase_floors":[11,11,19,19,36],"current_hp_per_floor":[64,63,42,42,49,49,42,42,42,42,42,42,19,19,40,47,65,60,60,60,60,50,50,71,40,40,39,39,44,44,44,44,37,63,59,59,46,30,23,44,9,9,9,21,42,0],"gold":102,"neow_bonus":"UPGRADE_CARD","is_prod":false,"is_daily":false,"chose_seed":false,"campfire_upgraded":6,"win_rate":0,"timestamp":1532627019,"path_taken":["M","M","?","?","M","R","E","R","T","?","?","R","E","M","R","BOSS","M","$","?","?","M","R","M","M","T","E","?","M","R","?","R","BOSS","M","$","?","M","M","R","E","?","T","?","R","M"],"build_version":"2018-07-25","purchased_purges":2,"victory":false,"max_hp_per_floor":[71,71,71,71,71,71,71,71,71,71,71,71,71,71,71,71,71,71,71,71,71,71,71,71,71,71,71,71,71,71,71,71,71,71,71,71,71,71,71,71,71,71,71,71,71,71],"card_choices":[{"not_picked":["Go for the Eyes","Steam"],"picked":"Cold Snap","floor":1},{"not_picked":["Heatsinks","Streamline"],"picked":"Leap","floor":2},{"not_picked":["Streamline","Beam Cell"],"picked":"Self Repair","floor":4},{"not_picked":["Barrage","Sweeping Beam"],"picked":"Loop","floor":5},{"not_picked":["Glacier","Streamline"],"picked":"Electrodynamics","floor":7},{"not_picked":["Leap","Skim"],"picked":"Ball Lightning","floor":13},{"not_picked":["Loop","Coolheaded"],"picked":"Reinforced Body","floor":14},{"not_picked":["Rainbow","Fission"],"picked":"Echo Form","floor":16},{"not_picked":[],"picked":"Go for the Eyes","floor":18},{"not_picked":[],"picked":"Static Discharge+1","floor":22},{"not_picked":[],"picked":"Ball Lightning","floor":24},{"not_picked":["Beam Cell"],"picked":"SKIP","floor":25},{"not_picked":[],"picked":"Ball Lightning","floor":27},{"not_picked":["Beam Cell"],"picked":"SKIP","floor":29},{"not_picked":["Barrage"],"picked":"SKIP","floor":29},{"not_picked":["Gash"],"picked":"SKIP","floor":31},{"not_picked":["Aggregate"],"picked":"SKIP","floor":31},{"not_picked":[],"picked":"Creative AI","floor":33},{"not_picked":["Rebound+1"],"picked":"SKIP","floor":35},{"not_picked":["Stack"],"picked":"SKIP","floor":35},{"not_picked":["Scrape"],"picked":"SKIP","floor":38},{"not_picked":["Beam Cell"],"picked":"SKIP","floor":38},{"not_picked":["Sweeping Beam"],"picked":"SKIP","floor":39},{"not_picked":["Streamline"],"picked":"SKIP","floor":39},{"not_picked":["Barrage"],"picked":"SKIP","floor":41},{"not_picked":["Barrage+1"],"picked":"SKIP","floor":44},{"not_picked":["Cold Snap"],"picked":"SKIP","floor":44}],"player_experience":836165,"relics_obtained":[{"floor":7,"key":"Potion Belt"},{"floor":9,"key":"Boot"},{"floor":10,"key":"Gambling Chip"},{"floor":13,"key":"Matryoshka"},{"floor":21,"key":"Ancient Tea Set"},{"floor":21,"key":"Turnip"},{"floor":26,"key":"Bag of Marbles"},{"floor":26,"key":"Tiny Chest"},{"floor":27,"key":"Prayer Wheel"},{"floor":41,"key":"Blood Vial"},{"floor":43,"key":"Unceasing Top"}],"event_choices":[{"event_name":"Shining Light","player_choice":"Entered Light","floor":3,"damage_taken":0},{"event_name":"Vampires","player_choice":"Ignored","floor":20,"damage_taken":0},{"event_name":"Transmorgrifier","player_choice":"Transform","floor":28,"damage_taken":0},{"event_name":"Winding Halls","player_choice":"Embrace Madness","floor":37,"damage_taken":0},{"event_name":"Mysterious Sphere","player_choice":"Ignore","floor":42,"damage_taken":0}],"is_beta":true,"boss_relics":[{"not_picked":["Fusion Hammer","Empty Cage"],"picked":"Busted Crown"},{"not_picked":["Tiny House","Eternal Feather"],"picked":"Runic Dome"}],"items_purged_floors":[11,36],"is_endless":false,"potions_floor_spawned":[1,13,14,16,18,25,29,35,41],"killed_by":"4 Shapes","ascension_level":15}