{"gold_per_floor":[118,118,135,19,19,19,58,81,81,94,94,94,138,151,151,282,282,296,221,221,246,269,269,302,302,302,327,327,341,341,374,374,497,497,510,635,696,468,491,529,529,570,597,597,617,617,341,410,410,410],"floor_reached":51,"playtime":2242,"items_purged":["Strike_B","Defend_B","Defend_B"],"score":864,"play_id":"12148288-eb2a-4949-858f-672fabb5e7db","local_time":"20190215181452","is_ascension_mode":true,"campfire_choices":[{"data":"Defragment","floor":6.0,"key":"SMITH"},{"data":"Consume","floor":11.0,"key":"SMITH"},{"floor":15.0,"key":"REST"},{"data":"Biased Cognition","floor":23.0,"key":"SMITH"},{"data":"Hologram","floor":25.0,"key":"SMITH"},{"data":"Redo","floor":32.0,"key":"SMITH"},{"data":"Capacitor","floor":41,"key":"SMITH"},{"floor":44,"key":"RECALL"},{"floor":49,"key":"REST"}],"neow_cost":"NONE","seed_source_timestamp":0,"circlet_count":0,"master_deck":["Defend_B","Zap+1","Dualcast","Ball Lightning","Auto Shields","Defragment+1","Consume+1","Hologram+1","Compile Driver","Reinforced Body","Cold Snap","Biased Cognition+1","Doom and Gloom+1","Darkness+1","Compile Driver","Leap","Redo+1","Seek","Hologram","Loop+1","Coolheaded","Capacitor+1","Cold Snap"],"special_seed":0,"relics":["Cracked Core","Golden Idol","Ginger","Symbiotic Virus","Anchor","Philosopher\u0027s Stone","Shuriken","Kunai","Art of War","Sozu","Mango","Girya","Bag of Preparation","PreservedInsect","Lantern","DataDisk","Frozen Egg 2"],"potions_floor_usage":[],"damage_taken":[{"damage":1.0,"enemies":"Jaw Worm","floor":1.0,"turns":2.0},{"damage":0.0,"enemies":"2 Louse","floor":3.0,"turns":2.0},{"damage":15.0,"enemies":"Lagavulin","floor":7.0,"turns":7.0},{"damage":0.0,"enemies":"Small Slimes","floor":8.0,"turns":2.0},{"damage":8.0,"enemies":"Red Slaver","floor":10.0,"turns":2.0},{"damage":10.0,"enemies":"Gremlin Nob","floor":13.0,"turns":3.0},{"damage":10.0,"enemies":"2 Fungi Beasts","floor":14.0,"turns":3.0},{"damage":12.0,"enemies":"Hexaghost","floor":16.0,"turns":10.0},{"damage":0.0,"enemies":"Spheric Guardian","floor":18.0,"turns":2.0},{"damage":0.0,"enemies":"Shell Parasite","floor":21.0,"turns":4.0},{"damage":2.0,"enemies":"Cultist and Chosen","floor":22.0,"turns":4.0},{"damage":11.0,"enemies":"Slavers","floor":24.0,"turns":3.0},{"damage":14.0,"enemies":"Snake Plant","floor":27.0,"turns":3.0},{"damage":8.0,"enemies":"Snecko","floor":29.0,"turns":5.0},{"damage":19.0,"enemies":"Book of Stabbing","floor":31.0,"turns":5.0},{"damage":6.0,"enemies":"Collector","floor":33.0,"turns":5.0},{"damage":14,"enemies":"3 Darklings","floor":35,"turns":3},{"damage":3,"enemies":"Mind Bloom Boss Battle","floor":36,"turns":6},{"damage":9,"enemies":"2 Orb Walkers","floor":37,"turns":4},{"damage":0,"enemies":"3 Shapes","floor":39,"turns":3},{"damage":0,"enemies":"Giant Head","floor":40,"turns":5},{"damage":22,"enemies":"Reptomancer","floor":42,"turns":6},{"damage":21,"enemies":"Jaw Worm Horde","floor":45,"turns":3},{"damage":16,"enemies":"Awakened One","floor":50,"turns":9}],"seed_played":"3809948435193793334","potions_obtained":[{"floor":3.0,"key":"Explosive Potion"},{"floor":7.0,"key":"GamblersBrew"},{"floor":13.0,"key":"Fire Potion"},{"floor":27.0,"key":"FocusPotion"}],"is_trial":false,"path_per_floor":["M","?","M","$","?","R","E","M","T","M","R","?","E","M","R","B",null,"M","?","?","M","M","R","E","R","T","M","?","M","?","E","R","B",null,"M","?","?","$","M","E","R","E","T","R","M","?","$","T","R","B",null],"character_chosen":"DEFECT","items_purchased":["Defragment","Coolheaded","Capacitor","DataDisk"],"campfire_rested":2,"item_purchase_floors":[4,38,38,47],"current_hp_per_floor":[74,74,74,74,56,56,41,41,41,33,33,33,23,13,35,23,75,75,75,75,75,73,73,62,62,62,48,73,65,65,46,46,40,75,61,72,63,63,63,63,63,41,41,41,20,20,20,20,46,30],"gold":410,"neow_bonus":"UPGRADE_CARD","is_prod":false,"is_daily":false,"chose_seed":false,"campfire_upgraded":6,"win_rate":0,"timestamp":1550279692,"path_taken":["M","?","M","$","?","R","E","M","T","M","R","?","E","?","R","BOSS","M","?","?","M","M","R","E","R","T","?","?","M","?","E","R","BOSS","M","?","?","$","M","E","R","E","T","R","M","?","$","?","R","BOSS"],"build_version":"2019-02-06","purchased_purges":3,"victory":true,"max_hp_per_floor":[75,75,75,75,75,75,75,75,75,75,75,75,75,75,75,75,75,75,75,75,75,75,75,75,75,75,75,75,75,75,75,75,75,75,75,89,89,89,89,89,89,89,89,89,89,89,89,89,89,89],"card_choices":[{"not_picked":["Chaos","Blizzard"],"picked":"Ball Lightning","floor":1.0},{"not_picked":["Skim","Chill"],"picked":"Auto Shields","floor":3.0},{"not_picked":["Compile Driver","Go for the Eyes"],"picked":"Consume","floor":7.0},{"not_picked":["Gash","Sweeping Beam"],"picked":"Hologram","floor":8.0},{"not_picked":["Reprogram","Barrage"],"picked":"Compile Driver","floor":10.0},{"not_picked":["Turbo","Gash"],"picked":"Reinforced Body","floor":13.0},{"not_picked":["Conserve Battery","Skim"],"picked":"Cold Snap","floor":14.0},{"not_picked":["Thunder Strike","Machine Learning"],"picked":"Biased Cognition","floor":16.0},{"not_picked":["Genetic Algorithm+1","Sweeping Beam+1"],"picked":"Doom and Gloom+1","floor":18.0},{"not_picked":["Skim","Go for the Eyes"],"picked":"Darkness+1","floor":21.0},{"not_picked":["Sweeping Beam","Steam Power"],"picked":"Compile Driver","floor":22.0},{"not_picked":["Recycle","Static Discharge","Storm"],"picked":"SKIP","floor":24.0},{"not_picked":["Streamline","Turbo"],"picked":"Leap","floor":27.0},{"not_picked":["Go for the Eyes","Turbo","Aggregate+1"],"picked":"SKIP","floor":29.0},{"not_picked":["White Noise","Barrage"],"picked":"Redo","floor":31.0},{"not_picked":["Rainbow","All For One"],"picked":"Seek","floor":33.0},{"not_picked":["Blizzard","Heatsinks"],"picked":"Hologram","floor":35},{"not_picked":["Streamline","Sweeping Beam"],"picked":"Loop+1","floor":37},{"not_picked":["Leap","Chill","Stack+1"],"picked":"SKIP","floor":39},{"not_picked":["Chill","Genetic Algorithm"],"picked":"Cold Snap","floor":40},{"not_picked":["Stack+1","Beam Cell","Steam"],"picked":"SKIP","floor":42},{"not_picked":["FTL","Creative AI","Beam Cell"],"picked":"SKIP","floor":45}],"player_experience":1311276,"relics_obtained":[{"floor":7.0,"key":"Ginger"},{"floor":9.0,"key":"Symbiotic Virus"},{"floor":13.0,"key":"Anchor"},{"floor":24.0,"key":"Shuriken"},{"floor":26.0,"key":"Kunai"},{"floor":31.0,"key":"Art of War"},{"floor":36,"key":"Mango"},{"floor":37,"key":"Girya"},{"floor":40,"key":"Bag of Preparation"},{"floor":42,"key":"PreservedInsect"},{"floor":43,"key":"Lantern"},{"floor":48,"key":"Frozen Egg 2"}],"event_choices":[{"cards_removed":["Strike_B"],"damage_healed":0.0,"max_hp_gain":0.0,"max_hp_loss":0.0,"gold_gain":0.0,"event_name":"Living Wall","player_choice":"Forget","floor":2.0,"gold_loss":0.0,"damage_taken":0.0},{"damage_healed":0.0,"max_hp_gain":0.0,"max_hp_loss":0.0,"gold_gain":0.0,"event_name":"Golden Idol","player_choice":"Take Damage","floor":5.0,"gold_loss":0.0,"damage_taken":18.0,"relics_obtained":["Golden Idol"]},{"cards_removed":["Strike_B"],"damage_healed":0.0,"max_hp_gain":0.0,"max_hp_loss":0.0,"gold_gain":0.0,"event_name":"Purifier","player_choice":"Purged","floor":12.0,"gold_loss":0.0,"damage_taken":0.0},{"cards_removed":["Strike_B"],"damage_healed":0.0,"max_hp_gain":0.0,"max_hp_loss":0.0,"gold_gain":0.0,"event_name":"Beggar","player_choice":"Gave Gold","floor":19.0,"gold_loss":75.0,"damage_taken":0.0},{"cards_removed":["Defend_B"],"damage_healed":0.0,"max_hp_gain":0.0,"max_hp_loss":0.0,"gold_gain":0.0,"event_name":"Wheel of Change","player_choice":"Card Removal","floor":20.0,"gold_loss":0.0,"damage_taken":0.0},{"damage_healed":25.0,"max_hp_gain":0.0,"max_hp_loss":0.0,"gold_gain":0.0,"event_name":"The Library","player_choice":"Heal","floor":28.0,"gold_loss":0.0,"damage_taken":0.0},{"damage_healed":0.0,"max_hp_gain":0.0,"max_hp_loss":0.0,"gold_gain":0.0,"event_name":"Vampires","player_choice":"Ignored","floor":30.0,"gold_loss":0.0,"damage_taken":0.0},{"damage_healed":0,"gold_gain":0,"player_choice":"Fight","damage_taken":0,"max_hp_gain":0,"max_hp_loss":0,"event_name":"MindBloom","floor":36,"gold_loss":0},{"damage_healed":0,"gold_gain":0,"player_choice":"Fight","damage_taken":0,"max_hp_gain":0,"max_hp_loss":0,"event_name":"Mysterious Sphere","floor":37,"gold_loss":0},{"damage_healed":0,"gold_gain":0,"player_choice":"Ignored","damage_taken":0,"max_hp_gain":0,"max_hp_loss":0,"event_name":"Tomb of Lord Red Mask","floor":46,"gold_loss":0}],"is_beta":true,"boss_relics":[{"not_picked":["Lizard Tail","Runic Pyramid"],"picked":"Philosopher\u0027s Stone"},{"not_picked":["Pandora\u0027s Box","Coffee Dripper"],"picked":"Sozu"}],"items_purged_floors":[4,38,47],"is_endless":false,"potions_floor_spawned":[3,7,13,18,27,37,39,40],"ascension_level":1}