{"gold_per_floor":[116,130,55,67,85,85,112,112,112,112,130,146,146],"floor_reached":13,"playtime":428,"items_purged":[],"score":174,"play_id":"752b9a2f-b23d-47fa-822b-9729f65fb184","local_time":"20190218205349","is_ascension_mode":true,"campfire_choices":[{"data":"Sunder","floor":6,"key":"SMITH"},{"data":"Sunder","floor":10,"key":"SMITH"}],"neow_cost":"NONE","seed_source_timestamp":437861905122300,"circlet_count":0,"master_deck":["AscendersBane","Strike_B","Strike_B","Strike_B","Defend_B","Defend_B","Defend_B","Defend_B","Zap","Dualcast","Hello World","Cold Snap","Sunder+1","Sunder+1","Ball Lightning","Gash","Hologram+1"],"relics":["Cracked Core","Ancient Tea Set","Toxic Egg 2"],"potions_floor_usage":[7,7],"damage_taken":[{"damage":12,"enemies":"Jaw Worm","floor":1,"turns":4},{"damage":5,"enemies":"Small Slimes","floor":2,"turns":4},{"damage":0,"enemies":"Cultist","floor":4,"turns":4},{"damage":15,"enemies":"Exordium Thugs","floor":5,"turns":5},{"damage":23,"enemies":"Lagavulin","floor":7,"turns":6},{"damage":0,"enemies":"2 Fungi Beasts","floor":11,"turns":2},{"damage":14,"enemies":"Red Slaver","floor":12,"turns":4},{"damage":13,"enemies":"Large Slime","floor":13,"turns":2}],"seed_played":"-4592597902744956066","potions_obtained":[{"floor":1,"key":"Weak Potion"},{"floor":5,"key":"Regen Potion"},{"floor":12,"key":"Ancient Potion"}],"is_trial":false,"path_per_floor":["M","M","?","M","M","R","E","?","T","R","M","M","M"],"character_chosen":"DEFECT","items_purchased":[],"campfire_rested":0,"item_purchase_floors":[],"current_hp_per_floor":[52,47,47,47,32,32,24,24,24,24,24,10,0],"gold":146,"neow_bonus":"TRANSFORM_CARD","is_prod":false,"is_daily":false,"chose_seed":false,"campfire_upgraded":2,"win_rate":0,"timestamp":1550548429,"path_taken":["M","M","?","M","M","R","E","?","T","R","M","M","M"],"build_version":"2019-02-06","purchased_purges":0,"victory":false,"max_hp_per_floor":[71,71,71,71,71,71,71,71,71,71,71,71,71],"card_choices":[{"not_picked":["Melter","Sweeping Beam"],"picked":"Hello World","floor":1},{"not_picked":["Streamline","Rebound"],"picked":"Cold Snap","floor":2},{"not_picked":["Hologram","Beam Cell"],"picked":"Sunder","floor":4},{"not_picked":["Coolheaded","Skim"],"picked":"Sunder","floor":5},{"not_picked":["Reprogram","Genetic Algorithm"],"picked":"Ball Lightning","floor":7},{"not_picked":["Genetic Algorithm+1","Chaos+1"],"picked":"Gash","floor":11},{"not_picked":["Coolheaded+1","Barrage"],"picked":"Hologram+1","floor":12}],"player_experience":1353276,"relics_obtained":[{"floor":7,"key":"Ancient Tea Set"},{"floor":9,"key":"Toxic Egg 2"}],"event_choices":[{"cards_removed":["Amplify"],"damage_healed":0,"gold_gain":0,"player_choice":"Card Removal","damage_taken":0,"max_hp_gain":0,"max_hp_loss":0,"event_name":"The Cleric","floor":3,"gold_loss":75},{"damage_healed":0,"gold_gain":0,"player_choice":"Ignored","damage_taken":0,"max_hp_gain":0,"max_hp_loss":0,"event_name":"Liars Game","floor":8,"gold_loss":0}],"is_beta":true,"boss_relics":[],"items_purged_floors":[],"is_endless":false,"potions_floor_spawned":[1,5,12],"killed_by":"Large Slime","ascension_level":20}