{"gold_per_floor":[115,115,129,144,144,144,163,163,189,149,149,49,199,230,230,230],"floor_reached":16,"playtime":626,"items_purged":["Power Through"],"score":186,"play_id":"299da0e0-f6d7-44c9-b81a-5d5a8a50f727","local_time":"20181202004709","is_ascension_mode":true,"campfire_choices":[{"data":"Uppercut","floor":6,"key":"SMITH"},{"data":"Flame Barrier","floor":8,"key":"SMITH"},{"data":"Twin Strike","floor":11,"key":"SMITH"},{"data":"True Grit","floor":15,"key":"SMITH"}],"neow_cost":"NONE","seed_source_timestamp":1578432066403980,"circlet_count":0,"master_deck":["AscendersBane","Strike_R","Strike_R","Strike_R","Strike_R","Defend_R","Defend_R","Defend_R","Defend_R","Bash","Uppercut+1","True Grit+1","Flame Barrier+1","Twin Strike+1","Metallicize","Armaments","Shrug It Off"],"relics":["Burning Blood","NeowsBlessing","Omamori","Art of War"],"potions_floor_usage":[7,16],"damage_taken":[{"damage":0,"enemies":"Cultist","floor":1,"turns":1},{"damage":0,"enemies":"Small Slimes","floor":3,"turns":1},{"damage":0,"enemies":"Jaw Worm","floor":4,"turns":1},{"damage":36,"enemies":"Large Slime","floor":7,"turns":13},{"damage":0,"enemies":"Looter","floor":10,"turns":4},{"damage":35,"enemies":"3 Sentries","floor":14,"turns":14},{"damage":25,"enemies":"Hexaghost","floor":16,"turns":16}],"seed_played":"-5203962198660532118","potions_obtained":[{"floor":1,"key":"Dexterity Potion"},{"floor":3,"key":"AttackPotion"}],"is_trial":false,"path_per_floor":["M","?","M","M","?","R","M","R","T","M","R","$","?","E","R","B"],"character_chosen":"IRONCLAD","items_purchased":["Armaments"],"campfire_rested":0,"item_purchase_floors":[12],"current_hp_per_floor":[74,74,75,75,75,75,45,45,45,51,51,51,51,22,22,0],"gold":230,"neow_bonus":"THREE_ENEMY_KILL","is_prod":false,"is_daily":false,"chose_seed":false,"campfire_upgraded":4,"win_rate":0,"timestamp":1543736829,"path_taken":["M","?","?","M","?","R","?","R","T","?","R","$","?","E","R","BOSS"],"build_version":"2018-11-15","purchased_purges":1,"victory":false,"max_hp_per_floor":[75,75,75,75,75,75,75,75,75,75,75,75,75,75,75,75],"card_choices":[{"not_picked":["True Grit","Battle Trance"],"picked":"Uppercut","floor":1},{"not_picked":["Rupture","Heavy Blade"],"picked":"True Grit","floor":3},{"not_picked":["Carnage","Rampage"],"picked":"Flame Barrier","floor":4},{"not_picked":["Headbutt","Body Slam"],"picked":"Twin Strike","floor":7},{"not_picked":["Body Slam","Warcry"],"picked":"Metallicize","floor":10},{"not_picked":["Wild Strike","Intimidate"],"picked":"Shrug It Off","floor":14}],"player_experience":1154158,"relics_obtained":[{"floor":9,"key":"Omamori"},{"floor":14,"key":"Art of War"}],"event_choices":[{"damage_healed":0,"gold_gain":0,"player_choice":"0 cards matched","damage_taken":0,"max_hp_gain":0,"max_hp_loss":0,"event_name":"Match and Keep!","floor":2,"gold_loss":0,"cards_obtained":[]},{"damage_healed":0,"gold_gain":0,"cards_transformed":["Strike_R"],"player_choice":"Transformed","damage_taken":0,"max_hp_gain":0,"max_hp_loss":0,"event_name":"Transmorgrifier","floor":5,"gold_loss":0,"cards_obtained":["Power Through"]},{"damage_healed":0,"gold_gain":150,"player_choice":"AGREE","damage_taken":0,"max_hp_gain":0,"max_hp_loss":0,"event_name":"Liars Game","floor":13,"gold_loss":0,"cards_obtained":["Doubt"]}],"is_beta":true,"boss_relics":[],"items_purged_floors":[12],"is_endless":false,"potions_floor_spawned":[1,3],"killed_by":"Hexaghost","ascension_level":18}