{"gold_per_floor":[110,128,145,155,105,105,105,105,132,144,126,157,169,198,210,324,336,362,394,406,437,449],"floor_reached":22,"playtime":1936,"items_purged":[],"score":178,"play_id":"7d2fe812-ad9d-44f5-9c2a-74eb63fb31b6","local_time":"20181013235459","is_ascension_mode":false,"campfire_choices":[{"data":"Flame Barrier","floor":6,"key":"SMITH"},{"data":"Shrug It Off","floor":8,"key":"SMITH"},{"data":"Body Slam","floor":15,"key":"SMITH"}],"neow_cost":"PERCENT_DAMAGE","seed_source_timestamp":31062347216905,"circlet_count":0,"master_deck":["Defend_R","Defend_R","Defend_R","Defend_R","Bash","Limit Break","Shrug It Off+1","Iron Wave","Flame Barrier+1","Iron Wave","Regret","Metallicize","Body Slam+1","Inflame","Feel No Pain+1","Double Tap+1","Iron Wave+1","Shrug It Off+1","Rage+1","Battle Trance+1"],"relics":["Burning Blood","MawBank","Omamori","Bag of Marbles","Astrolabe"],"potions_floor_usage":[16,22,22,22],"damage_taken":[{"damage":5,"enemies":"Small Slimes","floor":1,"turns":6},{"damage":12,"enemies":"Jaw Worm","floor":2,"turns":4},{"damage":1,"enemies":"2 Louse","floor":3,"turns":4},{"damage":6,"enemies":"2 Fungi Beasts","floor":4,"turns":4},{"damage":4,"enemies":"Looter","floor":11,"turns":4},{"damage":6,"enemies":"3 Louse","floor":12,"turns":5},{"damage":11,"enemies":"2 Fungi Beasts","floor":14,"turns":4},{"damage":20,"enemies":"Hexaghost","floor":16,"turns":11},{"damage":0,"enemies":"3 Byrds","floor":18,"turns":1},{"damage":15,"enemies":"Spheric Guardian","floor":19,"turns":8},{"damage":12,"enemies":"Centurion and Healer","floor":21,"turns":8},{"damage":2,"enemies":"Colosseum Slavers","floor":22,"turns":4},{"damage":72,"enemies":"Colosseum Nobs","floor":22,"turns":6}],"seed_played":"2794015621420598578","potions_obtained":[{"floor":2,"key":"SkillPotion"},{"floor":12,"key":"FearPotion"},{"floor":14,"key":"Strength Potion"},{"floor":16,"key":"Fire Potion"},{"floor":19,"key":"Regen Potion"}],"is_trial":false,"path_per_floor":["M","M","M","M","?","R","?","R","T","?","M","M","T","M","R","B",null,"M","M","?","M"],"character_chosen":"IRONCLAD","items_purchased":[],"campfire_rested":0,"item_purchase_floors":[],"current_hp_per_floor":[57,51,56,56,56,56,56,56,56,56,58,58,58,53,53,39,80,80,71,55,49,0],"gold":449,"neow_bonus":"THREE_RARE_CARDS","is_prod":false,"is_daily":false,"chose_seed":false,"campfire_upgraded":3,"win_rate":0,"timestamp":1539485699,"path_taken":["M","M","M","M","?","R","?","R","T","?","M","M","?","M","R","BOSS","M","M","?","M","?"],"build_version":"2018-10-11","purchased_purges":0,"victory":false,"max_hp_per_floor":[80,80,80,80,80,80,80,80,80,80,80,80,80,80,80,80,80,80,80,80,80,80],"card_choices":[{"not_picked":["Brutality","Dark Embrace"],"picked":"Limit Break","floor":0},{"not_picked":["Flame Barrier","Corruption"],"picked":"Shrug It Off","floor":1},{"not_picked":["Perfected Strike","Infernal Blade","Twin Strike"],"picked":"SKIP","floor":2},{"not_picked":["Perfected Strike","Infernal Blade","Twin Strike"],"picked":"SKIP","floor":2},{"not_picked":["Wild Strike","Uppercut"],"picked":"Iron Wave","floor":3},{"not_picked":["Clothesline","Sword Boomerang"],"picked":"Flame Barrier","floor":4},{"not_picked":["Brutality","True Grit"],"picked":"Metallicize","floor":11},{"not_picked":["Wild Strike","Pommel Strike"],"picked":"Body Slam","floor":12},{"not_picked":["Wild Strike","Heavy Blade"],"picked":"Inflame","floor":14},{"not_picked":["Flex","Combust+1"],"picked":"Shrug It Off+1","floor":18},{"not_picked":["Perfected Strike","Anger"],"picked":"Rage+1","floor":19},{"not_picked":["Thunderclap","Feel No Pain"],"picked":"Battle Trance+1","floor":21}],"player_experience":55447,"relics_obtained":[{"floor":9,"key":"MawBank"},{"floor":13,"key":"Bag of Marbles"}],"event_choices":[{"event_name":"The Cleric","player_choice":"Card Removal","floor":5,"damage_taken":0},{"event_name":"Living Wall","player_choice":"Change","floor":7,"damage_taken":0},{"event_name":"Big Fish","player_choice":"Box","floor":10,"damage_taken":0},{"event_name":"Cursed Tome","player_choice":"Obtained Book","floor":20,"damage_taken":0},{"event_name":"Colosseum","player_choice":"Fight","floor":22,"damage_taken":0},{"event_name":"Colosseum","player_choice":"Fought Nobs","floor":22,"damage_taken":0}],"is_beta":false,"boss_relics":[{"not_picked":["White Beast Statue","Calling Bell"],"picked":"Astrolabe"}],"items_purged_floors":[],"is_endless":false,"potions_floor_spawned":[2,12,14,16,19],"killed_by":"Colosseum Nobs","ascension_level":0}