{"gold_per_floor":[114,131,56,56,70,70,97,97,145,145,161,42,55,71,71,148,148,165,178,50,69,69,69,102,17,17,17,17,51,75,104,116,200,212,242,254,23,33,33,33,60,60,85,110,130,130,157,175,175,175,175,175,37,37],"floor_reached":54,"playtime":2712,"items_purged":["Strike_R","Strike_R"],"score":1431,"play_id":"00090054-183e-4863-a6dc-893ac34a6fbe","local_time":"20181204211538","is_ascension_mode":true,"campfire_choices":[{"data":"Uppercut","floor":6,"key":"SMITH"},{"data":"Flame Barrier","floor":8,"key":"SMITH"},{"data":"Spot Weakness","floor":15,"key":"SMITH"},{"data":"Limit Break","floor":23,"key":"SMITH"},{"data":"Feel No Pain","floor":27,"key":"SMITH"},{"data":"Disarm","floor":32,"key":"SMITH"},{"floor":40,"key":"RECALL"},{"data":"Disarm","floor":42,"key":"SMITH"},{"data":"Disarm","floor":49,"key":"SMITH"},{"data":"Flame Barrier","floor":52,"key":"SMITH"}],"neow_cost":"PERCENT_DAMAGE","seed_source_timestamp":1822734326000027,"circlet_count":0,"master_deck":["AscendersBane","Strike_R","Strike_R","Strike_R","Defend_R","Defend_R","Defend_R","Defend_R","Bash","Headbutt","Ghostly Armor","Flame Barrier+1","Uppercut+1","Feel No Pain+1","Pommel Strike","Pummel","Spot Weakness+1","Flame Barrier","Limit Break+1","Body Slam","Corruption","Battle Trance","Sword Boomerang","Disarm+1","Sword Boomerang","Offering","Whirlwind","Flame Barrier+1","Disarm+1","Injury","Shrug It Off","Disarm+1","Headbutt","Inflame","Shrug It Off"],"relics":["Burning Blood","Magic Flower","Red Skull","Gambling Chip","Ancient Tea Set","Philosopher\u0027s Stone","Darkstone Periapt","Torii","Ginger","MawBank","Cursed Key","Du-Vu Doll","Ice Cream","Boot"],"potions_floor_usage":[16,18,24,29,33,33,44,44,50,50],"damage_taken":[{"damage":11,"enemies":"Small Slimes","floor":1,"turns":4},{"damage":1,"enemies":"Cultist","floor":2,"turns":3},{"damage":7,"enemies":"Jaw Worm","floor":5,"turns":2},{"damage":8,"enemies":"Gremlin Nob","floor":7,"turns":3},{"damage":4,"enemies":"Red Slaver","floor":11,"turns":4},{"damage":0,"enemies":"Blue Slaver","floor":13,"turns":2},{"damage":9,"enemies":"Exordium Wildlife","floor":14,"turns":4},{"damage":4,"enemies":"The Guardian","floor":16,"turns":12},{"damage":12,"enemies":"2 Thieves","floor":18,"turns":3},{"damage":7,"enemies":"Spheric Guardian","floor":19,"turns":5},{"damage":8,"enemies":"Snecko","floor":21,"turns":5},{"damage":7,"enemies":"Book of Stabbing","floor":24,"turns":3},{"damage":17,"enemies":"Slavers","floor":29,"turns":4},{"damage":6,"enemies":"Shelled Parasite and Fungi","floor":30,"turns":4},{"damage":1,"enemies":"Snake Plant","floor":31,"turns":3},{"damage":15,"enemies":"Champ","floor":33,"turns":7},{"damage":11,"enemies":"3 Shapes","floor":35,"turns":6},{"damage":17,"enemies":"3 Darklings","floor":38,"turns":4},{"damage":42,"enemies":"Giant Head","floor":41,"turns":6},{"damage":17,"enemies":"Nemesis","floor":44,"turns":7},{"damage":0,"enemies":"Transient","floor":45,"turns":6},{"damage":25,"enemies":"Giant Head","floor":47,"turns":6},{"damage":12,"enemies":"Jaw Worm Horde","floor":48,"turns":2},{"damage":38,"enemies":"Awakened One","floor":50,"turns":8},{"damage":90,"enemies":"Shield and Spear","floor":54,"turns":3}],"seed_played":"5194256012555011041","potions_obtained":[{"floor":2,"key":"EssenceOfSteel"},{"floor":7,"key":"Poison Potion"},{"floor":14,"key":"Fire Potion"},{"floor":16,"key":"Ancient Potion"},{"floor":19,"key":"SteroidPotion"},{"floor":30,"key":"SneckoOil"},{"floor":31,"key":"Strength Potion"},{"floor":33,"key":"Dexterity Potion"},{"floor":41,"key":"BloodPotion"},{"floor":47,"key":"Dexterity Potion"},{"floor":48,"key":"BloodPotion"}],"is_trial":false,"path_per_floor":["M","M","$","?","M","R","E","R","T","?","M","$","M","M","R","B",null,"M","M","$","M","?","R","E","?","T","R","$","E","M","M","R","B",null,"M","?","$","M","?","R","E","R","T","E","M","?","E","M","R","B",null,"R","$","E"],"character_chosen":"IRONCLAD","items_purchased":["Flame Barrier","Pummel","Battle Trance","Sword Boomerang","Flame Barrier","Explosive Potion","Inflame","Shrug It Off"],"campfire_rested":0,"item_purchase_floors":[3,12,20,20,37,37,53,53],"current_hp_per_floor":[48,56,56,30,32,32,33,33,33,29,34,34,43,43,43,48,68,65,67,67,68,68,68,70,70,70,70,70,62,65,73,73,67,73,71,71,71,63,63,63,30,30,36,40,49,49,33,30,30,13,64,64,64,0],"gold":37,"neow_bonus":"ONE_RARE_RELIC","is_prod":false,"is_daily":false,"chose_seed":false,"campfire_upgraded":9,"win_rate":0,"timestamp":1543983338,"path_taken":["M","M","$","?","M","R","E","R","T","?","?","$","?","M","R","BOSS","M","M","$","M","?","R","E","?","T","R","?","E","?","M","R","BOSS","M","?","$","M","?","R","E","R","T","E","M","?","E","M","R","BOSS","R","$","E"],"build_version":"2018-12-4","purchased_purges":2,"victory":false,"max_hp_per_floor":[75,75,75,75,75,75,75,75,75,75,75,75,75,75,75,75,75,75,75,75,75,75,75,75,75,75,75,75,75,75,75,75,75,75,75,75,75,75,75,75,75,75,81,81,81,81,81,81,81,81,81,81,81,81],"card_choices":[{"not_picked":["Flex","Clash"],"picked":"Headbutt","floor":1},{"not_picked":["Armaments","Clash"],"picked":"Ghostly Armor","floor":2},{"not_picked":["Reckless Charge","Body Slam"],"picked":"Uppercut","floor":5},{"not_picked":["Combust","Fire Breathing"],"picked":"Feel No Pain","floor":7},{"not_picked":["Dual Wield","Headbutt"],"picked":"Pommel Strike","floor":11},{"not_picked":["Twin Strike","Headbutt"],"picked":"Spot Weakness","floor":13},{"not_picked":["Dropkick","Corruption"],"picked":"Flame Barrier","floor":14},{"not_picked":["Exhume","Dark Embrace"],"picked":"Limit Break","floor":16},{"not_picked":["Warcry","Armaments"],"picked":"Body Slam","floor":18},{"not_picked":["Warcry","Double Tap"],"picked":"Corruption","floor":19},{"not_picked":["Body Slam","Iron Wave"],"picked":"Disarm","floor":21},{"not_picked":["Cleave","Battle Trance"],"picked":"Sword Boomerang","floor":24},{"not_picked":["Rage","Perfected Strike","Power Through+1"],"picked":"SKIP","floor":29},{"not_picked":["True Grit","Rage","Clash"],"picked":"SKIP","floor":30},{"not_picked":["Heavy Blade","Power Through","Entrench"],"picked":"SKIP","floor":31},{"not_picked":["Fiend Fire","Dark Embrace"],"picked":"Offering","floor":33},{"not_picked":["Iron Wave","Cleave+1"],"picked":"Whirlwind","floor":35},{"not_picked":["Anger","Warcry"],"picked":"Flame Barrier","floor":38},{"not_picked":["Ghostly Armor+1","Sword Boomerang"],"picked":"Disarm","floor":41},{"not_picked":["Uppercut","Bloodletting+1","Body Slam"],"picked":"SKIP","floor":44},{"not_picked":["Pummel","Clash"],"picked":"Shrug It Off","floor":45},{"not_picked":["Juggernaut","Anger"],"picked":"Disarm","floor":47},{"not_picked":["Carnage","Intimidate"],"picked":"Headbutt","floor":48}],"player_experience":1168419,"relics_obtained":[{"floor":7,"key":"Gambling Chip"},{"floor":9,"key":"Ancient Tea Set"},{"floor":24,"key":"Darkstone Periapt"},{"floor":26,"key":"Ginger"},{"floor":29,"key":"MawBank"},{"floor":41,"key":"Du-Vu Doll"},{"floor":44,"key":"Ice Cream"},{"floor":47,"key":"Boot"}],"event_choices":[{"damage_healed":0,"gold_gain":0,"player_choice":"Success","damage_taken":26,"relics_obtained":["Red Skull"],"max_hp_gain":0,"max_hp_loss":0,"event_name":"Scrap Ooze","floor":4,"gold_loss":0},{"damage_healed":0,"gold_gain":0,"player_choice":"Bought 0 Potions","damage_taken":0,"max_hp_gain":0,"max_hp_loss":0,"event_name":"The Woman in Blue","floor":10,"gold_loss":0},{"damage_healed":0,"gold_gain":0,"player_choice":"Ignored","damage_taken":0,"max_hp_gain":0,"max_hp_loss":0,"event_name":"Ghosts","floor":22,"gold_loss":0},{"damage_healed":0,"gold_gain":0,"player_choice":"Obtained Relic","damage_taken":0,"relics_obtained":["Torii"],"max_hp_gain":0,"max_hp_loss":0,"event_name":"Addict","floor":25,"gold_loss":85},{"damage_healed":0,"gold_gain":0,"player_choice":"Memory 1","damage_taken":0,"max_hp_gain":0,"max_hp_loss":0,"event_name":"SensoryStone","floor":36,"gold_loss":0},{"cards_removed":["Flame Barrier"],"damage_healed":0,"gold_gain":0,"player_choice":"Removed Skill","damage_taken":0,"max_hp_gain":0,"max_hp_loss":0,"event_name":"Falling","floor":39,"gold_loss":0},{"damage_healed":0,"gold_gain":0,"player_choice":"Ignored","damage_taken":0,"max_hp_gain":0,"max_hp_loss":0,"event_name":"SecretPortal","floor":46,"gold_loss":0}],"is_beta":true,"boss_relics":[{"not_picked":["Runic Dome","Runic Pyramid"],"picked":"Philosopher\u0027s Stone"},{"not_picked":["Tiny House","Runic Cube"],"picked":"Cursed Key"}],"items_purged_floors":[12,37],"is_endless":false,"potions_floor_spawned":[2,7,14,16,19,21,30,31,33,38,41,47,48],"killed_by":"Shield and Spear","ascension_level":18}