{"path_per_floor":["M","M","M","?","M","?","R","E","T","E","R","M","R","?","R","B",null,"M","?","$","?","M","R","?","E","T","R","?","$"],"character_chosen":"THE_SILENT","items_purchased":["Kunai","Noxious Fumes"],"gold_per_floor":[110,126,146,146,164,164,164,200,251,286,286,307,307,307,307,403,403,418,333,23,23,38,38,38,69,146,146,146,24,24],"floor_reached":30,"campfire_rested":1,"playtime":1478,"item_purchase_floors":[20,29],"current_hp_per_floor":[58,58,58,58,58,40,40,23,23,22,22,18,18,38,38,38,55,55,55,55,55,50,50,50,5,5,23,23,23,0],"items_purged":["Strike_G","Writhe"],"gold":24,"score":532,"play_id":"c50eb473-c0f7-4897-9e51-05472a1ca8c8","local_time":"20180601020158","is_prod":false,"is_daily":false,"chose_seed":false,"is_ascension_mode":true,"campfire_upgraded":5,"win_rate":0,"timestamp":1527840118,"campfire_choices":[{"data":"Neutralize","floor":7,"key":"SMITH"},{"data":"Blur","floor":11,"key":"SMITH"},{"data":"Footwork","floor":13,"key":"SMITH"},{"data":"Cloak And Dagger","floor":15,"key":"SMITH"},{"data":"Backflip","floor":23,"key":"SMITH"},{"floor":27,"key":"REST"}],"path_taken":["M","?","M","?","M","?","R","E","T","E","R","M","R","?","R","BOSS","M","?","$","?","M","R","?","E","T","R","?","$","E"],"build_version":"2018-05-30v2","seed_source_timestamp":111089049489177,"purchased_purges":2,"victory":false,"master_deck":["Defend_G+1","Defend_G+1","Defend_G+1","Defend_G+1","Defend_G+1","Strike_G+1","Strike_G+1","Strike_G+1","Survivor","Neutralize+1","AscendersBane","Sucker Punch+1","Riddle With Holes+1","Backflip+1","Cloak And Dagger+1","Blur+1","Footwork+1","Adrenaline","Outmaneuver","Flying Knee","Dodge and Roll","Noxious Fumes"],"max_hp_per_floor":[66,66,66,60,60,60,60,60,60,60,60,60,60,60,60,60,60,60,60,60,60,60,60,60,60,60,60,60,60,60],"relics":["Ring of the Snake","Golden Idol","Paper Crane","Lantern","Art of War","Snecko Eye","Smiling Mask","Kunai","Toolbox","Whetstone","Molten Egg 2"],"card_choices":[{"not_picked":["Deadly Poison","Dagger Throw"],"picked":"Sucker Punch","floor":1},{"not_picked":["Poisoned Stab","Dagger Throw"],"picked":"Riddle With Holes","floor":2},{"not_picked":["Escape Plan","Finisher"],"picked":"Backflip","floor":3},{"not_picked":["Endless Agony","Quick Slash"],"picked":"Cloak And Dagger","floor":5},{"not_picked":["Slice","Accuracy"],"picked":"Blur","floor":8},{"not_picked":["Deflect","Flechettes","Accuracy"],"picked":"SKIP","floor":10},{"not_picked":["Caltrops","Quick Slash"],"picked":"Footwork","floor":12},{"not_picked":["Storm of Steel","Doppelganger"],"picked":"Adrenaline","floor":16},{"not_picked":["PiercingWail","Sucker Punch"],"picked":"Outmaneuver","floor":18},{"not_picked":["Bane+1","Heel Hook"],"picked":"Flying Knee","floor":22},{"not_picked":["Underhanded Strike","Deflect"],"picked":"Dodge and Roll","floor":25}],"player_experience":657653,"potions_floor_usage":[8,10,22,25,25,25,25,25,30],"damage_taken":[{"damage":1,"enemies":"Cultist","floor":1,"turns":5},{"damage":0,"enemies":"2 Louse","floor":2,"turns":3},{"damage":0,"enemies":"Small Slimes","floor":3,"turns":3},{"damage":0,"enemies":"Looter","floor":5,"turns":4},{"damage":17,"enemies":"Gremlin Nob","floor":8,"turns":5},{"damage":1,"enemies":"Lagavulin","floor":10,"turns":10},{"damage":4,"enemies":"Exordium Wildlife","floor":12,"turns":4},{"damage":0,"enemies":"The Guardian","floor":16,"turns":19},{"damage":0,"enemies":"Chosen","floor":18,"turns":10},{"damage":5,"enemies":"Spheric Guardian","floor":22,"turns":6},{"damage":45,"enemies":"Slavers","floor":25,"turns":18},{"damage":25,"enemies":"Gremlin Leader","floor":30,"turns":2}],"relics_obtained":[{"floor":8,"key":"Paper Crane"},{"floor":9,"key":"Lantern"},{"floor":10,"key":"Art of War"},{"floor":25,"key":"Whetstone"},{"floor":26,"key":"Molten Egg 2"}],"event_choices":[{"event_name":"Golden Idol","player_choice":"Lose Max HP","floor":4,"damage_taken":0},{"event_name":"Shining Light","player_choice":"Entered Light","floor":6,"damage_taken":0},{"event_name":"Big Fish","player_choice":"Banana","floor":14,"damage_taken":0},{"event_name":"Addict","player_choice":"Obtained Relic","floor":19,"damage_taken":0},{"event_name":"Drug Dealer","player_choice":"Ignored","floor":21,"damage_taken":0},{"event_name":"The Mausoleum","player_choice":"Yes","floor":24,"damage_taken":0},{"event_name":"Back to Basics","player_choice":"Simplicity","floor":28,"damage_taken":0}],"boss_relics":[{"not_picked":["Black Star","Velvet Choker"],"picked":"Snecko Eye"}],"items_purged_floors":[20,29],"potions_floor_spawned":[2,5,10,16,18,25],"seed_played":"624251278907692402","killed_by":"Gremlin Leader","ascension_level":15,"potions_obtained":[{"floor":2,"key":"EssenceOfSteel"},{"floor":5,"key":"Fire Potion"},{"floor":10,"key":"Ancient Potion"},{"floor":16,"key":"SpeedPotion"},{"floor":18,"key":"EntropicBrew"},{"floor":25,"key":"SpeedPotion"}],"is_trial":false}