{"gold_per_floor":[16,16,27,27,27,27,37,37,62,73,99,118,130,10,10,10],"floor_reached":16,"playtime":518,"items_purged":["Defend_B"],"score":179,"play_id":"9d849cba-0e79-4750-a21d-c3e4a6163b8b","local_time":"20180712214236","is_ascension_mode":true,"campfire_choices":[{"floor":6,"key":"REST"},{"data":"Loop","floor":8,"key":"SMITH"},{"data":"Loop","floor":15,"key":"SMITH"}],"neow_cost":"NO_GOLD","seed_source_timestamp":166709351982627,"circlet_count":0,"master_deck":["Strike_B+1","Strike_B+1","Defend_B","Defend_B+1","Defend_B","Zap","Dualcast","AscendersBane","Loop+1","Coolheaded","Conserve Battery","Leap","Redo","Steam","Loop+1","Conserve Battery"],"relics":["Cracked Core","Centennial Puzzle","Anchor","Whetstone"],"potions_floor_usage":[11,11],"damage_taken":[{"damage":4,"enemies":"Small Slimes","floor":1,"turns":4},{"damage":5,"enemies":"Jaw Worm","floor":3,"turns":4},{"damage":0,"enemies":"Cultist","floor":7,"turns":3},{"damage":3,"enemies":"2 Fungi Beasts","floor":10,"turns":3},{"damage":8,"enemies":"Lagavulin","floor":11,"turns":8},{"damage":0,"enemies":"Blue Slaver","floor":12,"turns":4},{"damage":0,"enemies":"Looter","floor":13,"turns":3},{"damage":33,"enemies":"The Guardian","floor":16,"turns":8}],"seed_played":"8123109883388948114","potions_obtained":[{"floor":1,"key":"Weak Potion"},{"floor":3,"key":"SkillPotion"}],"is_trial":false,"path_per_floor":["M","?","M","?","?","R","M","R","T","M","E","M","M","$","R"],"character_chosen":"DEFECT","items_purchased":["Conserve Battery"],"campfire_rested":1,"item_purchase_floors":[14],"current_hp_per_floor":[60,39,34,34,16,37,37,37,37,34,26,26,26,26,26,0],"gold":10,"neow_bonus":"REMOVE_TWO","is_prod":false,"is_daily":false,"chose_seed":false,"campfire_upgraded":2,"win_rate":0,"timestamp":1531453356,"path_taken":["M","?","?","?","?","R","M","R","T","M","E","M","M","$","R","BOSS"],"build_version":"2018-07-12","purchased_purges":1,"victory":false,"max_hp_per_floor":[71,71,71,71,71,71,71,71,71,71,71,71,71,71,71,71],"card_choices":[{"not_picked":["Blizzard","Barrage"],"picked":"Loop","floor":1},{"not_picked":["Stack","Gash"],"picked":"Coolheaded","floor":3},{"not_picked":["Sweeping Beam","Chaos"],"picked":"Conserve Battery","floor":7},{"not_picked":["Sunder","Thunder Strike"],"picked":"Leap","floor":10},{"not_picked":["Static Discharge","Hyperbeam"],"picked":"Redo","floor":11},{"not_picked":["Stack","Gash"],"picked":"Steam","floor":12},{"not_picked":["Barrage","Genetic Algorithm"],"picked":"Loop","floor":13}],"player_experience":767636,"relics_obtained":[{"floor":9,"key":"Anchor"},{"floor":11,"key":"Whetstone"}],"event_choices":[{"event_name":"Shining Light","player_choice":"Entered Light","floor":2,"damage_taken":0},{"event_name":"The Cleric","player_choice":"Leave","floor":4,"damage_taken":0},{"event_name":"Scrap Ooze","player_choice":"success","floor":5,"damage_taken":18}],"boss_relics":[],"items_purged_floors":[14],"is_endless":false,"potions_floor_spawned":[1,3],"killed_by":"The Guardian","ascension_level":15}