{"gold_per_floor":[111,131,56,74,74,74,138,158,181,199,227,227],"floor_reached":12,"playtime":504,"items_purged":["Strike_B"],"score":144,"play_id":"97603ad3-3ec4-446c-b049-820585941bf6","local_time":"20190218224905","is_ascension_mode":true,"campfire_choices":[{"data":"Biased Cognition","floor":6,"key":"SMITH"}],"neow_cost":"TEN_PERCENT_HP_LOSS","seed_source_timestamp":414952573495522,"circlet_count":0,"master_deck":["AscendersBane","Strike_B","Strike_B","Strike_B","Defend_B","Defend_B","Defend_B","Defend_B","Zap","Dualcast","Biased Cognition+1","Turbo","Hologram","Electrodynamics","Conserve Battery","Steam","Consume"],"relics":["Cracked Core","Tiny Chest","Omamori","DataDisk"],"potions_floor_usage":[7,11],"damage_taken":[{"damage":7,"enemies":"Jaw Worm","floor":1,"turns":2},{"damage":12,"enemies":"2 Louse","floor":2,"turns":4},{"damage":0,"enemies":"Cultist","floor":4,"turns":4},{"damage":38,"enemies":"Gremlin Nob","floor":7,"turns":4},{"damage":2,"enemies":"Looter","floor":8,"turns":3},{"damage":0,"enemies":"Large Slime","floor":10,"turns":4},{"damage":13,"enemies":"Lagavulin","floor":11,"turns":6},{"damage":15,"enemies":"Exordium Wildlife","floor":12,"turns":2}],"seed_played":"4220893368949984447","potions_obtained":[{"floor":4,"key":"Regen Potion"},{"floor":8,"key":"FocusPotion"},{"floor":10,"key":"Ancient Potion"}],"is_trial":false,"path_per_floor":["M","M","$","M","$","R","E","M","T","M","E","M"],"character_chosen":"DEFECT","items_purchased":[],"campfire_rested":0,"item_purchase_floors":[],"current_hp_per_floor":[61,49,49,49,49,49,23,21,21,21,8,0],"gold":227,"neow_bonus":"THREE_RARE_CARDS","is_prod":false,"is_daily":false,"chose_seed":false,"campfire_upgraded":1,"win_rate":0,"timestamp":1550526545,"path_taken":["M","M","$","M","$","R","E","M","T","M","E","M"],"build_version":"2019-01-23","purchased_purges":1,"victory":false,"max_hp_per_floor":[68,68,68,68,68,68,68,68,68,68,68,68],"card_choices":[{"not_picked":["Buffer","Meteor Strike"],"picked":"Biased Cognition","floor":0},{"not_picked":["Steam Power","Sweeping Beam"],"picked":"Turbo","floor":1},{"not_picked":["Chaos","Redo"],"picked":"Hologram","floor":2},{"not_picked":["Aggregate","Melter","Static Discharge"],"picked":"SKIP","floor":4},{"not_picked":["Self Repair","Undo"],"picked":"Electrodynamics","floor":7},{"not_picked":["Turbo","Gash"],"picked":"Conserve Battery","floor":8},{"not_picked":["Compile Driver","Fusion"],"picked":"Steam","floor":10},{"not_picked":["Sweeping Beam","Skim"],"picked":"Consume","floor":11}],"player_experience":206345,"relics_obtained":[{"floor":7,"key":"Tiny Chest"},{"floor":9,"key":"Omamori"},{"floor":11,"key":"DataDisk"}],"event_choices":[],"is_beta":false,"boss_relics":[],"items_purged_floors":[3],"is_endless":false,"potions_floor_spawned":[4,8,10],"killed_by":"Exordium Wildlife","ascension_level":12}