{"gold_per_floor":[114,264,109,109,129,157,157,183,183,200,275,13,28,54,54,54],"floor_reached":16,"playtime":575,"items_purged":["Doubt","Strike_G"],"score":279,"play_id":"fa1e70c1-7e01-46e5-a672-27455a87f1ee","local_time":"20190121224349","is_ascension_mode":true,"campfire_choices":[{"data":"Neutralize","floor":7,"key":"SMITH"},{"data":"Noxious Fumes","floor":15,"key":"SMITH"}],"neow_cost":"NONE","seed_source_timestamp":1054345589584964,"circlet_count":0,"master_deck":["AscendersBane","Defend_G","Defend_G","Defend_G","Defend_G+1","Defend_G","Strike_G","Strike_G","Strike_G+1","Strike_G","Survivor","Neutralize+1","Backstab","Poisoned Stab","Endless Agony","Quick Slash","Heel Hook","Noxious Fumes+1","Heel Hook","Cloak And Dagger","Die Die Die"],"relics":["Ring of the Snake","NeowsBlessing","Bird Faced Urn","Meat on the Bone","Paper Crane","PreservedInsect"],"potions_floor_usage":[8,8,14,16],"damage_taken":[{"damage":0,"enemies":"2 Louse","floor":1,"turns":1},{"damage":0,"enemies":"Jaw Worm","floor":5,"turns":1},{"damage":0,"enemies":"Lagavulin","floor":6,"turns":1},{"damage":22,"enemies":"3 Sentries","floor":8,"turns":8},{"damage":0,"enemies":"Small Slimes","floor":10,"turns":2},{"damage":0,"enemies":"Blue Slaver","floor":13,"turns":2},{"damage":16,"enemies":"Gremlin Nob","floor":14,"turns":4},{"damage":41,"enemies":"Slime Boss","floor":16,"turns":5}],"seed_played":"-7378763302788494026","potions_obtained":[{"floor":6,"key":"FearPotion"},{"floor":13,"key":"Block Potion"},{"floor":14,"key":"LiquidBronze"}],"is_trial":false,"path_per_floor":["?","?","?","$","M"],"character_chosen":"THE_SILENT","items_purchased":["Poisoned Stab","SkillPotion","Noxious Fumes","Heel Hook"],"campfire_rested":0,"item_purchase_floors":[3,3,12,12],"current_hp_per_floor":[59,59,59,39,39,39,39,17,17,29,18,18,30,28,28,0],"gold":54,"neow_bonus":"THREE_ENEMY_KILL","is_prod":false,"is_daily":false,"chose_seed":false,"campfire_upgraded":2,"win_rate":0,"timestamp":1548135829,"path_taken":["M","?","$","?","M","E","R","E","T","M","?","?","?","E","R","BOSS"],"build_version":"2019-01-20","purchased_purges":2,"victory":false,"max_hp_per_floor":[66,66,66,66,66,66,66,66,66,66,66,66,66,66,66,66],"card_choices":[{"not_picked":["Bane","Crippling Poison"],"picked":"Backstab","floor":1},{"not_picked":["Quick Slash","Bane"],"picked":"Endless Agony","floor":5},{"not_picked":["Acrobatics","All Out Attack"],"picked":"Quick Slash","floor":6},{"not_picked":["Expertise","Underhanded Strike","Accuracy"],"picked":"SKIP","floor":8},{"not_picked":["Dodge and Roll","Burst"],"picked":"Heel Hook","floor":10},{"not_picked":["Deadly Poison","Dodge and Roll"],"picked":"Cloak And Dagger","floor":13},{"not_picked":["Grand Finale","Reflex"],"picked":"Die Die Die","floor":14}],"player_experience":1241854,"relics_obtained":[{"floor":6,"key":"Bird Faced Urn"},{"floor":8,"key":"Meat on the Bone"},{"floor":9,"key":"Paper Crane"},{"floor":14,"key":"PreservedInsect"}],"event_choices":[{"damage_healed":0,"gold_gain":150,"player_choice":"AGREE","damage_taken":0,"max_hp_gain":0,"max_hp_loss":0,"event_name":"Liars Game","floor":2,"gold_loss":0,"cards_obtained":["Doubt"]},{"damage_healed":0,"gold_gain":0,"player_choice":"Entered Light","damage_taken":20,"max_hp_gain":0,"max_hp_loss":0,"event_name":"Shining Light","floor":4,"gold_loss":0,"cards_upgraded":["Strike_G","Defend_G"]},{"damage_healed":0,"gold_gain":75,"player_choice":"Gather Gold","damage_taken":11,"max_hp_gain":0,"max_hp_loss":0,"event_name":"World of Goop","floor":11,"gold_loss":0}],"is_beta":true,"boss_relics":[],"items_purged_floors":[3,12],"is_endless":false,"potions_floor_spawned":[6,13,14],"killed_by":"Slime Boss","ascension_level":19}