{"gold_per_floor":[117,128,203,16,16,16,16,16,69,94,17,32,32,46,46,125,125,145,145,17,30,41,41,61,72,122,134,161,161,196,196,196,270,270,290,77,77,77,427,454,454,99,99,99,55,55,55,71,71,71,71],"floor_reached":52,"playtime":2131,"items_purged":["Strike_B","Strike_B","Fusion+1"],"score":1853,"play_id":"31a3f98c-7e0c-402f-9c7a-ac51e2cb1386","local_time":"20190126151305","is_ascension_mode":true,"campfire_choices":[{"data":"Ball Lightning","floor":6,"key":"SMITH"},{"data":"Defragment","floor":13,"key":"SMITH"},{"data":"Consume","floor":15,"key":"SMITH"},{"data":"Go for the Eyes","floor":23,"key":"SMITH"},{"data":"Biased Cognition","floor":29,"key":"SMITH"},{"data":"Fission","floor":32,"key":"SMITH"},{"data":"Hologram","floor":44,"key":"SMITH"},{"data":"Defragment","floor":46,"key":"SMITH"},{"data":"Amplify","floor":49,"key":"SMITH"}],"neow_cost":"NONE","seed_source_timestamp":1457736321984563,"circlet_count":0,"master_deck":["AscendersBane","Defend_B","Zap+1","Dualcast","Conserve Battery+1","Glacier+1","Ball Lightning+1","Cold Snap","Consume+1","Defragment+1","Go for the Eyes+1","Electrodynamics","Reinforced Body","Cold Snap","Hologram+1","Cold Snap","Biased Cognition+1","Undo","Ball Lightning","Conserve Battery+1","Machine Learning","Fission+1","Amplify+1","Defragment+1","Machine Learning","Defragment+1","Conserve Battery+1"],"relics":["Cracked Core","Orichalcum","FaceOfCleric","DataDisk","Mango","Velvet Choker","War Paint","Singing Bowl","Oddly Smooth Stone","Astrolabe","Runic Capacitor","Old Coin","Mummified Hand","Gremlin Horn","Boot"],"potions_floor_usage":[2,10,28,39,51],"damage_taken":[{"damage":10,"enemies":"Small Slimes","floor":1,"turns":4},{"damage":0,"enemies":"Jaw Worm","floor":2,"turns":3},{"damage":2,"enemies":"Lagavulin","floor":10,"turns":6},{"damage":4,"enemies":"2 Louse","floor":12,"turns":2},{"damage":7,"enemies":"Gremlin Gang","floor":14,"turns":6},{"damage":15,"enemies":"Hexaghost","floor":16,"turns":13},{"damage":3,"enemies":"3 Byrds","floor":18,"turns":3},{"damage":0,"enemies":"Chosen","floor":21,"turns":5},{"damage":9,"enemies":"Snake Plant","floor":22,"turns":4},{"damage":0,"enemies":"Sentry and Sphere","floor":24,"turns":3},{"damage":0,"enemies":"Snecko","floor":25,"turns":5},{"damage":9,"enemies":"Snake Plant","floor":27,"turns":5},{"damage":0,"enemies":"Book of Stabbing","floor":28,"turns":6},{"damage":15,"enemies":"Slavers","floor":30,"turns":4},{"damage":23,"enemies":"Collector","floor":33,"turns":11},{"damage":0,"enemies":"Orb Walker","floor":35,"turns":4},{"damage":43,"enemies":"2 Orb Walkers","floor":39,"turns":4},{"damage":17,"enemies":"Reptomancer","floor":40,"turns":5},{"damage":5,"enemies":"3 Shapes","floor":48,"turns":3},{"damage":1,"enemies":"Donu and Deca","floor":50,"turns":8},{"damage":52,"enemies":"Awakened One","floor":51,"turns":11}],"seed_played":"-5297175291008033660","potions_obtained":[{"floor":1,"key":"Block Potion"},{"floor":2,"key":"Poison Potion"},{"floor":10,"key":"FearPotion"},{"floor":22,"key":"FairyPotion"},{"floor":25,"key":"PowerPotion"},{"floor":33,"key":"Regen Potion"},{"floor":35,"key":"LiquidBronze"}],"is_trial":false,"path_per_floor":["M","M","?","$","?","R","$","?","T","E","$","M","R","M","R","B",null,"M","?","$","M","M","R","M","M","T","M","E","R","E","?","R","B",null,"M","$","?","?","?","E","?","$","T","R","$","R","T","M","R","B","B",null],"character_chosen":"DEFECT","items_purchased":["Ball Lightning","Cold Snap","Defragment","Cold Snap","Runic Capacitor","Machine Learning","Fire Potion","Defragment"],"campfire_rested":0,"item_purchase_floors":[4,4,11,20,36,42,42,45],"current_hp_per_floor":[54,54,43,43,32,32,32,32,32,45,45,42,42,36,36,22,72,70,70,70,71,63,63,64,65,65,57,58,58,44,44,44,22,79,82,82,82,82,54,40,88,88,88,88,88,88,88,84,84,84,33],"gold":71,"neow_bonus":"UPGRADE_CARD","is_prod":false,"is_daily":false,"chose_seed":false,"campfire_upgraded":9,"win_rate":0,"timestamp":1548540785,"path_taken":["M","M","?","$","?","R","$","?","T","E","$","?","R","M","R","BOSS","M","?","$","M","M","R","M","?","T","M","E","R","E","?","R","BOSS","M","$","?","?","?","E","?","$","T","R","?","R","?","M","R","BOSS","BOSS"],"build_version":"2019-01-23","purchased_purges":3,"victory":true,"max_hp_per_floor":[71,71,71,71,71,71,71,71,71,86,86,87,87,88,88,89,89,90,90,90,91,92,92,93,94,94,95,96,96,97,97,97,98,98,101,101,101,101,104,107,88,88,88,88,88,88,88,89,89,90,91],"card_choices":[{"not_picked":["Double Energy","Redo"],"picked":"Conserve Battery","floor":1},{"not_picked":["Stack","Hologram"],"picked":"Glacier","floor":2},{"not_picked":["Coolheaded","Aggregate"],"picked":"Consume","floor":10},{"not_picked":["Rebound","Stack"],"picked":"Go for the Eyes","floor":12},{"not_picked":["Streamline","Sweeping Beam","Go for the Eyes"],"picked":"SKIP","floor":14},{"not_picked":["Multi-Cast","Core Surge"],"picked":"Electrodynamics","floor":16},{"not_picked":["Darkness+1","Compile Driver"],"picked":"Reinforced Body","floor":18},{"not_picked":["Hello World","Stack"],"picked":"Hologram","floor":21},{"not_picked":["Steam","Leap"],"picked":"Cold Snap","floor":22},{"not_picked":["Sweeping Beam","Cold Snap"],"picked":"Biased Cognition","floor":24},{"not_picked":["Barrage+1","Beam Cell"],"picked":"Undo","floor":25},{"not_picked":["Doom and Gloom","Gash"],"picked":"Ball Lightning","floor":27},{"not_picked":["Beam Cell","Sweeping Beam+1"],"picked":"Conserve Battery+1","floor":28},{"not_picked":["Beam Cell","Loop"],"picked":"Machine Learning","floor":30},{"not_picked":["Fission","Rainbow"],"picked":"Amplify","floor":33},{"not_picked":["Lockon","Sweeping Beam+1","Stack"],"picked":"Singing Bowl","floor":35},{"not_picked":["Gash","Beam Cell+1","Go for the Eyes+1"],"picked":"Singing Bowl","floor":39},{"not_picked":["Stack+1","Gash","Rip and Tear"],"picked":"Singing Bowl","floor":40},{"not_picked":["Chill","Stack"],"picked":"Conserve Battery+1","floor":48}],"player_experience":1257340,"relics_obtained":[{"floor":9,"key":"DataDisk"},{"floor":10,"key":"Mango"},{"floor":26,"key":"War Paint"},{"floor":28,"key":"Singing Bowl"},{"floor":30,"key":"Oddly Smooth Stone"},{"floor":39,"key":"Old Coin"},{"floor":40,"key":"Mummified Hand"},{"floor":43,"key":"Gremlin Horn"},{"floor":47,"key":"Boot"}],"event_choices":[{"damage_healed":0,"gold_gain":75,"player_choice":"Gather Gold","damage_taken":11,"max_hp_gain":0,"max_hp_loss":0,"event_name":"World of Goop","floor":3,"gold_loss":0},{"damage_healed":0,"gold_gain":0,"player_choice":"Success","damage_taken":11,"relics_obtained":["Orichalcum"],"max_hp_gain":0,"max_hp_loss":0,"event_name":"Scrap Ooze","floor":5,"gold_loss":0},{"damage_healed":0,"gold_gain":0,"player_choice":"Trade","damage_taken":0,"relics_obtained":["FaceOfCleric"],"max_hp_gain":0,"max_hp_loss":0,"event_name":"FaceTrader","floor":8,"gold_loss":0},{"cards_removed":["Strike_B"],"damage_healed":0,"gold_gain":0,"player_choice":"Purged","damage_taken":0,"max_hp_gain":0,"max_hp_loss":0,"event_name":"Purifier","floor":19,"gold_loss":0},{"damage_healed":0,"gold_gain":0,"cards_transformed":["Strike_B"],"player_choice":"Transformed","damage_taken":0,"max_hp_gain":0,"max_hp_loss":0,"event_name":"Transmorgrifier","floor":31,"gold_loss":0,"cards_obtained":["Fission"]},{"cards_removed":["Blizzard"],"damage_healed":0,"gold_gain":0,"player_choice":"Removed Attack","damage_taken":0,"max_hp_gain":0,"max_hp_loss":0,"event_name":"Falling","floor":37,"gold_loss":0},{"damage_healed":0,"gold_gain":0,"player_choice":"Ignored","damage_taken":0,"max_hp_gain":0,"max_hp_loss":0,"event_name":"Tomb of Lord Red Mask","floor":38,"gold_loss":0},{"damage_healed":0,"gold_gain":0,"player_choice":"Fight","damage_taken":0,"max_hp_gain":0,"max_hp_loss":0,"event_name":"Mysterious Sphere","floor":39,"gold_loss":0},{"damage_healed":88,"gold_gain":0,"player_choice":"Heal","damage_taken":0,"max_hp_gain":0,"max_hp_loss":19,"event_name":"The Moai Head","floor":41,"gold_loss":0}],"is_beta":true,"boss_relics":[{"not_picked":["Empty Cage","Cursed Key"],"picked":"Velvet Choker"},{"not_picked":["Pandora\u0027s Box","Black Star"],"picked":"Astrolabe"}],"items_purged_floors":[4,20,42],"is_endless":false,"potions_floor_spawned":[1,2,10,22,25,27,33,35],"ascension_level":20}