{"gold_per_floor":[112,131,144,156,106,131,161],"floor_reached":7,"playtime":2574,"items_purged":[],"score":90,"play_id":"8ec2e020-28a8-4d31-b4b2-2382f717f73a","local_time":"20190207214226","is_ascension_mode":true,"campfire_choices":[],"neow_cost":"","seed_source_timestamp":0,"circlet_count":0,"master_deck":["AscendersBane","Strike_R","Strike_R","Strike_R","Strike_R","Defend_R","Defend_R","Defend_R","Defend_R","Bash","Shockwave","Warcry","Cleave","Armaments","Exhume"],"relics":["Burning Blood","Bottled Lightning"],"potions_floor_usage":[7,7],"damage_taken":[{"damage":4,"enemies":"Small Slimes","floor":1,"turns":4},{"damage":4,"enemies":"Jaw Worm","floor":2,"turns":4},{"damage":0,"enemies":"2 Louse","floor":3,"turns":5},{"damage":11,"enemies":"Looter","floor":4,"turns":4},{"damage":41,"enemies":"Lagavulin","floor":6,"turns":10},{"damage":44,"enemies":"Gremlin Nob","floor":7,"turns":4}],"seed_played":"5528033584960819183","potions_obtained":[{"floor":1,"key":"EntropicBrew"},{"floor":6,"key":"Explosive Potion"}],"is_trial":true,"path_per_floor":["M","M","M","M","?","E","?"],"character_chosen":"IRONCLAD","items_purchased":[],"campfire_rested":0,"item_purchase_floors":[],"current_hp_per_floor":[70,72,75,70,70,35,0],"gold":161,"neow_bonus":"","is_prod":false,"is_daily":false,"chose_seed":false,"campfire_upgraded":0,"win_rate":0,"timestamp":1549575746,"path_taken":["M","M","M","M","?","E","?"],"build_version":"2019-01-23","purchased_purges":0,"victory":false,"max_hp_per_floor":[75,75,75,75,75,75,75],"card_choices":[{"not_picked":["Dual Wield","Havoc"],"picked":"Shockwave","floor":1},{"not_picked":["Sword Boomerang","Evolve"],"picked":"Warcry","floor":2},{"not_picked":["Iron Wave","Evolve"],"picked":"Cleave","floor":3},{"not_picked":["Pommel Strike","Warcry"],"picked":"Armaments","floor":4},{"not_picked":["Intimidate","Corruption"],"picked":"Exhume","floor":6}],"player_experience":366525,"relics_obtained":[{"floor":6,"key":"Bottled Lightning"}],"event_choices":[{"cards_removed":["Strike_R"],"damage_healed":0,"gold_gain":0,"player_choice":"Card Removal","damage_taken":0,"max_hp_gain":0,"max_hp_loss":0,"event_name":"The Cleric","floor":5,"gold_loss":50},{"damage_healed":0,"gold_gain":30,"player_choice":"Searched \u00273\u0027 times","damage_taken":0,"max_hp_gain":0,"max_hp_loss":0,"event_name":"Dead Adventurer","floor":7,"gold_loss":0}],"is_beta":false,"boss_relics":[],"items_purged_floors":[],"is_endless":false,"potions_floor_spawned":[1,6],"killed_by":"Gremlin Nob","ascension_level":14}