{"gold_per_floor":[215,140,154,166,185,185,212,192,192,204,230,230],"floor_reached":12,"playtime":667,"items_purged":[],"score":171,"play_id":"1546a8e4-616c-4c3c-bd4a-588d0f55a3ff","local_time":"20181203185825","is_ascension_mode":true,"campfire_choices":[{"data":"Spot Weakness","floor":6,"key":"SMITH"}],"neow_cost":"NONE","seed_source_timestamp":1730267359289151,"circlet_count":0,"master_deck":["AscendersBane","Strike_R","Strike_R","Strike_R","Strike_R","Defend_R","Defend_R","Defend_R","Defend_R","Bash","True Grit","Spot Weakness+1","Anger","Heavy Blade","Inflame","Thunderclap"],"relics":["Burning Blood","Art of War","Question Card","Shovel"],"potions_floor_usage":[7,10,11,12],"damage_taken":[{"damage":14,"enemies":"Jaw Worm","floor":1,"turns":4},{"damage":13,"enemies":"2 Louse","floor":3,"turns":4},{"damage":7,"enemies":"Cultist","floor":4,"turns":4},{"damage":6,"enemies":"Red Slaver","floor":5,"turns":3},{"damage":25,"enemies":"3 Sentries","floor":7,"turns":12},{"damage":17,"enemies":"2 Fungi Beasts","floor":10,"turns":5},{"damage":25,"enemies":"Gremlin Nob","floor":11,"turns":4},{"damage":13,"enemies":"Large Slime","floor":12,"turns":4}],"seed_played":"-8452316663339224296","potions_obtained":[{"floor":3,"key":"BloodPotion"},{"floor":5,"key":"EssenceOfSteel"},{"floor":7,"key":"Regen Potion"},{"floor":8,"key":"PowerPotion"},{"floor":10,"key":"LiquidBronze"}],"is_trial":false,"path_per_floor":["M","?","M","M","M","R","E","?","T","M","E","M"],"character_chosen":"IRONCLAD","items_purchased":[],"campfire_rested":0,"item_purchase_floors":[],"current_hp_per_floor":[60,60,53,52,52,52,33,33,33,36,17,4],"gold":230,"neow_bonus":"HUNDRED_GOLD","is_prod":false,"is_daily":false,"chose_seed":false,"campfire_upgraded":1,"win_rate":0,"timestamp":1543888705,"path_taken":["M","?","M","M","M","R","E","?","T","?","E","M"],"build_version":"2018-11-15","purchased_purges":0,"victory":false,"max_hp_per_floor":[75,75,75,75,75,75,75,75,75,75,75,75],"card_choices":[{"not_picked":["Iron Wave","Sword Boomerang"],"picked":"True Grit","floor":1},{"not_picked":["Twin Strike","Clothesline"],"picked":"Spot Weakness","floor":3},{"not_picked":["Bludgeon","Clothesline"],"picked":"Anger","floor":4},{"not_picked":["Cleave","Body Slam"],"picked":"Heavy Blade","floor":5},{"not_picked":["Clash","Ghostly Armor"],"picked":"Inflame","floor":7},{"not_picked":["Sever Soul","Clash","Infernal Blade","Anger"],"picked":"SKIP","floor":10},{"not_picked":["Searing Blow","Anger","Evolve"],"picked":"Thunderclap","floor":11}],"player_experience":1161579,"relics_obtained":[{"floor":7,"key":"Art of War"},{"floor":9,"key":"Question Card"},{"floor":11,"key":"Shovel"}],"event_choices":[{"cards_removed":["Strike_R"],"damage_healed":0,"gold_gain":0,"player_choice":"Card Removal","damage_taken":0,"max_hp_gain":0,"max_hp_loss":0,"event_name":"The Cleric","floor":2,"gold_loss":75},{"damage_healed":0,"gold_gain":0,"player_choice":"Bought 1 Potion","damage_taken":0,"max_hp_gain":0,"max_hp_loss":0,"event_name":"The Woman in Blue","floor":8,"gold_loss":0}],"is_beta":true,"boss_relics":[],"items_purged_floors":[],"is_endless":false,"potions_floor_spawned":[3,5,7,10],"killed_by":"Large Slime","ascension_level":18}