{"gold_per_floor":[209,225,225,245,13,46,111,2,52,72,72,106,106,119,119,193,193,204,221,221,8,21,21,41,41,65,96,96,127,127],"floor_reached":30,"playtime":1243,"items_purged":["Strike_B","Strike_B"],"score":581,"play_id":"c4450c00-3954-4cfd-84e6-e9defa44363f","local_time":"20190103234639","is_ascension_mode":true,"campfire_choices":[{"data":"Defragment","floor":11,"key":"SMITH"},{"data":"Zap","floor":13,"key":"SMITH"},{"floor":15,"key":"REST"},{"data":"Sweeping Beam","floor":23,"key":"SMITH"},{"data":"Sweeping Beam","floor":25,"key":"SMITH"},{"data":"All For One","floor":28,"key":"SMITH"}],"neow_cost":"NONE","seed_source_timestamp":964032677927985,"circlet_count":0,"master_deck":["AscendersBane","Strike_B","Strike_B","Defend_B","Defend_B","Defend_B","Defend_B","Zap+1","Dualcast","Melter","Conserve Battery","Cold Snap","Sweeping Beam+1","Sweeping Beam+1","Sweeping Beam+1","Defragment+1","Bandage Up","Sweeping Beam","Sweeping Beam","Capacitor","Capacitor","Ball Lightning","Machine Learning","Ball Lightning","Consume","All For One+1","All For One+1","Conserve Battery"],"relics":["FrozenCore","Orichalcum","Membership Card","Nunchaku","Potion Belt","Strawberry","StoneCalendar","Omamori","PreservedInsect","Du-Vu Doll"],"potions_floor_usage":[10,16,27,29,29,30],"damage_taken":[{"damage":0,"enemies":"2 Louse","floor":1,"turns":2},{"damage":7,"enemies":"Jaw Worm","floor":2,"turns":3},{"damage":1,"enemies":"Small Slimes","floor":4,"turns":4},{"damage":23,"enemies":"Gremlin Nob","floor":6,"turns":4},{"damage":0,"enemies":"Exordium Wildlife","floor":10,"turns":1},{"damage":7,"enemies":"3 Sentries","floor":12,"turns":5},{"damage":14,"enemies":"Looter","floor":14,"turns":4},{"damage":18,"enemies":"Slime Boss","floor":16,"turns":7},{"damage":0,"enemies":"Spheric Guardian","floor":18,"turns":2},{"damage":6,"enemies":"3 Byrds","floor":19,"turns":5},{"damage":10,"enemies":"Snake Plant","floor":22,"turns":5},{"damage":4,"enemies":"Centurion and Healer","floor":24,"turns":7},{"damage":9,"enemies":"Gremlin Leader","floor":27,"turns":7},{"damage":37,"enemies":"Book of Stabbing","floor":29,"turns":5},{"damage":0,"enemies":"Shelled Parasite and Fungi","floor":30,"turns":1}],"seed_played":"1512062355057180544","potions_obtained":[{"floor":1,"key":"SneckoOil"},{"floor":6,"key":"AttackPotion"},{"floor":10,"key":"Swift Potion"},{"floor":19,"key":"Block Potion"},{"floor":24,"key":"Regen Potion"},{"floor":27,"key":"Explosive Potion"},{"floor":29,"key":"Swift Potion"}],"is_trial":false,"path_per_floor":["M","M","?","M","$","E","?","$","T","M","R","E","R","M","R","B",null,"M","M","?","$","M","R","M","R","T","E","R","E","M"],"character_chosen":"DEFECT","items_purchased":["Membership Card","Sweeping Beam","Defragment","Bandage Up","StoneCalendar"],"campfire_rested":1,"item_purchase_floors":[5,5,8,8,21],"current_hp_per_floor":[64,57,46,45,45,22,22,22,22,22,22,26,26,16,39,25,65,65,63,41,41,35,35,35,35,35,30,30,11,11],"gold":127,"neow_bonus":"HUNDRED_GOLD","is_prod":false,"is_daily":false,"chose_seed":false,"campfire_upgraded":5,"win_rate":0,"timestamp":1546584399,"path_taken":["M","M","?","M","$","E","?","$","T","M","R","E","R","M","R","BOSS","M","M","?","$","M","R","M","R","T","E","R","E","M"],"build_version":"2019-01-03v3","purchased_purges":2,"victory":false,"max_hp_per_floor":[71,71,71,71,71,71,71,71,71,71,71,78,78,78,78,78,78,78,78,83,83,83,83,83,83,83,83,83,83,83],"card_choices":[{"not_picked":["Tempest","Redo"],"picked":"Melter","floor":1},{"not_picked":["Streamline","Beam Cell"],"picked":"Conserve Battery","floor":2},{"not_picked":["Double Energy","Steam"],"picked":"Cold Snap","floor":4},{"not_picked":["Compile Driver","Aggregate"],"picked":"Sweeping Beam","floor":6},{"not_picked":["Compile Driver","Aggregate"],"picked":"Sweeping Beam","floor":6},{"not_picked":["Barrage","Storm"],"picked":"Sweeping Beam","floor":10},{"not_picked":["Barrage","Storm"],"picked":"Sweeping Beam","floor":10},{"not_picked":["Reinforced Body","Streamline"],"picked":"Capacitor","floor":12},{"not_picked":["Reinforced Body","Streamline"],"picked":"Capacitor","floor":12},{"not_picked":["Go for the Eyes","Sunder"],"picked":"Ball Lightning","floor":14},{"not_picked":["Multi-Cast","Buffer"],"picked":"Machine Learning","floor":16},{"not_picked":["Streamline","Undo"],"picked":"Ball Lightning","floor":18},{"not_picked":["Tempest+1","Loop+1"],"picked":"Consume","floor":19},{"not_picked":["Darkness","Chaos","Go for the Eyes"],"picked":"SKIP","floor":22},{"not_picked":["Go for the Eyes","Streamline"],"picked":"All For One","floor":24},{"not_picked":["Go for the Eyes","Streamline"],"picked":"All For One","floor":24},{"not_picked":["Melter","Fusion","Undo"],"picked":"SKIP","floor":27},{"not_picked":["Chaos","Skim"],"picked":"Conserve Battery","floor":29}],"player_experience":1189129,"relics_obtained":[{"floor":6,"key":"Nunchaku"},{"floor":9,"key":"Potion Belt"},{"floor":12,"key":"Strawberry"},{"floor":26,"key":"Omamori"},{"floor":27,"key":"PreservedInsect"},{"floor":29,"key":"Du-Vu Doll"}],"event_choices":[{"damage_healed":0,"gold_gain":0,"player_choice":"Success","damage_taken":11,"relics_obtained":["Orichalcum"],"max_hp_gain":0,"max_hp_loss":0,"event_name":"Scrap Ooze","floor":3,"gold_loss":0},{"damage_healed":0,"gold_gain":65,"player_choice":"Gained Gold","damage_taken":0,"max_hp_gain":0,"max_hp_loss":0,"event_name":"Golden Wing","floor":7,"gold_loss":0},{"damage_healed":0,"gold_gain":0,"player_choice":"Shed Blood","damage_taken":27,"max_hp_gain":5,"max_hp_loss":0,"event_name":"Forgotten Altar","floor":20,"gold_loss":0}],"is_beta":true,"boss_relics":[{"not_picked":["Empty Cage","Black Star"],"picked":"FrozenCore"}],"items_purged_floors":[8,21],"is_endless":false,"potions_floor_spawned":[1,6,10,19,24,27,29],"killed_by":"Shelled Parasite and Fungi","ascension_level":20}