{"gold_per_floor":[114,124,274,40,50,75,75,75,100,100,115,135,135,162,162,234,234,245,38,50,50,65,65,96,96,96,96,107,107,26,59,59,138,138,155,155,1,16,16,50,50,84,84,117,137,157,32,42,42,42,42],"floor_reached":52,"playtime":2567,"items_purged":["Doubt","Strike_R","Strike_R"],"score":1976,"play_id":"cf895dd8-0561-4afd-b8b1-f2d0d7ae710b","local_time":"20190116204207","is_ascension_mode":true,"campfire_choices":[{"data":"True Grit","floor":8,"key":"SMITH"},{"data":"Anger","floor":10,"key":"SMITH"},{"data":"Spot Weakness","floor":13,"key":"SMITH"},{"data":"Armaments","floor":15,"key":"SMITH"},{"floor":23,"key":"REST"},{"data":"Whirlwind","floor":25,"key":"SMITH"},{"data":"Sword Boomerang","floor":27,"key":"SMITH"},{"data":"Battle Trance","floor":29,"key":"SMITH"},{"data":"True Grit","floor":32,"key":"SMITH"},{"data":"Demon Form","floor":49,"key":"SMITH"}],"neow_cost":"NONE","seed_source_timestamp":613040313308276,"circlet_count":0,"master_deck":["AscendersBane","Strike_R","Strike_R+1","Strike_R","Defend_R","Defend_R","Defend_R","Bash+1","Sword Boomerang+1","Corruption","Anger+1","True Grit+1","Armaments+1","Dropkick","Spot Weakness+1","Ghostly Armor","Offering","Pommel Strike","Shrug It Off","Battle Trance+1","Whirlwind+1","Pummel+1","Dropkick+1","Shrug It Off","True Grit+1","Demon Form+1","Feel No Pain","Offering","Ghostly Armor+1","Ghostly Armor","Pommel Strike","Reaper","Parasite","Headbutt+1"],"relics":["Burning Blood","NeowsBlessing","Red Skull","Whetstone","PreservedInsect","Mark of Pain","Orichalcum","Self Forming Clay","Pantograph","Cursed Key","Vajra","Ornamental Fan","Magic Flower"],"potions_floor_usage":[6,16,16,22,24,33,40,44,46],"damage_taken":[{"damage":0,"enemies":"2 Louse","floor":1,"turns":1},{"damage":0,"enemies":"Jaw Worm","floor":2,"turns":1},{"damage":0,"enemies":"Cultist","floor":5,"turns":1},{"damage":50,"enemies":"Gremlin Nob","floor":6,"turns":5},{"damage":10,"enemies":"Large Slime","floor":11,"turns":5},{"damage":9,"enemies":"2 Fungi Beasts","floor":12,"turns":3},{"damage":15,"enemies":"Lagavulin","floor":14,"turns":4},{"damage":12,"enemies":"Hexaghost","floor":16,"turns":7},{"damage":37,"enemies":"Shell Parasite","floor":18,"turns":4},{"damage":9,"enemies":"Chosen","floor":20,"turns":4},{"damage":17,"enemies":"Centurion and Healer","floor":22,"turns":6},{"damage":18,"enemies":"Slavers","floor":24,"turns":3},{"damage":4,"enemies":"Cultist and Chosen","floor":28,"turns":3},{"damage":4,"enemies":"Book of Stabbing","floor":31,"turns":3},{"damage":38,"enemies":"Champ","floor":33,"turns":9},{"damage":36,"enemies":"3 Shapes","floor":35,"turns":3},{"damage":0,"enemies":"3 Darklings","floor":38,"turns":1},{"damage":6,"enemies":"Reptomancer","floor":40,"turns":2},{"damage":10,"enemies":"Nemesis","floor":42,"turns":5},{"damage":10,"enemies":"Giant Head","floor":44,"turns":5},{"damage":19,"enemies":"Spire Growth","floor":45,"turns":3},{"damage":8,"enemies":"Transient","floor":46,"turns":6},{"damage":6,"enemies":"Writhing Mass","floor":48,"turns":6},{"damage":71,"enemies":"Awakened One","floor":50,"turns":7},{"damage":66,"enemies":"Donu and Deca","floor":51,"turns":6}],"seed_played":"-6510686134615800151","potions_obtained":[{"floor":2,"key":"SpeedPotion"},{"floor":6,"key":"LiquidBronze"},{"floor":14,"key":"PowerPotion"},{"floor":18,"key":"SkillPotion"},{"floor":20,"key":"Explosive Potion"},{"floor":28,"key":"Regen Potion"},{"floor":38,"key":"SkillPotion"},{"floor":42,"key":"Energy Potion"},{"floor":44,"key":"Fire Potion"}],"is_trial":false,"path_per_floor":["M","M","?","$","M","E","?","R","T","R","M","M","R","E","R","B",null,"M","$","M","$","M","R","E","R","T","R","M","R","$","E","R","B",null,"M","?","$","M","?","E","T","E","T","E","M","M","$","M","R","B","B",null],"character_chosen":"IRONCLAD","items_purchased":["Anger","True Grit","Armaments","Shrug It Off","Battle Trance","BloodPotion","Feel No Pain","Offering"],"campfire_rested":1,"item_purchase_floors":[4,4,4,19,19,30,37,37],"current_hp_per_floor":[74,75,75,75,75,31,31,31,31,31,27,24,24,15,15,9,59,28,28,25,25,14,36,24,24,24,24,26,26,26,28,28,36,65,35,35,35,41,41,41,41,37,37,33,23,75,75,75,75,46,18],"gold":42,"neow_bonus":"THREE_ENEMY_KILL","is_prod":false,"is_daily":false,"chose_seed":false,"campfire_upgraded":9,"win_rate":0,"timestamp":1547696527,"path_taken":["M","M","?","$","M","E","?","R","T","R","M","?","R","E","R","BOSS","M","$","M","?","M","R","E","R","T","R","M","R","$","E","R","BOSS","M","?","$","M","?","E","?","E","T","E","M","M","$","M","R","BOSS","BOSS"],"build_version":"2019-01-16","purchased_purges":3,"victory":true,"max_hp_per_floor":[75,75,75,75,75,75,75,75,75,75,75,75,75,75,75,75,75,75,75,75,75,75,75,75,75,75,75,75,75,75,75,75,75,75,75,75,75,75,75,75,75,75,75,75,75,75,75,75,75,75,75],"card_choices":[{"not_picked":["Clash","Warcry"],"picked":"Sword Boomerang","floor":1},{"not_picked":["True Grit","Perfected Strike"],"picked":"Corruption","floor":2},{"not_picked":["Clash","Perfected Strike"],"picked":"Dropkick","floor":5},{"not_picked":["Power Through","Wild Strike","True Grit"],"picked":"SKIP","floor":6},{"not_picked":["Bloodletting","Reckless Charge"],"picked":"Spot Weakness","floor":11},{"not_picked":["Thunderclap","Sentinel","Rampage"],"picked":"SKIP","floor":12},{"not_picked":["Flex","Anger"],"picked":"Ghostly Armor","floor":14},{"not_picked":["Brutality","Reaper"],"picked":"Offering","floor":16},{"not_picked":["Flex","Entrench"],"picked":"Pommel Strike","floor":18},{"not_picked":["Armaments","Corruption"],"picked":"Whirlwind","floor":20},{"not_picked":["Body Slam","Headbutt"],"picked":"Pummel+1","floor":22},{"not_picked":["Perfected Strike+1","Clash"],"picked":"Dropkick+1","floor":24},{"not_picked":["Brutality","Evolve"],"picked":"Shrug It Off","floor":28},{"not_picked":["Cleave","Havoc"],"picked":"True Grit","floor":31},{"not_picked":["Brutality","Impervious"],"picked":"Demon Form","floor":33},{"not_picked":["Havoc","Cleave","Warcry"],"picked":"SKIP","floor":35},{"not_picked":["Sword Boomerang+1","Carnage"],"picked":"Ghostly Armor+1","floor":38},{"not_picked":["Sever Soul","Battle Trance"],"picked":"Ghostly Armor","floor":40},{"not_picked":["Searing Blow","Metallicize"],"picked":"Pommel Strike","floor":42},{"not_picked":["Bloodletting+1","Armaments+1"],"picked":"Reaper","floor":44},{"not_picked":["Battle Trance","Anger","Whirlwind"],"picked":"SKIP","floor":45},{"not_picked":["Body Slam","Inflame","Perfected Strike"],"picked":"SKIP","floor":46},{"not_picked":["Immolate","Searing Blow"],"picked":"Headbutt+1","floor":48}],"player_experience":1210240,"relics_obtained":[{"floor":6,"key":"Red Skull"},{"floor":9,"key":"Whetstone"},{"floor":14,"key":"PreservedInsect"},{"floor":24,"key":"Orichalcum"},{"floor":26,"key":"Self Forming Clay"},{"floor":31,"key":"Pantograph"},{"floor":40,"key":"Vajra"},{"floor":42,"key":"Ornamental Fan"},{"floor":44,"key":"Magic Flower"}],"event_choices":[{"damage_healed":0,"gold_gain":150,"player_choice":"AGREE","damage_taken":0,"max_hp_gain":0,"max_hp_loss":0,"event_name":"Liars Game","floor":3,"gold_loss":0,"cards_obtained":["Doubt"]},{"damage_healed":0,"gold_gain":0,"player_choice":"Ignored","damage_taken":0,"max_hp_gain":0,"max_hp_loss":0,"event_name":"Shining Light","floor":7,"gold_loss":0},{"damage_healed":0,"gold_gain":0,"player_choice":"Ignored","damage_taken":0,"max_hp_gain":0,"max_hp_loss":0,"event_name":"Mysterious Sphere","floor":36,"gold_loss":0},{"cards_removed":["Defend_R"],"damage_healed":0,"gold_gain":0,"player_choice":"Removed Skill","damage_taken":0,"max_hp_gain":0,"max_hp_loss":0,"event_name":"Falling","floor":39,"gold_loss":0}],"is_beta":true,"boss_relics":[{"not_picked":["Coffee Dripper","Lizard Tail"],"picked":"Mark of Pain"},{"not_picked":["Runic Pyramid","Runic Dome"],"picked":"Cursed Key"}],"items_purged_floors":[4,19,47],"is_endless":false,"potions_floor_spawned":[2,6,14,18,20,28,38,42,44],"ascension_level":20}