{"gold_per_floor":[111,130,144,114,125,125,153,165,165,165,217,217,233,262,262,336,336,346,271,125,125,142,142,142],"floor_reached":24,"playtime":1455,"items_purged":["Strike_G"],"score":386,"play_id":"9ca8e345-2038-482f-98a9-b473e53ad27f","local_time":"20181103013612","is_ascension_mode":true,"campfire_choices":[{"data":"Dash","floor":6,"key":"SMITH"},{"data":"Deadly Poison","floor":10,"key":"SMITH"},{"floor":12,"key":"REST"},{"data":"Dagger Spray","floor":15,"key":"SMITH"},{"data":"Catalyst","floor":23,"key":"SMITH"}],"neow_cost":"NONE","seed_source_timestamp":567329020729067,"circlet_count":0,"master_deck":["AscendersBane","Defend_G","Defend_G","Defend_G","Defend_G","Defend_G","Strike_G","Strike_G","Strike_G","Survivor","Neutralize","Leg Sweep","Dash+1","Deflect","Leg Sweep","Deadly Poison+1","Quick Slash","Dagger Spray+1","Well Laid Plans","After Image","Backflip+1","Catalyst+1","Necronomicurse"],"relics":["Ring of the Snake","Mango","Blue Candle","Bottled Flame","Sozu","Necronomicon"],"potions_floor_usage":[7,14,16,18,22],"damage_taken":[{"damage":3,"enemies":"Small Slimes","floor":1,"turns":4},{"damage":0,"enemies":"2 Louse","floor":2,"turns":3},{"damage":0,"enemies":"Jaw Worm","floor":3,"turns":5},{"damage":1,"enemies":"Looter","floor":4,"turns":4},{"damage":6,"enemies":"2 Fungi Beasts","floor":5,"turns":5},{"damage":38,"enemies":"Lagavulin","floor":7,"turns":17},{"damage":0,"enemies":"Blue Slaver","floor":8,"turns":4},{"damage":2,"enemies":"Large Slime","floor":13,"turns":8},{"damage":6,"enemies":"3 Sentries","floor":14,"turns":9},{"damage":43,"enemies":"Slime Boss","floor":16,"turns":17},{"damage":0,"enemies":"3 Byrds","floor":18,"turns":7},{"damage":10,"enemies":"Spheric Guardian","floor":22,"turns":6},{"damage":47,"enemies":"Gremlin Leader","floor":24,"turns":8}],"seed_played":"-1864078972992041775","potions_obtained":[{"floor":1,"key":"GhostInAJar"},{"floor":5,"key":"SpeedPotion"},{"floor":13,"key":"GamblersBrew"},{"floor":14,"key":"Fire Potion"},{"floor":16,"key":"Energy Potion"}],"is_trial":false,"path_per_floor":["M","M","M","M","M","R","E","M","T","R","?","R","M","E","R","B",null,"M","?","$","?","M","R","E"],"character_chosen":"THE_SILENT","items_purchased":["Catalyst"],"campfire_rested":1,"item_purchase_floors":[20],"current_hp_per_floor":[62,62,62,61,55,55,31,31,31,31,31,56,54,48,48,5,66,66,66,66,45,35,35,0],"gold":142,"neow_bonus":"TEN_PERCENT_HP_BONUS","is_prod":false,"is_daily":false,"chose_seed":false,"campfire_upgraded":4,"win_rate":0,"timestamp":1541230572,"path_taken":["M","M","M","M","M","R","E","M","T","R","?","R","M","E","R","BOSS","M","?","$","?","M","R","E"],"build_version":"2018-11-01v2","purchased_purges":1,"victory":false,"max_hp_per_floor":[72,72,72,72,72,72,86,86,86,86,86,86,86,86,86,86,86,86,86,86,86,86,86,86],"card_choices":[{"not_picked":["Reflex","Flying Knee"],"picked":"Leg Sweep","floor":1},{"not_picked":["Underhanded Strike","Backflip"],"picked":"Dash","floor":2},{"not_picked":["Quick Slash","Dodge and Roll"],"picked":"Deflect","floor":3},{"not_picked":["Terror","Tactician","Setup"],"picked":"SKIP","floor":4},{"not_picked":["Deflect","Bane"],"picked":"Leg Sweep","floor":5},{"not_picked":["Dodge and Roll","Unload"],"picked":"Deadly Poison","floor":7},{"not_picked":["PiercingWail","Concentrate"],"picked":"Quick Slash","floor":8},{"not_picked":["Expertise","Backflip"],"picked":"Dagger Spray","floor":13},{"not_picked":["Leg Sweep","Flying Knee"],"picked":"Well Laid Plans","floor":14},{"not_picked":["Doppelganger","Wraith Form v2"],"picked":"After Image","floor":16},{"not_picked":["Crippling Poison","Deflect+1"],"picked":"Backflip+1","floor":18},{"not_picked":["Bane","Slice","Acrobatics"],"picked":"SKIP","floor":22}],"player_experience":1082288,"relics_obtained":[{"floor":7,"key":"Mango"},{"floor":9,"key":"Blue Candle"},{"floor":14,"key":"Bottled Flame"},{"floor":21,"key":"Necronomicon"}],"event_choices":[{"damage_healed":0,"gold_gain":52,"player_choice":"Gained Gold","damage_taken":0,"max_hp_gain":0,"max_hp_loss":0,"event_name":"Golden Wing","floor":11,"gold_loss":0},{"cards_removed":["Strike_G"],"damage_healed":0,"gold_gain":0,"player_choice":"Gave Gold","damage_taken":0,"max_hp_gain":0,"max_hp_loss":0,"event_name":"Beggar","floor":19,"gold_loss":75},{"damage_healed":0,"gold_gain":0,"player_choice":"Obtained Book","damage_taken":21,"max_hp_gain":0,"max_hp_loss":0,"event_name":"Cursed Tome","floor":21,"gold_loss":0}],"is_beta":true,"boss_relics":[{"not_picked":["Lizard Tail","WristBlade"],"picked":"Sozu"}],"items_purged_floors":[20],"is_endless":false,"potions_floor_spawned":[1,5,13,14,16],"killed_by":"Gremlin Leader","ascension_level":15}