{"path_per_floor":["M","?","M","?","M","R","?","E","T","R","E","M","M","$","R","B",null,"M","$","?","?","?","M","R","E","T","M","$","M","M","?","R","B",null,"M","M","M","$","?","R","?","E","T","E","?","M","E","M","R","B"],"character_chosen":"THE_SILENT","items_purchased":["Tough Bandages","Footwork","Footwork","Outmaneuver","Swift Strike"],"gold_per_floor":[114,189,209,209,224,224,285,314,314,314,345,359,369,35,35,140,140,153,72,72,72,72,89,89,114,163,177,94,108,123,123,123,221,221,237,256,268,64,64,64,64,99,99,124,124,143,171,183,183,183],"floor_reached":51,"campfire_rested":1,"playtime":3675,"item_purchase_floors":[14,19,28,28,38],"current_hp_per_floor":[60,49,49,35,35,35,18,1,1,25,22,22,22,22,22,18,80,80,80,80,80,56,56,56,56,56,56,56,56,56,56,56,56,56,56,56,56,56,56,56,56,56,56,33,33,37,53,54,54,56],"items_purged":["Strike_G","Writhe"],"gold":183,"score":1168,"play_id":"442036ce-69df-4507-b9f6-8a6e9526e9dc","local_time":"20180614163646","is_prod":false,"is_daily":false,"chose_seed":true,"is_ascension_mode":true,"campfire_upgraded":6,"win_rate":0,"timestamp":1529015806,"campfire_choices":[{"data":"Neutralize","floor":6,"key":"SMITH"},{"floor":10,"key":"REST"},{"data":"Footwork","floor":15,"key":"SMITH"},{"data":"Malaise","floor":24,"key":"SMITH"},{"data":"Caltrops","floor":32,"key":"SMITH"},{"data":"Noxious Fumes","floor":40,"key":"SMITH"},{"data":"Burst","floor":49,"key":"SMITH"}],"path_taken":["M","?","?","?","M","R","?","E","T","R","E","M","M","$","R","BOSS","M","$","?","?","?","M","R","E","T","M","$","M","?","?","R","BOSS","M","M","M","$","?","R","?","E","T","E","?","M","E","M","R","BOSS"],"build_version":"2018-06-14","seed_source_timestamp":70359560556051,"purchased_purges":2,"victory":true,"master_deck":["Defend_G","Defend_G","Defend_G+1","Defend_G","Defend_G","Survivor+1","Neutralize+1","Outmaneuver","Backstab","Footwork+1","Masterful Stab","Caltrops+1","Malaise+1","Deflect","Slice","After Image","Footwork","Slice","Bite","Bite","Bite","Bite","Blur","Caltrops+1","Footwork","Outmaneuver","Concentrate+1","All Out Attack+1","After Image","Dagger Throw+1","Noxious Fumes+1","Outmaneuver+1","Swift Strike","Burst+1","Noxious Fumes+1","Escape Plan","Backflip","Deflect"],"max_hp_per_floor":[70,70,70,70,70,70,80,80,80,80,80,80,80,80,80,80,80,80,80,80,80,56,56,56,56,56,56,56,56,56,56,56,56,56,56,56,56,56,56,56,56,56,56,56,56,56,56,56,56,56],"special_seed":42036392590698,"relics":["Unceasing Top","Pear","Bag of Preparation","Toolbox","Calipers","Tough Bandages","White Beast Statue","Anchor","Potion Belt","Pen Nib","Sozu","Incense Burner","Ginger","Blue Candle","Lantern"],"card_choices":[{"not_picked":["Caltrops","PiercingWail"],"picked":"Outmaneuver","floor":1},{"not_picked":["Reflex","Infinite Blades"],"picked":"Backstab","floor":3},{"not_picked":["Bouncing Flask","Skewer"],"picked":"Footwork","floor":5},{"not_picked":["Prepared","Dash"],"picked":"Masterful Stab","floor":7},{"not_picked":["Flechettes","Predator"],"picked":"Caltrops","floor":8},{"not_picked":["Backflip","Concentrate"],"picked":"Malaise","floor":11},{"not_picked":["Dagger Throw","Outmaneuver"],"picked":"Deflect","floor":12},{"not_picked":["Infinite Blades","Dash"],"picked":"Slice","floor":13},{"not_picked":["Envenom","Glass Knife"],"picked":"After Image","floor":16},{"not_picked":["Dagger Spray","Poisoned Stab","Bouncing Flask"],"picked":"SKIP","floor":18},{"not_picked":["Dagger Spray","Expertise"],"picked":"Blur+1","floor":23},{"not_picked":["Crippling Poison","Bouncing Flask"],"picked":"Blur","floor":25},{"not_picked":["PiercingWail","Bane"],"picked":"Caltrops+1","floor":27},{"not_picked":["Finisher","Underhanded Strike"],"picked":"Concentrate+1","floor":29},{"not_picked":["Deadly Poison","Calculated Gamble"],"picked":"All Out Attack+1","floor":30},{"not_picked":["Tools of the Trade","Grand Finale"],"picked":"After Image","floor":33},{"not_picked":["Catalyst+1","Flying Knee"],"picked":"Dagger Throw+1","floor":35},{"not_picked":["Backflip","Dodge and Roll"],"picked":"Noxious Fumes","floor":36},{"not_picked":["Backflip+1","PiercingWail+1"],"picked":"Outmaneuver+1","floor":37},{"not_picked":["Sucker Punch+1","Deadly Poison"],"picked":"Burst","floor":41},{"not_picked":["Underhanded Strike","PiercingWail+1"],"picked":"Noxious Fumes+1","floor":42},{"not_picked":["Cloak And Dagger","Outmaneuver+1"],"picked":"Escape Plan","floor":44},{"not_picked":["Quick Slash","PiercingWail","Dodge and Roll"],"picked":"SKIP","floor":46},{"not_picked":["Dodge and Roll","Reflex+1"],"picked":"Backflip","floor":47},{"not_picked":["Bane+1","Poisoned Stab+1"],"picked":"Deflect","floor":48}],"player_experience":698333,"potions_floor_usage":[7,8,11,25,25,25,42,44,50,50],"damage_taken":[{"damage":10,"enemies":"Jaw Worm","floor":1,"turns":7},{"damage":0,"enemies":"2 Louse","floor":3,"turns":2},{"damage":0,"enemies":"Cultist","floor":5,"turns":4},{"damage":27,"enemies":"Gremlin Nob","floor":7,"turns":6},{"damage":17,"enemies":"3 Sentries","floor":8,"turns":11},{"damage":3,"enemies":"Gremlin Nob","floor":11,"turns":4},{"damage":0,"enemies":"3 Louse","floor":12,"turns":4},{"damage":0,"enemies":"Blue Slaver","floor":13,"turns":4},{"damage":4,"enemies":"The Guardian","floor":16,"turns":13},{"damage":0,"enemies":"Shell Parasite","floor":18,"turns":7},{"damage":12,"enemies":"Chosen","floor":23,"turns":5},{"damage":16,"enemies":"Slavers","floor":25,"turns":12},{"damage":0,"enemies":"Snake Plant","floor":27,"turns":5},{"damage":0,"enemies":"3 Cultists","floor":29,"turns":5},{"damage":0,"enemies":"Snecko","floor":30,"turns":9},{"damage":2,"enemies":"Champ","floor":33,"turns":19},{"damage":0,"enemies":"3 Darklings","floor":35,"turns":7},{"damage":0,"enemies":"Orb Walker","floor":36,"turns":4},{"damage":0,"enemies":"Maw","floor":37,"turns":8},{"damage":0,"floor":41,"turns":6},{"damage":0,"enemies":"Giant Head","floor":42,"turns":8},{"damage":29,"enemies":"2 Orb Walkers","floor":44,"turns":9},{"damage":0,"enemies":"3 Darklings","floor":46,"turns":4},{"damage":0,"enemies":"Nemesis","floor":47,"turns":11},{"damage":2,"enemies":"Transient","floor":48,"turns":5},{"damage":0,"enemies":"Donu and Deca","floor":50,"turns":9}],"relics_obtained":[{"floor":7,"key":"Pear"},{"floor":8,"key":"Bag of Preparation"},{"floor":9,"key":"Toolbox"},{"floor":11,"key":"Calipers"},{"floor":25,"key":"Anchor"},{"floor":26,"key":"Potion Belt"},{"floor":41,"key":"Incense Burner"},{"floor":42,"key":"Ginger"},{"floor":43,"key":"Blue Candle"},{"floor":44,"key":"Lantern"}],"event_choices":[{"event_name":"World of Goop","player_choice":"Gather Gold","floor":2,"damage_taken":0},{"event_name":"Shining Light","player_choice":"Entered Light","floor":4,"damage_taken":0},{"event_name":"Dead Adventurer","player_choice":"Searched \u00271\u0027 times","floor":7,"damage_taken":0},{"event_name":"The Library","player_choice":"Read","floor":20,"damage_taken":0},{"event_name":"The Lab","player_choice":"Got Potions","floor":21,"damage_taken":0},{"event_name":"Vampires","player_choice":"Became a vampire","floor":22,"damage_taken":0},{"event_name":"The Mausoleum","player_choice":"Yes","floor":31,"damage_taken":0},{"event_name":"Wheel of Change","player_choice":"Card Removal","floor":39,"damage_taken":0},{"event_name":"MindBloom","player_choice":"Fight","floor":41,"damage_taken":0},{"event_name":"Falling","player_choice":"Removed Skill","floor":45,"damage_taken":0}],"boss_relics":[{"not_picked":["Pandora\u0027s Box","Calling Bell"],"picked":"White Beast Statue"},{"not_picked":["Eternal Feather","Tiny House"],"picked":"Sozu"}],"items_purged_floors":[14,38],"is_endless":false,"potions_floor_spawned":[1,5,7,12,16,18,23,25,27,29,30,33,35,36,37,41,42,44,46,47,48],"seed_played":"-5486078777066318880","ascension_level":1,"potions_obtained":[{"floor":1,"key":"SpeedPotion"},{"floor":5,"key":"Weak Potion"},{"floor":7,"key":"FearPotion"},{"floor":12,"key":"Block Potion"},{"floor":16,"key":"SkillPotion"},{"floor":18,"key":"Block Potion"},{"floor":21,"key":"GamblersBrew"},{"floor":25,"key":"EssenceOfSteel"},{"floor":27,"key":"Weak Potion"},{"floor":29,"key":"Explosive Potion"},{"floor":30,"key":"Energy Potion"},{"floor":33,"key":"Ancient Potion"}],"is_trial":true}