{"gold_per_floor":[114,124,74,91,104,104,138,138,189,218,218,218,238,249,249,345,345,359,378,378,378,33,33,95,95,95,112,143,143,161,161,161,261,261,271,283,283,294,115,115,135,164,164,164,211,230,244,261,261,261],"floor_reached":51,"playtime":2596,"items_purged":["Strike_B","Strike_B"],"score":842,"play_id":"d66fd4d1-05a5-450e-8fb8-01922dbf7ccd","local_time":"20181020121249","is_ascension_mode":true,"campfire_choices":[{"data":"Zap","floor":6,"key":"SMITH"},{"data":"Loop","floor":8,"key":"SMITH"},{"floor":15,"key":"REST"},{"data":"Coolheaded","floor":23,"key":"SMITH"},{"floor":29,"key":"REST"},{"data":"Defragment","floor":32,"key":"SMITH"},{"data":"Defragment","floor":40,"key":"SMITH"},{"data":"Capacitor","floor":44,"key":"SMITH"},{"data":"Redo","floor":49,"key":"SMITH"}],"neow_cost":"TEN_PERCENT_HP_LOSS","seed_source_timestamp":13530534566154,"circlet_count":0,"master_deck":["Defend_B","Defend_B","Defend_B","Defend_B","Zap+1","Dualcast","Loop+1","Go for the Eyes","Seek","Conserve Battery","Coolheaded+1","Capacitor+1","Coolheaded","Electrodynamics","Sweeping Beam+1","Steam","FTL","Turbo","Auto Shields","Reprogram+1","Rebound+1","Defragment+1","Seek","Rainbow","Chill","Gash","Barrage+1","Defragment+1","Defragment","Redo+1","Turbo+1"],"relics":["Cracked Core","Nunchaku","Mercury Hourglass","Oddly Smooth Stone","Regal Pillow","Philosopher\u0027s Stone","Enchiridion","Art of War","Tiny Chest","Pear","Pen Nib","Coffee Dripper","Orichalcum","Unceasing Top","Omamori"],"potions_floor_usage":[16,16,24,28,33,50,50],"damage_taken":[{"damage":3,"enemies":"Jaw Worm","floor":1,"turns":3},{"damage":0,"enemies":"Small Slimes","floor":2,"turns":4},{"damage":1,"enemies":"2 Louse","floor":4,"turns":3},{"damage":4,"enemies":"2 Fungi Beasts","floor":5,"turns":3},{"damage":26,"enemies":"3 Sentries","floor":7,"turns":6},{"damage":18,"enemies":"Gremlin Nob","floor":10,"turns":4},{"damage":0,"enemies":"Exordium Wildlife","floor":13,"turns":3},{"damage":0,"enemies":"Blue Slaver","floor":14,"turns":3},{"damage":0,"enemies":"Slime Boss","floor":16,"turns":5},{"damage":0,"enemies":"Chosen","floor":18,"turns":4},{"damage":14,"enemies":"Spheric Guardian","floor":19,"turns":4},{"damage":17,"enemies":"Gremlin Leader","floor":24,"turns":5},{"damage":0,"enemies":"3 Cultists","floor":27,"turns":3},{"damage":29,"enemies":"Book of Stabbing","floor":28,"turns":8},{"damage":9,"enemies":"Shelled Parasite and Fungi","floor":30,"turns":6},{"damage":18,"enemies":"Automaton","floor":33,"turns":9},{"damage":4,"enemies":"Orb Walker","floor":35,"turns":3},{"damage":3,"enemies":"3 Darklings","floor":36,"turns":3},{"damage":2,"enemies":"Transient","floor":38,"turns":5},{"damage":2,"enemies":"Maw","floor":41,"turns":7},{"damage":6,"enemies":"Giant Head","floor":42,"turns":8},{"damage":0,"enemies":"Jaw Worm Horde","floor":46,"turns":4},{"damage":4,"enemies":"3 Darklings","floor":47,"turns":2},{"damage":9,"enemies":"Sphere and 2 Shapes","floor":48,"turns":4},{"damage":25,"enemies":"Time Eater","floor":50,"turns":10}],"seed_played":"5716169006087746530","potions_obtained":[{"floor":1,"key":"FocusPotion"},{"floor":7,"key":"Swift Potion"},{"floor":10,"key":"Explosive Potion"},{"floor":13,"key":"FocusPotion"},{"floor":18,"key":"Weak Potion"},{"floor":19,"key":"Ancient Potion"},{"floor":21,"key":"FocusPotion"},{"floor":30,"key":"EssenceOfSteel"},{"floor":36,"key":"Fire Potion"},{"floor":42,"key":"AttackPotion"},{"floor":46,"key":"Ancient Potion"},{"floor":48,"key":"FairyPotion"}],"is_trial":false,"path_per_floor":["M","M","?","M","M","R","E","R","T","E","?","?","M","M","R","B",null,"M","M","?","?","$","R","E","?","T","M","E","R","M","?","R","B",null,"M","M","?","M","$","R","M","E","T","R","T","M","M","M","R","B"],"character_chosen":"DEFECT","items_purchased":["FTL","Turbo","Art of War","Defragment"],"campfire_rested":2,"item_purchase_floors":[22,22,22,39],"current_hp_per_floor":[65,65,65,64,60,60,34,34,34,16,9,9,9,9,44,44,68,68,54,38,38,38,38,21,21,31,31,2,40,31,31,31,13,78,74,71,71,69,69,69,67,61,61,61,61,61,57,48,48,23],"gold":261,"neow_bonus":"ONE_RARE_RELIC","is_prod":false,"is_daily":false,"chose_seed":false,"campfire_upgraded":7,"win_rate":0,"timestamp":1540048369,"path_taken":["M","M","?","M","M","R","E","R","T","E","?","?","?","M","R","BOSS","M","M","?","?","$","R","E","?","T","M","E","R","M","?","R","BOSS","M","M","?","?","$","R","M","E","T","R","?","M","?","M","R","BOSS"],"build_version":"2018-10-18","purchased_purges":2,"victory":true,"max_hp_per_floor":[68,68,68,68,68,68,68,68,68,68,68,68,68,68,68,68,68,68,68,68,68,68,68,68,68,78,78,78,78,78,78,78,78,78,78,78,78,78,78,78,78,78,78,78,78,78,78,78,78,78],"card_choices":[{"not_picked":["Ball Lightning","Barrage"],"picked":"Loop","floor":1},{"not_picked":["Hologram","Compile Driver"],"picked":"Go for the Eyes","floor":2},{"not_picked":["Hello World","Rebound"],"picked":"Sweeping Beam","floor":4},{"not_picked":["Force Field","Steam"],"picked":"Seek","floor":5},{"not_picked":["Hello World","Rebound"],"picked":"Conserve Battery","floor":7},{"not_picked":["Blizzard","Force Field"],"picked":"Coolheaded","floor":10},{"not_picked":["Sweeping Beam","Reinforced Body"],"picked":"Capacitor","floor":13},{"not_picked":["Redo","Streamline"],"picked":"Coolheaded","floor":14},{"not_picked":["Multi-Cast","Buffer"],"picked":"Electrodynamics","floor":16},{"not_picked":["Streamline","Leap"],"picked":"Sweeping Beam+1","floor":18},{"not_picked":["Leap","Rebound"],"picked":"Steam","floor":19},{"not_picked":["Machine Learning","Capacitor"],"picked":"Auto Shields","floor":24},{"not_picked":["Sweeping Beam","Ball Lightning"],"picked":"Reprogram+1","floor":27},{"not_picked":["Tempest+1","Undo+1"],"picked":"Rebound+1","floor":28},{"not_picked":["Steam Power","Tempest"],"picked":"Defragment","floor":30},{"not_picked":["Meteor Strike","Hyperbeam"],"picked":"Rainbow","floor":33},{"not_picked":["Beam Cell","Skim+1"],"picked":"Chill","floor":35},{"not_picked":["BootSequence+1","Stack+1"],"picked":"Gash","floor":36},{"not_picked":["Blizzard","BootSequence"],"picked":"Barrage+1","floor":38},{"not_picked":["Blizzard+1","Lockon","Tempest+1"],"picked":"SKIP","floor":41},{"not_picked":["Heatsinks","Conserve Battery+1"],"picked":"Defragment","floor":42},{"not_picked":["Force Field+1","Barrage+1","Defragment"],"picked":"SKIP","floor":46},{"not_picked":["Steam+1","Force Field+1"],"picked":"Redo","floor":47},{"not_picked":["Conserve Battery","Rebound+1"],"picked":"Turbo+1","floor":48}],"player_experience":97679,"relics_obtained":[{"floor":7,"key":"Mercury Hourglass"},{"floor":9,"key":"Oddly Smooth Stone"},{"floor":10,"key":"Regal Pillow"},{"floor":20,"key":"Enchiridion"},{"floor":24,"key":"Tiny Chest"},{"floor":26,"key":"Pear"},{"floor":28,"key":"Pen Nib"},{"floor":42,"key":"Orichalcum"},{"floor":43,"key":"Unceasing Top"},{"floor":45,"key":"Omamori"}],"event_choices":[{"cards_removed":["Strike_B"],"damage_healed":0,"gold_gain":0,"player_choice":"Card Removal","damage_taken":0,"max_hp_gain":0,"max_hp_loss":0,"event_name":"The Cleric","floor":3,"gold_loss":50},{"cards_removed":["Strike_B"],"damage_healed":0,"gold_gain":0,"player_choice":"Card Removal","damage_taken":7,"max_hp_gain":0,"max_hp_loss":0,"event_name":"Golden Wing","floor":11,"gold_loss":0},{"damage_healed":0,"gold_gain":0,"player_choice":"Ignored","damage_taken":0,"max_hp_gain":0,"max_hp_loss":0,"event_name":"Shining Light","floor":12,"gold_loss":0},{"damage_healed":0,"gold_gain":0,"player_choice":"Obtained Book","damage_taken":16,"max_hp_gain":0,"max_hp_loss":0,"event_name":"Cursed Tome","floor":20,"gold_loss":0},{"damage_healed":0,"gold_gain":0,"player_choice":"Got Potions","damage_taken":0,"max_hp_gain":0,"max_hp_loss":0,"event_name":"The Lab","floor":21,"gold_loss":0},{"damage_healed":0,"gold_gain":0,"player_choice":"Ignored","damage_taken":0,"max_hp_gain":0,"max_hp_loss":0,"event_name":"Vampires","floor":25,"gold_loss":0},{"damage_healed":0,"gold_gain":0,"player_choice":"Copied","damage_taken":0,"max_hp_gain":0,"max_hp_loss":0,"event_name":"Duplicator","floor":31,"gold_loss":0,"cards_obtained":["Seek"]},{"cards_removed":["Sweeping Beam"],"damage_healed":0,"gold_gain":0,"player_choice":"Removed Attack","damage_taken":0,"max_hp_gain":0,"max_hp_loss":0,"event_name":"Falling","floor":37,"gold_loss":0}],"is_beta":false,"boss_relics":[{"not_picked":["Empty Cage","Eternal Feather"],"picked":"Philosopher\u0027s Stone"},{"not_picked":["Fusion Hammer","Orrery"],"picked":"Coffee Dripper"}],"items_purged_floors":[22,39],"is_endless":false,"potions_floor_spawned":[1,7,10,13,18,19,30,36,42,46,48],"ascension_level":1}