{"gold_per_floor":[13,32,45,45,120,120,140,140,140,140,13,13,38,38],"floor_reached":14,"playtime":480,"items_purged":["Strike_B"],"score":160,"play_id":"b00384f4-d7b5-4006-8575-c294c6e4af03","local_time":"20180921170247","is_ascension_mode":true,"campfire_choices":[{"data":"Zap","floor":6,"key":"SMITH"},{"data":"Ball Lightning","floor":8,"key":"SMITH"},{"data":"Dualcast","floor":10,"key":"SMITH"},{"data":"Capacitor","floor":12,"key":"SMITH"}],"neow_cost":"NO_GOLD","seed_source_timestamp":769826964059972,"circlet_count":0,"master_deck":["Strike_B","Defend_B","Defend_B","Defend_B","Defend_B","Zap+1","Dualcast+1","AscendersBane","Steam","BootSequence","Ball Lightning+1","Conserve Battery","Capacitor+1"],"relics":["Cracked Core","Golden Idol","The Courier"],"potions_floor_usage":[14],"damage_taken":[{"damage":2,"enemies":"Jaw Worm","floor":1,"turns":4},{"damage":2,"enemies":"2 Louse","floor":2,"turns":3},{"damage":1,"enemies":"Cultist","floor":3,"turns":5},{"damage":1,"enemies":"2 Fungi Beasts","floor":7,"turns":3},{"damage":1,"enemies":"Blue Slaver","floor":13,"turns":4},{"damage":7,"enemies":"Gremlin Nob","floor":14,"turns":3}],"seed_played":"-5977905081429893895","potions_obtained":[{"floor":7,"key":"GamblersBrew"},{"floor":13,"key":"Energy Potion"}],"is_trial":false,"path_per_floor":["M","M","M","?","?","R","M","R","T","R","$","R","M"],"character_chosen":"DEFECT","items_purchased":["Capacitor"],"campfire_rested":0,"item_purchase_floors":[11],"current_hp_per_floor":[62,60,59,59,48,48,47,47,47,47,47,47,46,39],"gold":38,"neow_bonus":"REMOVE_TWO","is_prod":false,"is_daily":false,"chose_seed":false,"campfire_upgraded":4,"win_rate":0,"timestamp":1537570967,"path_taken":["M","M","M","?","?","R","M","R","T","R","?","R","M","E"],"build_version":"2018-09-20","purchased_purges":1,"victory":false,"max_hp_per_floor":[71,71,71,64,64,64,64,64,64,64,64,64,64,64],"card_choices":[{"not_picked":["Stack","Coolheaded"],"picked":"Steam","floor":1},{"not_picked":["Rebound","Heatsinks"],"picked":"BootSequence","floor":2},{"not_picked":["Go for the Eyes","Rip and Tear"],"picked":"Ball Lightning","floor":3},{"not_picked":["Reinforced Body","Compile Driver"],"picked":"Conserve Battery","floor":7},{"not_picked":["Static Discharge","Aggregate","Turbo"],"picked":"SKIP","floor":13},{"not_picked":["Static Discharge","Aggregate","Turbo"],"picked":"SKIP","floor":13}],"player_experience":1057410,"relics_obtained":[{"floor":9,"key":"The Courier"}],"event_choices":[{"event_name":"Golden Idol","player_choice":"Lose Max HP","floor":4,"damage_taken":0},{"event_name":"World of Goop","player_choice":"Gather Gold","floor":5,"damage_taken":0}],"is_beta":true,"boss_relics":[],"items_purged_floors":[11],"is_endless":false,"potions_floor_spawned":[7,13],"killed_by":"Gremlin Nob","ascension_level":20}