{"gold_per_floor":[115,115,135,285,285,285,299,317,317,351,71,71,71,89,89,182,182,207,250,250],"floor_reached":20,"playtime":953,"items_purged":["Strike_B"],"score":344,"play_id":"f3fc1eee-7294-41e6-8960-a9285a3da6eb","local_time":"20180921173258","is_ascension_mode":true,"campfire_choices":[{"data":"Go for the Eyes","floor":6,"key":"SMITH"},{"data":"Zap","floor":12,"key":"SMITH"},{"data":"Steam","floor":15,"key":"SMITH"}],"neow_cost":"NONE","seed_source_timestamp":771165698317769,"circlet_count":0,"master_deck":["Strike_B","Strike_B","Defend_B","Defend_B","Defend_B","Defend_B","Zap+1","Dualcast","AscendersBane","Beam Cell","Go for the Eyes+1","Skim","Streamline","Rip and Tear","Scrape","Gash","Steam+1","All For One","Gash","Conserve Battery","Chill","Ball Lightning","Leap","Gash"],"relics":["Cracked Core","Omamori","Golden Idol","Pantograph","Bag of Marbles","Orrery","Red Mask"],"potions_floor_usage":[3,16,19,19],"damage_taken":[{"damage":8,"enemies":"2 Louse","floor":1,"turns":3},{"damage":0,"enemies":"Jaw Worm","floor":3,"turns":2},{"damage":6,"enemies":"Cultist","floor":7,"turns":4},{"damage":7,"enemies":"Blue Slaver","floor":8,"turns":4},{"damage":15,"enemies":"Lagavulin","floor":10,"turns":7},{"damage":0,"enemies":"Exordium Wildlife","floor":14,"turns":2},{"damage":4,"enemies":"The Guardian","floor":16,"turns":12},{"damage":10,"enemies":"2 Thieves","floor":18,"turns":3},{"damage":47,"enemies":"Masked Bandits","floor":19,"turns":4},{"damage":0,"enemies":"Chosen","floor":20,"turns":3}],"seed_played":"-3081525170803299529","potions_obtained":[{"floor":1,"key":"Block Potion"},{"floor":3,"key":"LiquidBronze"},{"floor":18,"key":"Poison Potion"}],"is_trial":false,"path_per_floor":["M","?","M","?","?","R","M","M","T","E","$","R","?","M","R","B",null,"M","?"],"character_chosen":"DEFECT","items_purchased":["Scrape","Gash","Block Potion"],"campfire_rested":0,"item_purchase_floors":[11,11,11],"current_hp_per_floor":[56,71,71,71,64,64,58,51,51,36,36,36,29,29,29,50,61,51,4,4],"gold":250,"neow_bonus":"RANDOM_COMMON_RELIC","is_prod":false,"is_daily":false,"chose_seed":false,"campfire_upgraded":3,"win_rate":0,"timestamp":1537572778,"path_taken":["M","?","?","?","?","R","M","M","T","E","$","R","?","M","R","BOSS","M","?","M"],"build_version":"2018-09-20","purchased_purges":1,"victory":false,"max_hp_per_floor":[71,71,71,71,64,64,64,64,64,64,64,64,64,64,64,64,64,64,64,64],"card_choices":[{"not_picked":["Static Discharge","Stack"],"picked":"Beam Cell","floor":1},{"not_picked":["Leap","Melter"],"picked":"Go for the Eyes","floor":3},{"not_picked":["Stack","Turbo"],"picked":"Skim","floor":7},{"not_picked":["Turbo","Sweeping Beam"],"picked":"Streamline","floor":8},{"not_picked":["Loop","Tempest"],"picked":"Rip and Tear","floor":10},{"not_picked":["Ball Lightning","Sweeping Beam"],"picked":"Steam","floor":14},{"not_picked":["Thunder Strike","Meteor Strike"],"picked":"All For One","floor":16},{"not_picked":["Conserve Battery","White Noise"],"picked":"Gash","floor":17},{"not_picked":["Redo","Cold Snap"],"picked":"Conserve Battery","floor":17},{"not_picked":["Reinforced Body","Compile Driver"],"picked":"Chill","floor":17},{"not_picked":["Compile Driver","Barrage"],"picked":"Ball Lightning","floor":17},{"not_picked":["Heatsinks","Stack"],"picked":"Leap","floor":18},{"not_picked":["Leap","Redo"],"picked":"Gash","floor":19}],"player_experience":1058709,"relics_obtained":[{"floor":9,"key":"Pantograph"},{"floor":10,"key":"Bag of Marbles"},{"floor":19,"key":"Red Mask"}],"event_choices":[{"event_name":"Big Fish","player_choice":"Banana","floor":2,"damage_taken":0},{"event_name":"Liars Game","player_choice":"agreed","floor":4,"damage_taken":0},{"event_name":"Golden Idol","player_choice":"Lose Max HP","floor":5,"damage_taken":0},{"event_name":"Golden Wing","player_choice":"Card Removal","floor":13,"damage_taken":0},{"event_name":"Masked Bandits","player_choice":"Fought Bandits","floor":19,"damage_taken":0}],"is_beta":true,"boss_relics":[{"not_picked":["Calling Bell","Eternal Feather"],"picked":"Orrery"}],"items_purged_floors":[11],"is_endless":false,"potions_floor_spawned":[1,3,14,18],"killed_by":"Chosen","ascension_level":20}