{"gold_per_floor":[219,231,243,243,253,278,278,295,295,295,10,10,10,39,39,136,136,150,75,75,87,98,125,139,139,162,181,216,236,40,60,60,157,157,175,192,238,238,238,238,269,286,311,327,21,54,54,68,68,68],"floor_reached":51,"playtime":2358,"items_purged":["Strike_B","Shame"],"score":896,"play_id":"fff5f06a-8e23-4d7a-a62b-dd4dfaaff6c3","local_time":"20181214170205","is_ascension_mode":true,"campfire_choices":[{"data":"Zap","floor":7.0,"key":"SMITH"},{"data":"Dualcast","floor":10.0,"key":"SMITH"},{"floor":12.0,"key":"REST"},{"data":"Steam","floor":15.0,"key":"SMITH"},{"floor":25.0,"key":"REST"},{"floor":32.0,"key":"REST"},{"floor":40.0,"key":"REST"},{"floor":47.0,"key":"REST"},{"floor":49.0,"key":"REST"}],"neow_cost":"NONE","seed_source_timestamp":15187643687676,"circlet_count":0,"master_deck":["Strike_B+1","Defend_B+1","Defend_B","Defend_B","Defend_B","Zap+1","Dualcast+1","Sweeping Beam","Sweeping Beam","Conserve Battery","Steam+1","Gash","Ball Lightning+1","Conserve Battery","Coolheaded+1","Leap+1","Stack+1","Ball Lightning+1","Barrage+1","Sweeping Beam+1","Beam Cell+1","Stack","Cold Snap+1","Leap","Gash+1","Sweeping Beam+1","Go for the Eyes+1","Turbo+1","Conserve Battery","Gash+1"],"special_seed":0,"relics":["Cracked Core","Gambling Chip","Molten Egg 2","DataDisk","Frozen Egg 2","Inserter","Matryoshka","Darkstone Periapt","PreservedInsect","Sundial","ClockworkSouvenir","Cursed Key","Unceasing Top","Bottled Lightning","Blood Vial","Pen Nib","Oddly Smooth Stone","Omamori"],"potions_floor_usage":[50,50],"damage_taken":[{"damage":0.0,"enemies":"Small Slimes","floor":1.0,"turns":3.0},{"damage":0.0,"enemies":"2 Louse","floor":2.0,"turns":3.0},{"damage":1.0,"enemies":"Cultist","floor":3.0,"turns":3.0},{"damage":4.0,"enemies":"2 Fungi Beasts","floor":5.0,"turns":3.0},{"damage":13.0,"enemies":"3 Sentries","floor":6.0,"turns":5.0},{"damage":0.0,"enemies":"Blue Slaver","floor":8.0,"turns":3.0},{"damage":6.0,"enemies":"Gremlin Nob","floor":14.0,"turns":3.0},{"damage":10.0,"enemies":"Hexaghost","floor":16.0,"turns":8.0},{"damage":0.0,"enemies":"Chosen","floor":18.0,"turns":4.0},{"damage":12.0,"enemies":"3 Byrds","floor":21.0,"turns":4.0},{"damage":15.0,"enemies":"Shelled Parasite and Fungi","floor":22.0,"turns":11.0},{"damage":25.0,"enemies":"Slavers","floor":23.0,"turns":5.0},{"damage":0.0,"enemies":"Centurion and Healer","floor":24.0,"turns":6.0},{"damage":4.0,"enemies":"3 Cultists","floor":27.0,"turns":5.0},{"damage":1.0,"enemies":"Gremlin Leader","floor":28.0,"turns":4.0},{"damage":2.0,"enemies":"Snecko","floor":29.0,"turns":4.0},{"damage":12.0,"enemies":"Centurion and Healer","floor":31.0,"turns":4.0},{"damage":29.0,"enemies":"Automaton","floor":33.0,"turns":11.0},{"damage":11.0,"enemies":"3 Darklings","floor":35.0,"turns":7.0},{"damage":0.0,"enemies":"Orb Walker","floor":36.0,"turns":4.0},{"damage":23.0,"enemies":"2 Orb Walkers","floor":37.0,"turns":5.0},{"damage":18.0,"enemies":"Giant Head","floor":41.0,"turns":8.0},{"damage":17.0,"enemies":"Writhing Mass","floor":42.0,"turns":7.0},{"damage":0.0,"enemies":"Spire Growth","floor":44.0,"turns":5.0},{"damage":0.0,"enemies":"Nemesis","floor":46.0,"turns":5.0},{"damage":13.0,"enemies":"3 Darklings","floor":48.0,"turns":4.0},{"damage":57,"enemies":"Donu and Deca","floor":50,"turns":12}],"seed_played":"-7151896995002392070","potions_obtained":[{"floor":3.0,"key":"Dexterity Potion"},{"floor":8.0,"key":"Swift Potion"},{"floor":14.0,"key":"Explosive Potion"},{"floor":16.0,"key":"Dexterity Potion"},{"floor":24.0,"key":"GamblersBrew"},{"floor":42.0,"key":"Swift Potion"},{"floor":48.0,"key":"Ancient Potion"}],"is_trial":false,"path_per_floor":["M","M","M","?","M","E","R","M","T","R","$","R","?","E","R","B",null,"M","?","?","M","M","E","M","R","T","M","E","M","$","M","R","B",null,"M","M","?","?","?","R","E","M","T","M","$","E","R","M","R","B",null],"character_chosen":"DEFECT","items_purchased":["DataDisk","Ball Lightning+1","ClockworkSouvenir","Oddly Smooth Stone","Conserve Battery"],"campfire_rested":6,"item_purchase_floors":[11,11,30,45,45],"current_hp_per_floor":[75,75,74,59,55,42,42,42,42,42,42,64,64,58,58,48,75,75,75,75,63,48,23,23,45,45,41,40,38,38,26,48,19,75,64,64,41,41,41,63,45,28,34,36,36,38,62,51,75,20],"gold":68,"neow_bonus":"HUNDRED_GOLD","is_prod":false,"is_daily":false,"chose_seed":false,"campfire_upgraded":3,"win_rate":0,"timestamp":1544814125,"path_taken":["M","M","M","?","M","E","R","M","T","R","$","R","?","E","R","BOSS","M","?","?","M","M","E","?","R","T","M","E","M","$","M","R","BOSS","M","M","?","?","?","R","E","M","T","M","$","E","R","M","R","BOSS"],"build_version":"2018-12-13","purchased_purges":2,"victory":true,"max_hp_per_floor":[75,75,75,75,75,75,75,75,75,75,75,75,75,75,75,75,75,75,75,75,75,75,75,75,75,75,75,75,75,75,75,75,75,75,75,75,75,75,75,75,75,75,81,81,81,81,81,81,81,81],"card_choices":[{"not_picked":["Leap","Streamline"],"picked":"Sweeping Beam","floor":1.0},{"not_picked":["White Noise","Chaos"],"picked":"Sweeping Beam","floor":2.0},{"not_picked":["Fusion","Lockon","Recycle"],"picked":"SKIP","floor":3.0},{"not_picked":["Storm","Go for the Eyes"],"picked":"Conserve Battery","floor":5.0},{"not_picked":["Glacier","Machine Learning"],"picked":"Steam","floor":6.0},{"not_picked":["Sweeping Beam","Go for the Eyes"],"picked":"Gash","floor":8.0},{"not_picked":["Darkness","Scrape+1"],"picked":"Conserve Battery","floor":14.0},{"not_picked":["Streamline+1","Sweeping Beam+1"],"picked":"Coolheaded+1","floor":18.0},{"not_picked":["Sweeping Beam+1","Chaos"],"picked":"Leap+1","floor":21.0},{"not_picked":["Fusion+1","Coolheaded"],"picked":"Stack+1","floor":22.0},{"not_picked":["Recycle","Coolheaded"],"picked":"Ball Lightning+1","floor":23.0},{"not_picked":["Genetic Algorithm","Blizzard+1"],"picked":"Barrage+1","floor":24.0},{"not_picked":["Hello World+1","Reinforced Body"],"picked":"Sweeping Beam+1","floor":27.0},{"not_picked":["Conserve Battery","Darkness"],"picked":"Beam Cell+1","floor":28.0},{"not_picked":["Leap","White Noise"],"picked":"Stack","floor":29.0},{"not_picked":["Rebound+1","Rainbow"],"picked":"Cold Snap+1","floor":31.0},{"not_picked":["Static Discharge+1","Beam Cell+1"],"picked":"Leap","floor":35.0},{"not_picked":["Sunder+1","Doom and Gloom+1"],"picked":"Gash+1","floor":36.0},{"not_picked":["Streamline+1","Reprogram+1"],"picked":"Sweeping Beam+1","floor":37.0},{"not_picked":["Fusion+1","Streamline+1","Biased Cognition+1"],"picked":"SKIP","floor":41.0},{"not_picked":["Conserve Battery","Capacitor+1"],"picked":"Go for the Eyes+1","floor":42.0},{"not_picked":["Tempest","Reprogram"],"picked":"Turbo+1","floor":44.0},{"not_picked":["Hologram+1","Genetic Algorithm"],"picked":"Gash+1","floor":46.0},{"not_picked":["Reprogram","Rip and Tear+1","Streamline+1"],"picked":"SKIP","floor":48.0}],"player_experience":244401,"relics_obtained":[{"floor":6.0,"key":"Gambling Chip"},{"floor":9.0,"key":"Molten Egg 2"},{"floor":14.0,"key":"Frozen Egg 2"},{"floor":23.0,"key":"Matryoshka"},{"floor":26.0,"key":"Darkstone Periapt"},{"floor":26.0,"key":"PreservedInsect"},{"floor":28.0,"key":"Sundial"},{"floor":37.0,"key":"Unceasing Top"},{"floor":41.0,"key":"Bottled Lightning"},{"floor":43.0,"key":"Blood Vial"},{"floor":43.0,"key":"Pen Nib"},{"floor":46.0,"key":"Omamori"}],"event_choices":[{"damage_healed":0.0,"max_hp_gain":0.0,"max_hp_loss":0.0,"gold_gain":0.0,"event_name":"Shining Light","player_choice":"Entered Light","floor":4.0,"gold_loss":0.0,"damage_taken":15.0,"cards_upgraded":["Strike_B","Defend_B"]},{"cards_removed":["Strike_B"],"damage_healed":0.0,"max_hp_gain":0.0,"max_hp_loss":0.0,"gold_gain":0.0,"event_name":"Living Wall","player_choice":"Forget","floor":13.0,"gold_loss":0.0,"damage_taken":0.0},{"cards_removed":["Strike_B"],"damage_healed":0.0,"max_hp_gain":0.0,"max_hp_loss":0.0,"gold_gain":0.0,"event_name":"Beggar","player_choice":"Gave Gold","floor":19.0,"gold_loss":75.0,"damage_taken":0.0},{"damage_healed":0.0,"max_hp_gain":0.0,"max_hp_loss":0.0,"gold_gain":0.0,"event_name":"Match and Keep!","player_choice":"1 cards matched","floor":20.0,"gold_loss":0.0,"damage_taken":0.0,"cards_obtained":["Zap"]},{"damage_healed":0.0,"max_hp_gain":0.0,"max_hp_loss":0.0,"gold_gain":0.0,"event_name":"Mysterious Sphere","player_choice":"Fight","floor":37.0,"gold_loss":0.0,"damage_taken":0.0},{"cards_removed":["Zap"],"damage_healed":0.0,"max_hp_gain":0.0,"max_hp_loss":0.0,"gold_gain":0.0,"event_name":"Falling","player_choice":"Removed Skill","floor":38.0,"gold_loss":0.0,"damage_taken":0.0},{"damage_healed":0.0,"max_hp_gain":0.0,"max_hp_loss":0.0,"gold_gain":0.0,"event_name":"SensoryStone","player_choice":"Memory 1","floor":39.0,"gold_loss":0.0,"damage_taken":0.0}],"is_beta":false,"boss_relics":[{"not_picked":["Astrolabe","Snecko Eye"],"picked":"Inserter"},{"not_picked":["Coffee Dripper","Busted Crown"],"picked":"Cursed Key"}],"items_purged_floors":[11,45],"is_endless":false,"potions_floor_spawned":[3,8,14,16,18,24,27,28,36,42,46,48],"ascension_level":1}