{"gold_per_floor":[117,129,148,160,160,160,192,192,192,202,202],"floor_reached":11,"playtime":401,"items_purged":[],"score":131,"play_id":"cb0c87df-2a48-44f4-ae77-bfbf74e9c98b","local_time":"20180712153603","is_ascension_mode":true,"campfire_choices":[{"data":"Dagger Spray","floor":6,"key":"SMITH"},{"data":"Sucker Punch","floor":8,"key":"SMITH"}],"neow_cost":"NONE","seed_source_timestamp":141553191224136,"circlet_count":0,"master_deck":["Defend_G","Defend_G","Defend_G","Defend_G","Defend_G","Strike_G","Strike_G","Strike_G","Strike_G","Strike_G","Survivor","Neutralize+1","AscendersBane","Dagger Spray+1","Outmaneuver","PiercingWail","Burst","Sucker Punch+1","Slice"],"special_seed":17724,"relics":["Ring of the Snake","Mummified Hand","Ornamental Fan"],"potions_floor_usage":[7],"damage_taken":[{"damage":1,"enemies":"Cultist","floor":1,"turns":5},{"damage":2,"enemies":"Small Slimes","floor":2,"turns":2},{"damage":0,"enemies":"2 Louse","floor":3,"turns":3},{"damage":7,"enemies":"Blue Slaver","floor":4,"turns":5},{"damage":40,"enemies":"Gremlin Nob","floor":7,"turns":6},{"damage":2,"enemies":"2 Fungi Beasts","floor":10,"turns":3},{"damage":8,"enemies":"Lagavulin","floor":11,"turns":7}],"seed_played":"-4311942942209726919","potions_obtained":[{"floor":2,"key":"Swift Potion"}],"is_trial":false,"path_per_floor":["M","M","M","M","?","R","E","R","T","M"],"character_chosen":"THE_SILENT","items_purchased":[],"campfire_rested":0,"item_purchase_floors":[],"current_hp_per_floor":[58,56,56,49,66,66,26,26,26,24,16],"gold":202,"neow_bonus":"UPGRADE_CARD","is_prod":false,"is_daily":false,"chose_seed":false,"campfire_upgraded":2,"win_rate":0,"timestamp":1531431363,"path_taken":["M","M","?","M","?","R","E","R","T","M","E"],"build_version":"2018-07-12","purchased_purges":0,"victory":false,"max_hp_per_floor":[66,66,66,66,66,66,66,66,66,66,66],"card_choices":[{"not_picked":["Flying Knee","Expertise"],"picked":"Dagger Spray","floor":1},{"not_picked":["Quick Slash","Prepared"],"picked":"Outmaneuver","floor":2},{"not_picked":["Catalyst","Deflect"],"picked":"PiercingWail","floor":3},{"not_picked":["Deflect","PiercingWail"],"picked":"Burst","floor":4},{"not_picked":["Reflex","Deadly Poison"],"picked":"Sucker Punch","floor":7},{"not_picked":["Prepared","Flying Knee"],"picked":"Slice","floor":10}],"player_experience":764469,"relics_obtained":[{"floor":7,"key":"Mummified Hand"},{"floor":9,"key":"Ornamental Fan"}],"event_choices":[{"event_name":"Big Fish","player_choice":"Banana","floor":5,"damage_taken":0}],"boss_relics":[],"items_purged_floors":[],"is_endless":false,"potions_floor_spawned":[2],"killed_by":"Lagavulin","ascension_level":15}