{"gold_per_floor":[117,117,292,305,321,347,36,36],"floor_reached":8,"playtime":434,"items_purged":["Regret"],"score":59,"play_id":"0fb8ed41-69b5-4215-8fc7-088164908825","local_time":"20190213015747","is_ascension_mode":true,"campfire_choices":[],"neow_cost":"NONE","seed_source_timestamp":133448509591318,"circlet_count":0,"master_deck":["Defend_G","Defend_G","Defend_G","Defend_G","Defend_G","Strike_G","Strike_G","Strike_G","Strike_G","Strike_G","Survivor","Neutralize","Blade Dance","Doubt","Backstab","Acrobatics","Endless Agony","Master of Strategy"],"special_seed":0,"relics":["Black Star","The Courier","Du-Vu Doll","Juzu Bracelet"],"potions_floor_usage":[6,8,8,8],"damage_taken":[{"damage":2.0,"enemies":"Small Slimes","floor":1.0,"turns":5.0},{"damage":3.0,"enemies":"2 Louse","floor":4.0,"turns":3.0},{"damage":7.0,"enemies":"Jaw Worm","floor":5.0,"turns":4.0},{"damage":57,"enemies":"Gremlin Nob","floor":6,"turns":6},{"damage":5,"enemies":"Lagavulin","floor":8,"turns":2}],"seed_played":"-45571264713006815","potions_obtained":[{"floor":1.0,"key":"FearPotion"},{"floor":6,"key":"Weak Potion"}],"is_trial":false,"path_per_floor":["M","?","?","M","M","E","$","E"],"character_chosen":"THE_SILENT","items_purchased":["EssenceOfSteel","EssenceOfSteel","Master of Strategy"],"campfire_rested":0,"item_purchase_floors":[7,7,7],"current_hp_per_floor":[68,68,68,65,58,1,1,0],"gold":36,"neow_bonus":"BOSS_RELIC","is_prod":false,"is_daily":false,"chose_seed":false,"campfire_upgraded":0,"win_rate":0,"timestamp":1550019467,"path_taken":["M","?","?","M","M","E","?","E"],"build_version":"2019-01-23","purchased_purges":1,"victory":false,"max_hp_per_floor":[70,70,70,70,70,70,70,70],"card_choices":[{"not_picked":["Blur","Slice"],"picked":"Blade Dance","floor":1.0},{"not_picked":["Well Laid Plans","Predator"],"picked":"Backstab","floor":4.0},{"not_picked":["Riddle With Holes","Sucker Punch"],"picked":"Acrobatics","floor":5.0},{"not_picked":["All Out Attack","Dagger Spray"],"picked":"Endless Agony","floor":6}],"player_experience":164009,"relics_obtained":[{"floor":6,"key":"Du-Vu Doll"},{"floor":6,"key":"Juzu Bracelet"}],"event_choices":[{"damage_healed":0.0,"max_hp_gain":0.0,"max_hp_loss":0.0,"gold_gain":0.0,"event_name":"Big Fish","player_choice":"Box","floor":2.0,"gold_loss":0.0,"damage_taken":0.0,"relics_obtained":["The Courier"],"cards_obtained":["Regret"]},{"damage_healed":0.0,"max_hp_gain":0.0,"max_hp_loss":0.0,"gold_gain":175.0,"event_name":"Liars Game","player_choice":"AGREE","floor":3.0,"gold_loss":0.0,"damage_taken":0.0,"cards_obtained":["Doubt"]}],"is_beta":false,"boss_relics":[],"items_purged_floors":[7],"is_endless":false,"potions_floor_spawned":[1,6],"killed_by":"Lagavulin","ascension_level":1}