{"gold_per_floor":[109,123,123,146,146,185,185,228,266,278],"floor_reached":10,"playtime":479,"items_purged":[],"score":103,"play_id":"d89c9241-a418-4a35-b81a-8f20251bbc7e","local_time":"20190213011315","is_ascension_mode":true,"campfire_choices":[{"data":"FTL","floor":7,"key":"SMITH"}],"neow_cost":"NONE","seed_source_timestamp":130883537435742,"circlet_count":0,"master_deck":["Strike_B","Strike_B","Strike_B","Strike_B","Defend_B","Defend_B","Defend_B","Zap","Dualcast","FTL","Glacier","Conserve Battery","FTL+1","Ball Lightning"],"relics":["Cracked Core","NeowsBlessing","Golden Idol","Regal Pillow","MawBank"],"potions_floor_usage":[8,8],"damage_taken":[{"damage":0,"enemies":"Small Slimes","floor":1,"turns":1},{"damage":0,"enemies":"2 Louse","floor":2,"turns":1},{"damage":0,"enemies":"Jaw Worm","floor":4,"turns":1},{"damage":25,"enemies":"Gremlin Nob","floor":6,"turns":5},{"damage":14,"enemies":"Lagavulin","floor":8,"turns":4},{"damage":0,"enemies":"3 Sentries","floor":10,"turns":2}],"seed_played":"5100030120200102509","potions_obtained":[{"floor":1,"key":"SteroidPotion"},{"floor":6,"key":"SteroidPotion"}],"is_trial":false,"path_per_floor":["M","M","?","M","?","E","R","E","T","E"],"character_chosen":"DEFECT","items_purchased":[],"campfire_rested":0,"item_purchase_floors":[],"current_hp_per_floor":[68,68,50,50,43,18,18,4,4,4],"gold":278,"neow_bonus":"THREE_ENEMY_KILL","is_prod":false,"is_daily":false,"chose_seed":false,"campfire_upgraded":1,"win_rate":0,"timestamp":1550016795,"path_taken":["M","M","?","M","?","E","R","E","T","E"],"build_version":"2019-01-23","purchased_purges":0,"victory":false,"max_hp_per_floor":[75,75,75,75,75,75,75,75,75,75],"card_choices":[{"not_picked":["Chaos","Rebound"],"picked":"FTL","floor":1},{"not_picked":["Cold Snap","Stack"],"picked":"Glacier","floor":2},{"not_picked":["Storm","Defragment"],"picked":"Conserve Battery","floor":4},{"not_picked":["Hologram","Recycle"],"picked":"FTL","floor":6},{"not_picked":["Tempest","Darkness"],"picked":"Ball Lightning","floor":8}],"player_experience":161829,"relics_obtained":[{"floor":6,"key":"Regal Pillow"},{"floor":8,"key":"MawBank"}],"event_choices":[{"damage_healed":0,"gold_gain":0,"player_choice":"Take Damage","damage_taken":18,"relics_obtained":["Golden Idol"],"max_hp_gain":0,"max_hp_loss":0,"event_name":"Golden Idol","floor":3,"gold_loss":0},{"cards_removed":["Defend_B"],"damage_healed":0,"gold_gain":0,"player_choice":"Card Removal","damage_taken":7,"max_hp_gain":0,"max_hp_loss":0,"event_name":"Golden Wing","floor":5,"gold_loss":0}],"is_beta":false,"boss_relics":[],"items_purged_floors":[],"is_endless":false,"potions_floor_spawned":[1,6],"killed_by":"3 Sentries","ascension_level":7}