{"gold_per_floor":[115,130,26,40,58,92,92,117,117,145,115,115,129,143,143,143],"floor_reached":16,"playtime":872,"items_purged":[],"score":147,"play_id":"b61f44f4-b7cf-4222-bc94-d14db57f1335","local_time":"20190124201937","is_ascension_mode":false,"campfire_choices":[{"data":"Calculated Gamble","floor":12,"key":"SMITH"},{"data":"Strike_G","floor":15,"key":"PURGE"}],"neow_cost":"NONE","seed_source_timestamp":108244026320612,"circlet_count":0,"master_deck":["Defend_G","Defend_G","Defend_G","Defend_G","Defend_G","Strike_G","Strike_G","Strike_G","Strike_G","Survivor+1","Neutralize","Blade Dance","Escape Plan+1","Backstab","Blur","All Out Attack","Infinite Blades","Escape Plan","Prepared","Calculated Gamble+1","Quick Slash","Dagger Throw"],"relics":["Ring of the Snake","War Paint","Sundial","Unceasing Top","Peace Pipe"],"potions_floor_usage":[6,6,11,16],"damage_taken":[{"damage":2,"enemies":"Small Slimes","floor":1,"turns":5},{"damage":0,"enemies":"Cultist","floor":2,"turns":4},{"damage":0,"enemies":"2 Louse","floor":4,"turns":2},{"damage":0,"enemies":"Blue Slaver","floor":5,"turns":4},{"damage":20,"enemies":"3 Sentries","floor":6,"turns":7},{"damage":21,"enemies":"Gremlin Nob","floor":8,"turns":5},{"damage":13,"enemies":"3 Sentries","floor":10,"turns":8},{"damage":0,"enemies":"Looter","floor":11,"turns":4},{"damage":0,"enemies":"3 Louse","floor":13,"turns":2},{"damage":26,"enemies":"Gremlin Gang","floor":14,"turns":3},{"damage":28,"enemies":"Slime Boss","floor":16,"turns":7}],"seed_played":"-651747299107812715","potions_obtained":[{"floor":4,"key":"AttackPotion"},{"floor":5,"key":"Dexterity Potion"},{"floor":10,"key":"SteroidPotion"},{"floor":14,"key":"SkillPotion"}],"is_trial":false,"path_per_floor":["M","M","$","M","M","E","?","E","T","E","M","R","M","M","R","B"],"character_chosen":"THE_SILENT","items_purchased":["Backstab","Blur"],"campfire_rested":0,"item_purchase_floors":[3,3],"current_hp_per_floor":[75,75,75,75,75,55,87,66,66,53,53,53,53,27,27,0],"gold":143,"neow_bonus":"TEN_PERCENT_HP_BONUS","is_prod":false,"is_daily":false,"chose_seed":false,"campfire_upgraded":1,"win_rate":0.0,"timestamp":1548357577,"path_taken":["M","M","$","M","M","E","?","E","T","E","M","R","?","M","R","BOSS"],"build_version":"2019-01-23","purchased_purges":0,"victory":false,"max_hp_per_floor":[77,77,77,77,77,77,87,87,87,87,87,87,87,87,87,87],"card_choices":[{"not_picked":["Backflip","Choke"],"picked":"Blade Dance","floor":1},{"not_picked":["Bouncing Flask","Crippling Poison"],"picked":"Escape Plan","floor":2},{"not_picked":["Noxious Fumes","Reflex"],"picked":"All Out Attack","floor":4},{"not_picked":["Leg Sweep","Underhanded Strike"],"picked":"Infinite Blades","floor":5},{"not_picked":["PiercingWail","Slice"],"picked":"Tools of the Trade","floor":6},{"not_picked":["Deadly Poison","Poisoned Stab"],"picked":"Escape Plan","floor":8},{"not_picked":["Bouncing Flask","Underhanded Strike"],"picked":"Prepared","floor":10},{"not_picked":["Acrobatics","Leg Sweep"],"picked":"Calculated Gamble","floor":11},{"not_picked":["Deadly Poison","Outmaneuver"],"picked":"Quick Slash","floor":13},{"not_picked":["Slice","Sucker Punch"],"picked":"Dagger Throw","floor":14}],"player_experience":46947,"relics_obtained":[{"floor":6,"key":"War Paint"},{"floor":8,"key":"Sundial"},{"floor":9,"key":"Unceasing Top"},{"floor":10,"key":"Peace Pipe"}],"event_choices":[{"cards_removed":["Tools of the Trade"],"damage_healed":22,"gold_gain":0,"player_choice":"Offered Rare","damage_taken":0,"max_hp_gain":10,"max_hp_loss":0,"event_name":"Bonfire Elementals","floor":7,"gold_loss":0}],"is_beta":false,"boss_relics":[],"items_purged_floors":[],"is_endless":false,"potions_floor_spawned":[4,5,10,14],"killed_by":"Slime Boss","ascension_level":0}