{"gold_per_floor":[116,135,135,145,160,160,192,192,192,242,253,269,31,46,46,121,121,136,136,186,186,113,113,3,3,3,14,44,44,55,72,72,148,148,162,77,77,77,7,41,41,59,59,79,99,114,114,128,128,128],"floor_reached":50,"playtime":2799,"items_purged":["Decay","Strike_B+1"],"score":1013,"play_id":"c5b52dc5-1795-491c-9a43-8343f0e0c666","local_time":"20190218135211","is_ascension_mode":true,"campfire_choices":[{"data":"Rip and Tear","floor":6,"key":"SMITH"},{"data":"Darkness","floor":8,"key":"SMITH"},{"data":"Zap","floor":15,"key":"SMITH"},{"data":"Creative AI","floor":23,"key":"SMITH"},{"data":"Defragment","floor":25,"key":"SMITH"},{"floor":32,"key":"REST"},{"floor":41,"key":"REST"},{"floor":47,"key":"REST"},{"floor":49,"key":"REST"}],"neow_cost":"NONE","seed_source_timestamp":410192371248300,"circlet_count":0,"master_deck":["AscendersBane","Strike_B+1","Strike_B+1","Defend_B+1","Defend_B+1","Defend_B+1","Defend_B+1","Zap+1","Dualcast","BootSequence","Rip and Tear+1","Cold Snap+1","Leap","Darkness+1","Cold Snap+1","Reboot","Undo","Creative AI+1","Hologram+1","Defragment+1","Conserve Battery+1","Hologram+1","Capacitor+1","Echo Form","Echo Form","Echo Form","Ball Lightning","Skim+1"],"relics":["Cracked Core","The Courier","Gremlin Horn","Membership Card","Lantern","Cursed Key","DataDisk","Singing Bowl","Sozu","DollysMirror","Whetstone"],"potions_floor_usage":[16,16,28,33,33,40],"damage_taken":[{"damage":4,"enemies":"Jaw Worm","floor":1,"turns":4},{"damage":0,"enemies":"2 Louse","floor":2,"turns":2},{"damage":1,"enemies":"Cultist","floor":4,"turns":3},{"damage":0,"enemies":"Large Slime","floor":5,"turns":4},{"damage":14,"enemies":"3 Sentries","floor":7,"turns":8},{"damage":0,"enemies":"Blue Slaver","floor":11,"turns":4},{"damage":0,"enemies":"Exordium Thugs","floor":12,"turns":4},{"damage":0,"enemies":"Looter","floor":14,"turns":2},{"damage":16,"enemies":"The Guardian","floor":16,"turns":10},{"damage":11,"enemies":"Spheric Guardian","floor":18,"turns":5},{"damage":1,"enemies":"3 Byrds","floor":27,"turns":5},{"damage":7,"enemies":"Slavers","floor":28,"turns":6},{"damage":5,"enemies":"Centurion and Healer","floor":30,"turns":7},{"damage":3,"enemies":"Snecko","floor":31,"turns":6},{"damage":17,"enemies":"Collector","floor":33,"turns":11},{"damage":25,"enemies":"3 Darklings","floor":35,"turns":5},{"damage":29,"enemies":"Giant Head","floor":40,"turns":8},{"damage":16,"enemies":"Orb Walker","floor":42,"turns":3},{"damage":6,"enemies":"Sphere and 2 Shapes","floor":44,"turns":6},{"damage":0,"enemies":"3 Darklings","floor":45,"turns":6},{"damage":0,"enemies":"Maw","floor":46,"turns":7},{"damage":11,"enemies":"Spire Growth","floor":48,"turns":8},{"damage":76,"enemies":"Awakened One","floor":50,"turns":4}],"seed_played":"-560622244756146070","potions_obtained":[{"floor":2,"key":"GamblersBrew"},{"floor":7,"key":"Poison Potion"},{"floor":14,"key":"PowerPotion"},{"floor":28,"key":"LiquidBronze"},{"floor":33,"key":"Weak Potion"}],"is_trial":false,"path_per_floor":["M","M","?","M","M","R","E","R","T","?","M","M","$","M","R","B",null,"M","?","?","?","$","R","$","R","T","M","E","$","M","M","R","B",null,"M","$","?","?","$","E","R","M","T","M","M","M","R","M","R","B"],"character_chosen":"DEFECT","items_purchased":["Membership Card","Lantern","Defragment","DataDisk","AttackPotion","Block Potion","DollysMirror","Ball Lightning"],"campfire_rested":4,"item_purchase_floors":[13,13,22,24,24,24,36,39],"current_hp_per_floor":[60,60,65,64,64,64,50,50,50,43,43,43,43,43,43,27,64,53,53,53,53,53,53,53,53,53,52,45,45,42,39,62,45,70,47,47,47,47,47,18,42,28,28,24,26,28,54,45,72,0],"gold":128,"neow_bonus":"REMOVE_CARD","is_prod":false,"is_daily":false,"chose_seed":false,"campfire_upgraded":5,"win_rate":0,"timestamp":1550523131,"path_taken":["M","M","?","M","M","R","E","R","T","?","M","M","$","?","R","BOSS","M","?","?","?","$","R","$","R","T","M","E","?","M","?","R","BOSS","M","$","?","?","$","E","R","?","T","M","M","M","R","M","R","BOSS"],"build_version":"2019-02-06","purchased_purges":2,"victory":false,"max_hp_per_floor":[71,71,76,76,76,76,76,76,76,76,76,76,76,76,76,76,76,76,76,76,76,76,76,76,76,76,76,76,76,78,78,78,78,78,80,80,80,80,80,80,80,82,82,84,86,88,88,90,90,90],"card_choices":[{"not_picked":["Redo","Streamline"],"picked":"BootSequence","floor":1},{"not_picked":["Rebound","Beam Cell"],"picked":"Rip and Tear","floor":2},{"not_picked":["Sweeping Beam","Rebound"],"picked":"Cold Snap","floor":4},{"not_picked":["Streamline","Coolheaded"],"picked":"Leap","floor":5},{"not_picked":["Loop","Static Discharge"],"picked":"Darkness","floor":7},{"not_picked":["Steam Power","Streamline"],"picked":"Cold Snap","floor":11},{"not_picked":["Gash","Streamline"],"picked":"Reboot","floor":12},{"not_picked":["Scrape","Rebound"],"picked":"Undo","floor":14},{"not_picked":["Buffer","Thunder Strike"],"picked":"Creative AI","floor":16},{"not_picked":["Compile Driver","Reprogram"],"picked":"Hologram+1","floor":18},{"not_picked":["Barrage","Cold Snap"],"picked":"Conserve Battery+1","floor":27},{"not_picked":["Sweeping Beam","Leap+1"],"picked":"Hologram+1","floor":28},{"not_picked":["Compile Driver","Double Energy","Hologram"],"picked":"Singing Bowl","floor":30},{"not_picked":["Auto Shields","Self Repair"],"picked":"Capacitor+1","floor":31},{"not_picked":["Multi-Cast","Seek"],"picked":"Echo Form","floor":33},{"not_picked":["Skim","Turbo","Gash"],"picked":"Singing Bowl","floor":35},{"not_picked":["Gash","Redo"],"picked":"Skim+1","floor":40},{"not_picked":["Stack","Streamline","Double Energy"],"picked":"Singing Bowl","floor":42},{"not_picked":["Coolheaded","Turbo","Barrage+1"],"picked":"Singing Bowl","floor":44},{"not_picked":["Force Field","Go for the Eyes","Compile Driver"],"picked":"Singing Bowl","floor":45},{"not_picked":["Beam Cell","Conserve Battery","Force Field"],"picked":"Singing Bowl","floor":46},{"not_picked":["Lockon","Doom and Gloom+1","Barrage"],"picked":"Singing Bowl","floor":48}],"player_experience":1345026,"relics_obtained":[{"floor":7,"key":"The Courier"},{"floor":9,"key":"Gremlin Horn"},{"floor":28,"key":"Singing Bowl"},{"floor":40,"key":"Whetstone"}],"event_choices":[{"damage_healed":0,"gold_gain":0,"player_choice":"Donut","damage_taken":0,"max_hp_gain":5,"max_hp_loss":0,"event_name":"Big Fish","floor":3,"gold_loss":0},{"damage_healed":0,"gold_gain":50,"player_choice":"Touch","damage_taken":7,"max_hp_gain":0,"max_hp_loss":0,"event_name":"FaceTrader","floor":10,"gold_loss":0},{"damage_healed":0,"gold_gain":0,"player_choice":"Smashed Altar","damage_taken":0,"max_hp_gain":0,"max_hp_loss":0,"event_name":"Forgotten Altar","floor":19,"gold_loss":0,"cards_obtained":["Decay"]},{"damage_healed":0,"gold_gain":50,"player_choice":"Stole From Cult","damage_taken":0,"max_hp_gain":0,"max_hp_loss":0,"event_name":"Nest","floor":20,"gold_loss":0},{"damage_healed":0,"gold_gain":0,"player_choice":"Simplicity","damage_taken":0,"max_hp_gain":0,"max_hp_loss":0,"event_name":"Back to Basics","floor":21,"gold_loss":0,"cards_upgraded":["Strike_B","Strike_B","Strike_B","Defend_B","Defend_B","Defend_B","Defend_B"]},{"damage_healed":0,"gold_gain":0,"player_choice":"Ignored","damage_taken":0,"max_hp_gain":0,"max_hp_loss":0,"event_name":"Tomb of Lord Red Mask","floor":37,"gold_loss":0},{"damage_healed":0,"gold_gain":0,"player_choice":"Copied","damage_taken":0,"max_hp_gain":0,"max_hp_loss":0,"event_name":"Duplicator","floor":38,"gold_loss":0,"cards_obtained":["Echo Form"]}],"is_beta":true,"boss_relics":[{"not_picked":["Calling Bell","Black Star"],"picked":"Cursed Key"},{"not_picked":["Snecko Eye","Lizard Tail"],"picked":"Sozu"}],"items_purged_floors":[22,39],"is_endless":false,"potions_floor_spawned":[2,7,14,28,33,42,44,45,48],"killed_by":"Awakened One","ascension_level":20}