{"gold_per_floor":[115,115,128,5,5,5,332,342,369,383,383,426,451,469,469,564,564,582,507,136,124,144,144,144],"floor_reached":24,"playtime":1195,"items_purged":["Strike_B","Strike_B+1"],"score":364,"play_id":"e5fedef7-94f3-424e-ba21-3c4de8459e33","local_time":"20180830235602","is_ascension_mode":true,"campfire_choices":[{"data":"Zap","floor":6,"key":"SMITH"},{"data":"Go for the Eyes","floor":15,"key":"SMITH"},{"floor":23,"key":"REST"}],"neow_cost":"NONE","seed_source_timestamp":1384115567405631,"circlet_count":0,"master_deck":["Strike_B+1","Defend_B","Defend_B","Defend_B","Defend_B","Zap+1","Dualcast","AscendersBane","Thunder Strike","Ball Lightning","Leap","Capacitor","Conserve Battery","Go for the Eyes+1","Lockon","Cold Snap","Auto Shields","Seek","Go for the Eyes+1","Defragment","Conserve Battery","Hologram","Compile Driver+1"],"relics":["Cracked Core","Ancient Tea Set","Old Coin","Whetstone","Golden Idol","Potion Belt","Snecko Eye"],"potions_floor_usage":[10,12,12,18,21,22,24],"damage_taken":[{"damage":0,"enemies":"Small Slimes","floor":1,"turns":3},{"damage":1,"enemies":"2 Louse","floor":3,"turns":2},{"damage":16,"enemies":"Lagavulin","floor":7,"turns":5},{"damage":0,"enemies":"Cultist","floor":8,"turns":3},{"damage":1,"enemies":"3 Louse","floor":10,"turns":3},{"damage":2,"enemies":"3 Sentries","floor":12,"turns":8},{"damage":7,"enemies":"Exordium Wildlife","floor":13,"turns":3},{"damage":0,"enemies":"2 Fungi Beasts","floor":14,"turns":3},{"damage":6,"enemies":"The Guardian","floor":16,"turns":11},{"damage":3,"enemies":"Shell Parasite","floor":18,"turns":6},{"damage":12,"enemies":"2 Thieves","floor":21,"turns":4},{"damage":44,"enemies":"Snake Plant","floor":22,"turns":7},{"damage":66,"enemies":"Gremlin Leader","floor":24,"turns":10}],"seed_played":"-4681723666469646238","potions_obtained":[{"floor":7,"key":"EssenceOfSteel"},{"floor":8,"key":"Block Potion"},{"floor":10,"key":"EssenceOfSteel"},{"floor":16,"key":"PowerPotion"},{"floor":22,"key":"Regen Potion"}],"is_trial":false,"path_per_floor":["M","?","M","$","?","R","E","M","T","M","?","E","M","M","R","B",null,"M","?","$","M","M","R"],"character_chosen":"DEFECT","items_purchased":["Block Potion","Defragment","Conserve Battery","Regen Potion","Weak Potion","Hologram"],"campfire_rested":1,"item_purchase_floors":[4,20,20,20,20,20],"current_hp_per_floor":[64,69,68,68,68,68,52,52,52,51,51,49,42,42,42,36,61,58,58,58,46,17,37,0],"gold":144,"neow_bonus":"ONE_RANDOM_RARE_CARD","is_prod":false,"is_daily":false,"chose_seed":false,"campfire_upgraded":2,"win_rate":0,"timestamp":1535694962,"path_taken":["M","?","M","$","?","R","E","M","T","M","?","E","M","M","R","BOSS","M","?","$","M","?","R","E"],"build_version":"2018-08-30","purchased_purges":2,"victory":false,"max_hp_per_floor":[71,76,76,76,76,76,76,76,76,76,69,69,69,69,69,69,69,69,69,69,69,69,69,69],"card_choices":[{"not_picked":["Coolheaded","Storm"],"picked":"Ball Lightning","floor":1},{"not_picked":["Sunder","Hello World"],"picked":"Leap","floor":3},{"not_picked":["Streamline","Coolheaded"],"picked":"Capacitor","floor":7},{"not_picked":["Coolheaded","Hologram"],"picked":"Conserve Battery","floor":8},{"not_picked":["Redo","Gash"],"picked":"Go for the Eyes","floor":10},{"not_picked":["Storm","Beam Cell"],"picked":"Lockon","floor":12},{"not_picked":["Skim","Sweeping Beam"],"picked":"Cold Snap","floor":13},{"not_picked":["Streamline","Machine Learning"],"picked":"Auto Shields","floor":14},{"not_picked":["Biased Cognition","Meteor Strike"],"picked":"Seek","floor":16},{"not_picked":["Force Field","Fusion"],"picked":"Go for the Eyes+1","floor":18},{"not_picked":["Fusion+1","Chill"],"picked":"Compile Driver+1","floor":21},{"not_picked":["Chaos","Beam Cell","Hologram"],"picked":"SKIP","floor":22}],"player_experience":1009836,"relics_obtained":[{"floor":7,"key":"Old Coin"},{"floor":9,"key":"Whetstone"},{"floor":12,"key":"Potion Belt"}],"event_choices":[{"event_name":"Big Fish","player_choice":"Donut","floor":2,"damage_taken":0},{"event_name":"WeMeetAgain","player_choice":"Potion","floor":5,"damage_taken":0},{"event_name":"Golden Idol","player_choice":"Lose Max HP","floor":11,"damage_taken":0},{"event_name":"Beggar","player_choice":"Gave Gold","floor":19,"damage_taken":0}],"is_beta":true,"boss_relics":[{"not_picked":["Fusion Hammer","Empty Cage"],"picked":"Snecko Eye"}],"items_purged_floors":[4,20],"is_endless":false,"potions_floor_spawned":[7,8,10,16,22],"killed_by":"Gremlin Leader","ascension_level":15}