{"gold_per_floor":[119,119,132,132,147,147,147,162,162,162,180,195,195,56,56,181,181,202,202,117,117,138,138,153,153,153,188,7,31,31,31,31,152,152,171,171,73,93,108,108,152,152],"floor_reached":42,"playtime":7163,"items_purged":[],"score":491,"play_id":"8ef3b046-8d80-4600-8450-77afac7826f8","local_time":"20190202235913","is_ascension_mode":false,"campfire_choices":[{"floor":6,"key":"REST"},{"data":"Juggernaut","floor":13,"key":"SMITH"},{"data":"Metallicize","floor":15,"key":"SMITH"},{"floor":23,"key":"REST"},{"floor":25,"key":"REST"},{"data":"Limit Break","floor":32,"key":"SMITH"},{"floor":40,"key":"REST"}],"neow_cost":"NONE","seed_source_timestamp":1261189162382204,"circlet_count":0,"master_deck":["Strike_R","Strike_R","Strike_R","Defend_R","Defend_R","Defend_R","Bash+1","Headbutt","Headbutt","Rage","Spot Weakness","Juggernaut+1","Headbutt","Metallicize+1","Spot Weakness","Feed","Fire Breathing+1","Pommel Strike+1","Sever Soul+1","Shrug It Off","Ghostly","Ghostly","Ghostly","Ghostly","Ghostly","Panacea","Impatience","Cleave","Armaments+1","Anger","Limit Break+1","Shrug It Off","Reaper","Headbutt+1","Bandage Up","Barricade","Heavy Blade+1","Body Slam+1"],"relics":["Cursed Key","Golden Idol","Astrolabe","Torii","Red Mask","Runic Cube","Strawberry","Girya"],"potions_floor_usage":[5,42],"damage_taken":[{"damage":1,"enemies":"Jaw Worm","floor":1,"turns":3},{"damage":0,"enemies":"2 Louse","floor":3,"turns":2},{"damage":0,"enemies":"Cultist","floor":5,"turns":2},{"damage":0,"enemies":"3 Louse","floor":8,"turns":3},{"damage":3,"enemies":"Gremlin Gang","floor":11,"turns":4},{"damage":10,"enemies":"Exordium Wildlife","floor":12,"turns":3},{"damage":6,"enemies":"The Guardian","floor":16,"turns":6},{"damage":0,"enemies":"Spheric Guardian","floor":18,"turns":3},{"damage":3,"enemies":"Chosen","floor":22,"turns":4},{"damage":15,"enemies":"Snake Plant","floor":24,"turns":6},{"damage":10,"enemies":"Masked Bandits","floor":27,"turns":6},{"damage":2,"enemies":"Cultist and Chosen","floor":29,"turns":6},{"damage":20,"enemies":"Champ","floor":33,"turns":8},{"damage":24,"enemies":"3 Shapes","floor":35,"turns":4},{"damage":18,"enemies":"3 Darklings","floor":38,"turns":7},{"damage":4,"enemies":"Jaw Worm Horde","floor":39,"turns":6},{"damage":29,"enemies":"Reptomancer","floor":41,"turns":8},{"damage":59,"enemies":"Maw","floor":42,"turns":8}],"seed_played":"7896576694549518708","potions_obtained":[{"floor":4,"key":"Explosive Potion"},{"floor":4,"key":"Weak Potion"},{"floor":4,"key":"Explosive Potion"},{"floor":8,"key":"Fire Potion"},{"floor":11,"key":"GamblersBrew"},{"floor":33,"key":"Swift Potion"},{"floor":35,"key":"Regen Potion"}],"is_trial":false,"path_per_floor":["M","?","M","?","M","R","$","M","T","?","M","M","R","$","R","B",null,"M","?","?","?","M","R","M","R","T","?","$","M","$","?","R","B",null,"M","?","$","M","M","R","E","M"],"character_chosen":"IRONCLAD","items_purchased":["Metallicize","Spot Weakness","Anger","Limit Break","Bandage Up"],"campfire_rested":4,"item_purchase_floors":[14,14,28,28,37],"current_hp_per_floor":[79,59,59,59,59,80,80,80,80,80,77,67,67,67,67,61,80,83,41,41,23,20,32,20,33,33,26,26,24,24,57,57,40,60,36,43,43,29,46,67,42,0],"gold":152,"neow_bonus":"BOSS_RELIC","is_prod":false,"is_daily":false,"chose_seed":false,"campfire_upgraded":3,"win_rate":0.0,"timestamp":1549151953,"path_taken":["M","?","M","?","?","R","$","M","T","?","?","M","R","$","R","BOSS","M","?","?","?","M","R","?","R","T","?","$","M","$","?","R","BOSS","M","?","?","M","M","R","E","M"],"build_version":"2019-01-23","purchased_purges":0,"victory":false,"max_hp_per_floor":[80,80,80,80,80,80,80,80,80,80,80,80,80,80,80,80,80,83,41,41,41,41,41,44,44,44,47,47,47,47,57,57,60,60,60,67,67,67,70,70,70,70],"card_choices":[{"not_picked":["Perfected Strike","Thunderclap"],"picked":"Headbutt","floor":1},{"not_picked":["Blood for Blood","Disarm"],"picked":"Headbutt","floor":3},{"not_picked":["Sword Boomerang","Body Slam"],"picked":"Rage","floor":5},{"not_picked":["Sever Soul","Searing Blow"],"picked":"Spot Weakness","floor":8},{"not_picked":["Rage","Heavy Blade"],"picked":"Juggernaut","floor":11},{"not_picked":["Twin Strike","Wild Strike"],"picked":"Headbutt","floor":12},{"not_picked":["Impervious","Double Tap"],"picked":"Feed","floor":16},{"not_picked":["Clothesline","Anger"],"picked":"Shrug It Off","floor":18},{"not_picked":["Armaments+1","Iron Wave"],"picked":"Cleave","floor":22},{"not_picked":["Dual Wield","Anger"],"picked":"Berserk","floor":24},{"not_picked":["Combust","Iron Wave"],"picked":"Armaments+1","floor":27},{"not_picked":["Armaments+1","Body Slam+1"],"picked":"Shrug It Off","floor":29},{"not_picked":["Brutality","Bludgeon"],"picked":"Reaper","floor":33},{"not_picked":["True Grit","Sword Boomerang"],"picked":"Headbutt+1","floor":35},{"not_picked":["Warcry+1","Perfected Strike+1"],"picked":"Barricade","floor":38},{"not_picked":["Perfected Strike+1","True Grit+1"],"picked":"Heavy Blade+1","floor":39},{"not_picked":["Burning Pact+1","Carnage"],"picked":"Body Slam+1","floor":41}],"player_experience":109009,"relics_obtained":[{"floor":27,"key":"Red Mask"},{"floor":41,"key":"Girya"}],"event_choices":[{"damage_healed":0,"gold_gain":0,"player_choice":"Take Damage","damage_taken":20,"relics_obtained":["Golden Idol"],"max_hp_gain":0,"max_hp_loss":0,"event_name":"Golden Idol","floor":2,"gold_loss":0},{"damage_healed":0,"gold_gain":0,"player_choice":"Got Potions","damage_taken":0,"max_hp_gain":0,"max_hp_loss":0,"event_name":"Lab","floor":4,"gold_loss":0},{"damage_healed":0,"gold_gain":0,"player_choice":"Forge","damage_taken":0,"max_hp_gain":0,"max_hp_loss":0,"event_name":"Accursed Blacksmith","floor":10,"gold_loss":0,"cards_upgraded":["Bash"]},{"damage_healed":0,"gold_gain":0,"player_choice":"Became a Ghost","damage_taken":0,"max_hp_gain":0,"max_hp_loss":42,"event_name":"Ghosts","floor":19,"gold_loss":0,"cards_obtained":["Ghostly","Ghostly","Ghostly","Ghostly","Ghostly"]},{"damage_healed":0,"gold_gain":0,"player_choice":"Obtained Relic","damage_taken":0,"relics_obtained":["Torii"],"max_hp_gain":0,"max_hp_loss":0,"event_name":"Addict","floor":20,"gold_loss":85},{"damage_healed":0,"gold_gain":0,"player_choice":"CARD CARD ","damage_taken":18,"max_hp_gain":0,"max_hp_loss":0,"event_name":"Knowing Skull","floor":21,"potions_obtained":[],"gold_loss":0,"cards_obtained":["Panacea","Impatience"]},{"damage_healed":0,"gold_gain":0,"player_choice":"Fought Bandits","damage_taken":0,"max_hp_gain":0,"max_hp_loss":0,"event_name":"Masked Bandits","floor":27,"gold_loss":0},{"cards_removed":["Berserk"],"damage_healed":23,"gold_gain":0,"player_choice":"Offered Rare","damage_taken":0,"max_hp_gain":10,"max_hp_loss":0,"event_name":"Bonfire Elementals","floor":31,"gold_loss":0},{"damage_healed":0,"gold_gain":0,"player_choice":"Gave Potion","damage_taken":0,"relics_obtained":["Strawberry"],"max_hp_gain":0,"max_hp_loss":0,"event_name":"WeMeetAgain","floor":36,"gold_loss":0}],"is_beta":false,"boss_relics":[{"not_picked":["Runic Dome","Calling Bell"],"picked":"Astrolabe"},{"not_picked":["Lizard Tail","Snecko Eye"],"picked":"Runic Cube"}],"items_purged_floors":[],"is_endless":false,"potions_floor_spawned":[8,11,16,18,22,24,33,35],"killed_by":"Maw","ascension_level":0}