{"gold_per_floor":[163,163,163,43,43,54,54,54,81,27,27,40,67,17,17,120,120,132,232,232,125,125,125,141,141,194,0,30,30,30,40,40,137,137,153,48,48,67,67,67,87,97,120,120,120,192,212,312,312,312],"floor_reached":51,"playtime":12838,"items_purged":[],"score":672,"play_id":"5e196f02-6ef3-48d0-b61c-beac6a6435eb","local_time":"20190203141029","is_ascension_mode":false,"campfire_choices":[{"data":"Endless Agony","floor":7,"key":"SMITH"},{"data":"Survivor","floor":11,"key":"SMITH"},{"data":"Dagger Spray","floor":15,"key":"SMITH"},{"floor":23,"key":"REST"},{"floor":29,"key":"REST"},{"data":"Bouncing Flask","floor":32,"key":"SMITH"},{"floor":40,"key":"REST"},{"floor":45,"key":"REST"},{"floor":49,"key":"REST"}],"neow_cost":"NONE","seed_source_timestamp":1306546493144954,"circlet_count":0,"master_deck":["Defend_G+1","Defend_G+1","Defend_G+1","Defend_G+1","Strike_G+1","Strike_G+1","Strike_G+1","Strike_G+1","Strike_G+1","Survivor+1","Neutralize+1","Dagger Spray+1","Dagger Throw","Well Laid Plans+1","Endless Agony+1","Acrobatics","Dagger Throw","Terror","Glass Knife","Deflect","Blade Dance","Bouncing Flask+1","Footwork","Heel Hook","Secret Weapon","Prepared","Blur","Phantasmal Killer","Choke+1","Infinite Blades","Eviscerate","Good Instincts","Mind Blast","The Bomb","Backflip+1","Dagger Spray","Leg Sweep","Flying Knee"],"relics":["Tiny House","PreservedInsect","Snake Skull","Bag of Preparation","Busted Crown","FossilizedHelix","Shuriken","MutagenicStrength","Tiny Chest","Oddly Smooth Stone","Kunai","HoveringKite","Boot","Darkstone Periapt","Gremlin Horn","Thread and Needle"],"potions_floor_usage":[50,50,50],"damage_taken":[{"damage":1,"enemies":"2 Louse","floor":1,"turns":3},{"damage":0,"enemies":"Jaw Worm","floor":6,"turns":3},{"damage":0,"enemies":"Cultist","floor":12,"turns":2},{"damage":4,"enemies":"Hexaghost","floor":16,"turns":9},{"damage":5,"enemies":"Chosen","floor":18,"turns":3},{"damage":10,"enemies":"Colosseum Slavers","floor":19,"turns":5},{"damage":23,"enemies":"Colosseum Nobs","floor":19,"turns":4},{"damage":0,"enemies":"Spheric Guardian","floor":24,"turns":3},{"damage":10,"enemies":"Slavers","floor":28,"turns":4},{"damage":0,"enemies":"3 Cultists","floor":31,"turns":4},{"damage":2,"enemies":"Champ","floor":33,"turns":9},{"damage":0,"enemies":"Orb Walker","floor":35,"turns":3},{"damage":23,"enemies":"3 Darklings","floor":38,"turns":7},{"damage":0,"enemies":"Maw","floor":41,"turns":6},{"damage":24,"enemies":"Writhing Mass","floor":42,"turns":6},{"damage":0,"enemies":"4 Shapes","floor":47,"turns":2},{"damage":25,"enemies":"Mind Bloom Boss Battle","floor":48,"turns":5},{"damage":84,"enemies":"Donu and Deca","floor":50,"turns":10}],"seed_played":"7790916721911533188","potions_obtained":[{"floor":0,"key":"FairyPotion"},{"floor":6,"key":"Swift Potion"},{"floor":16,"key":"PowerPotion"},{"floor":18,"key":"Regen Potion"}],"is_trial":false,"path_per_floor":["M","?","?","$","?","M","R","?","T","$","R","M","T","?","R","B",null,"M","?","?","$","?","R","M","?","T","$","E","R","T","M","R","B",null,"M","$","?","M","$","R","M","M","T","T","R","T","M","?","R","B",null],"character_chosen":"THE_SILENT","items_purchased":["Well Laid Plans","Endless Agony","Dagger Throw","Bouncing Flask","Footwork","Secret Weapon","Infinite Blades","Eviscerate"],"campfire_rested":5,"item_purchase_floors":[4,4,10,21,21,27,36,36],"current_hp_per_floor":[74,79,72,72,64,64,64,64,64,64,64,64,64,64,64,60,80,75,42,42,42,42,66,66,51,51,51,41,66,66,66,66,64,85,85,85,75,52,52,77,77,53,53,53,78,78,78,53,78,9],"gold":312,"neow_bonus":"BOSS_RELIC","is_prod":false,"is_daily":false,"chose_seed":false,"campfire_upgraded":4,"win_rate":0.0,"timestamp":1549203029,"path_taken":["M","?","?","$","?","?","R","?","T","?","R","M","?","?","R","BOSS","M","?","?","$","?","R","M","?","T","$","E","R","?","?","R","BOSS","M","$","?","M","$","R","M","M","T","?","R","?","M","?","R","BOSS"],"build_version":"2019-01-23","purchased_purges":0,"victory":true,"max_hp_per_floor":[75,80,80,80,80,80,80,80,80,80,80,80,80,80,80,80,80,80,80,80,80,80,80,80,85,85,85,85,85,85,85,85,85,85,85,85,85,85,85,85,85,85,85,85,85,85,85,85,85,85],"card_choices":[{"not_picked":["PiercingWail","Sucker Punch"],"picked":"Dagger Spray","floor":0},{"not_picked":["Choke","Escape Plan"],"picked":"Dagger Throw","floor":1},{"not_picked":["Quick Slash","Dodge and Roll"],"picked":"Acrobatics","floor":6},{"not_picked":["Dagger Throw","Skewer"],"picked":"Terror","floor":12},{"not_picked":["Unload","Doppelganger"],"picked":"Glass Knife","floor":16},{"not_picked":[],"picked":"Deflect","floor":18},{"not_picked":[],"picked":"Blade Dance","floor":19},{"not_picked":[],"picked":"Heel Hook","floor":24},{"not_picked":[],"picked":"Prepared","floor":28},{"not_picked":[],"picked":"Blur","floor":31},{"not_picked":[],"picked":"Phantasmal Killer","floor":33},{"not_picked":[],"picked":"Choke+1","floor":35},{"not_picked":[],"picked":"Good Instincts","floor":37},{"not_picked":[],"picked":"Mind Blast","floor":37},{"not_picked":[],"picked":"The Bomb","floor":37},{"not_picked":[],"picked":"Backflip+1","floor":38},{"not_picked":[],"picked":"Dagger Spray","floor":41},{"not_picked":["Bane"],"picked":"SKIP","floor":42},{"not_picked":[],"picked":"Leg Sweep","floor":47},{"not_picked":[],"picked":"Flying Knee","floor":48}],"player_experience":147317,"relics_obtained":[{"floor":9,"key":"Snake Skull"},{"floor":13,"key":"Bag of Preparation"},{"floor":19,"key":"FossilizedHelix"},{"floor":19,"key":"Shuriken"},{"floor":26,"key":"Tiny Chest"},{"floor":28,"key":"Oddly Smooth Stone"},{"floor":30,"key":"Kunai"},{"floor":43,"key":"Boot"},{"floor":44,"key":"Darkstone Periapt"},{"floor":46,"key":"Gremlin Horn"},{"floor":48,"key":"Thread and Needle"}],"event_choices":[{"damage_healed":0,"gold_gain":0,"player_choice":"Donut","damage_taken":0,"max_hp_gain":5,"max_hp_loss":0,"event_name":"Big Fish","floor":2,"gold_loss":0},{"damage_healed":0,"gold_gain":0,"player_choice":"Success","damage_taken":7,"relics_obtained":["PreservedInsect"],"max_hp_gain":0,"max_hp_loss":0,"event_name":"Scrap Ooze","floor":3,"gold_loss":0},{"damage_healed":0,"gold_gain":0,"player_choice":"Damaged","damage_taken":8,"max_hp_gain":0,"max_hp_loss":0,"event_name":"Wheel of Change","floor":5,"gold_loss":0},{"damage_healed":0,"gold_gain":0,"player_choice":"Upgraded","damage_taken":0,"max_hp_gain":0,"max_hp_loss":0,"event_name":"Upgrade Shrine","floor":8,"gold_loss":0,"cards_upgraded":["Well Laid Plans"]},{"cards_removed":["Defend_G"],"damage_healed":0,"gold_gain":0,"player_choice":"Card Removal","damage_taken":0,"max_hp_gain":0,"max_hp_loss":0,"event_name":"The Cleric","floor":14,"gold_loss":50},{"damage_healed":0,"gold_gain":0,"player_choice":"Fight","damage_taken":0,"max_hp_gain":0,"max_hp_loss":0,"event_name":"Colosseum","floor":19,"gold_loss":0},{"damage_healed":0,"gold_gain":0,"player_choice":"Fought Nobs","damage_taken":0,"max_hp_gain":0,"max_hp_loss":0,"event_name":"Colosseum","floor":19,"gold_loss":0},{"damage_healed":0,"gold_gain":0,"player_choice":"Simplicity","damage_taken":0,"max_hp_gain":0,"max_hp_loss":0,"event_name":"Back to Basics","floor":20,"gold_loss":0,"cards_upgraded":["Defend_G","Defend_G","Defend_G","Defend_G","Strike_G","Strike_G","Strike_G","Strike_G","Strike_G"]},{"damage_healed":0,"gold_gain":0,"player_choice":"Inject Mutagens","damage_taken":0,"relics_obtained":["MutagenicStrength"],"max_hp_gain":0,"max_hp_loss":0,"event_name":"Drug Dealer","floor":22,"gold_loss":0},{"damage_healed":0,"gold_gain":0,"player_choice":"Shed Blood","damage_taken":20,"max_hp_gain":5,"max_hp_loss":0,"event_name":"Forgotten Altar","floor":25,"gold_loss":0},{"damage_healed":0,"gold_gain":0,"player_choice":"Memory 3","damage_taken":10,"max_hp_gain":0,"max_hp_loss":0,"event_name":"SensoryStone","floor":37,"gold_loss":0},{"damage_healed":0,"gold_gain":0,"player_choice":"Fight","damage_taken":0,"max_hp_gain":0,"max_hp_loss":0,"event_name":"MindBloom","floor":48,"gold_loss":0}],"is_beta":false,"boss_relics":[{"not_picked":["Lizard Tail","Runic Pyramid"],"picked":"Busted Crown"},{"not_picked":["Sozu","Cursed Key"],"picked":"HoveringKite"}],"items_purged_floors":[],"is_endless":false,"potions_floor_spawned":[6,16,18,19,31,38,41,47],"ascension_level":0}