{"gold_per_floor":[111,111,2,19,38,38,68,80,127,161,173,4,4,17,17,17],"floor_reached":16,"playtime":952,"items_purged":["Strike_B"],"score":129,"play_id":"c65f9ec3-8b1e-4913-9203-1698a1df5cff","local_time":"20190127203658","is_ascension_mode":true,"campfire_choices":[{"data":"Storm","floor":6,"key":"SMITH"},{"data":"Mayhem","floor":13,"key":"SMITH"},{"floor":15,"key":"REST"}],"neow_cost":"NONE","seed_source_timestamp":368417191640985,"circlet_count":0,"master_deck":["Strike_B","Strike_B","Strike_B","Defend_B","Defend_B","Defend_B","Defend_B","Zap","Dualcast","Cold Snap","Storm+1","Capacitor","Heatsinks","Reinforced Body","Steam Power","Mayhem+1","Hologram"],"relics":["Cracked Core","Dodecahedron","Pen Nib","Anchor"],"potions_floor_usage":[5,7,7,7,10,10],"damage_taken":[{"damage":12,"enemies":"Small Slimes","floor":1,"turns":3},{"damage":0,"enemies":"Cultist","floor":4,"turns":3},{"damage":8,"enemies":"2 Louse","floor":5,"turns":3},{"damage":6,"enemies":"Lagavulin","floor":7,"turns":7},{"damage":24,"enemies":"Exordium Wildlife","floor":8,"turns":5},{"damage":13,"enemies":"Gremlin Nob","floor":10,"turns":3},{"damage":14,"enemies":"Lots of Slimes","floor":11,"turns":5},{"damage":11,"enemies":"Red Slaver","floor":14,"turns":6},{"damage":29,"enemies":"Hexaghost","floor":16,"turns":12}],"seed_played":"-2993003114538831035","potions_obtained":[{"floor":2,"key":"Ancient Potion"},{"floor":2,"key":"Weak Potion"},{"floor":2,"key":"Dexterity Potion"},{"floor":4,"key":"Regen Potion"},{"floor":5,"key":"LiquidBronze"},{"floor":7,"key":"FocusPotion"},{"floor":8,"key":"FearPotion"}],"is_trial":false,"path_per_floor":["M","?","$","M","M","R","E","M","T","E","M","$","R","M","R","B"],"character_chosen":"DEFECT","items_purchased":["Storm","Mayhem"],"campfire_rested":1,"item_purchase_floors":[3,12],"current_hp_per_floor":[70,70,70,70,71,71,65,41,41,28,14,14,14,3,27,0],"gold":17,"neow_bonus":"TEN_PERCENT_HP_BONUS","is_prod":false,"is_daily":false,"chose_seed":false,"campfire_upgraded":2,"win_rate":0,"timestamp":1548617818,"path_taken":["M","?","$","M","M","R","E","M","T","E","M","$","R","?","R","BOSS"],"build_version":"2019-01-23","purchased_purges":1,"victory":false,"max_hp_per_floor":[82,82,82,82,82,82,82,82,82,82,82,82,82,82,82,82],"card_choices":[{"not_picked":["Steam","Tempest"],"picked":"Cold Snap","floor":1},{"not_picked":["Beam Cell","Go for the Eyes"],"picked":"Capacitor","floor":4},{"not_picked":["Steam Power","Chaos","Double Energy"],"picked":"SKIP","floor":5},{"not_picked":["Steam Power","Chaos","Double Energy"],"picked":"SKIP","floor":5},{"not_picked":["Seek","Sweeping Beam"],"picked":"Heatsinks","floor":7},{"not_picked":["Undo","Compile Driver","Beam Cell"],"picked":"SKIP","floor":8},{"not_picked":["Conserve Battery","Compile Driver"],"picked":"Reinforced Body","floor":10},{"not_picked":["Gash","Streamline"],"picked":"Steam Power","floor":11},{"not_picked":["Steam","Sweeping Beam"],"picked":"Hologram","floor":14}],"player_experience":103216,"relics_obtained":[{"floor":7,"key":"Dodecahedron"},{"floor":9,"key":"Pen Nib"},{"floor":10,"key":"Anchor"}],"event_choices":[{"damage_healed":0,"gold_gain":0,"player_choice":"Got Potions","damage_taken":0,"max_hp_gain":0,"max_hp_loss":0,"event_name":"Lab","floor":2,"gold_loss":0}],"is_beta":false,"boss_relics":[],"items_purged_floors":[3],"is_endless":false,"potions_floor_spawned":[4,5,7,8],"killed_by":"Hexaghost","ascension_level":3}