{"path_per_floor":["M","?","M","?","M","E","?","R","T","E","M","$","?"],"character_chosen":"DEFECT","items_purchased":["Electrodynamics","DataDisk"],"gold_per_floor":[117,192,202,202,214,249,229,229,282,315,335,38,38,38],"floor_reached":14,"campfire_rested":0,"playtime":319,"item_purchase_floors":[12,12],"current_hp_per_floor":[57,46,41,34,34,32,32,32,32,18,3,3,3,0],"items_purged":["Strike_B"],"gold":38,"score":172,"play_id":"d86d9afd-6bd9-4574-ba5d-6c6716413db2","local_time":"20180619171820","is_prod":false,"is_daily":false,"chose_seed":false,"is_ascension_mode":true,"campfire_upgraded":1,"win_rate":0,"timestamp":1529450300,"campfire_choices":[{"data":"Biased Cognition","floor":8,"key":"SMITH"}],"path_taken":["M","?","M","?","M","E","?","R","T","E","M","?","?","M"],"build_version":"2018-06-18","seed_source_timestamp":508225671878372,"purchased_purges":1,"circlet_count":0,"victory":false,"master_deck":["Strike_B","Strike_B","Defend_B","Defend_B","Defend_B","Defend_B","Zap+1","Dualcast","AscendersBane","Ball Lightning","Cold Snap","Auto Shields","Biased Cognition+1","Rainbow+1","Capacitor","Electrodynamics"],"max_hp_per_floor":[71,71,71,71,71,71,71,71,71,71,71,71,71,71],"special_seed":17701,"relics":["Cracked Core","Bronze Scales","Tiny Chest","Boot","DataDisk"],"card_choices":[{"not_picked":["Double Energy","Turbo"],"picked":"Ball Lightning","floor":1},{"not_picked":["Hologram","Compile Driver"],"picked":"Cold Snap","floor":3},{"not_picked":["Stack","Leap"],"picked":"Auto Shields","floor":5},{"not_picked":["Go for the Eyes","Stack"],"picked":"Biased Cognition","floor":6},{"not_picked":["Beam Cell","Compile Driver"],"picked":"Rainbow","floor":10},{"not_picked":["Reprogram","Double Energy"],"picked":"Capacitor","floor":11}],"player_experience":707864,"potions_floor_usage":[6,6,10],"damage_taken":[{"damage":7,"enemies":"Jaw Worm","floor":1,"turns":2},{"damage":5,"enemies":"Small Slimes","floor":3,"turns":3},{"damage":0,"enemies":"Cultist","floor":5,"turns":2},{"damage":2,"enemies":"Lagavulin","floor":6,"turns":7},{"damage":14,"enemies":"Gremlin Nob","floor":10,"turns":3},{"damage":15,"enemies":"Exordium Thugs","floor":11,"turns":4},{"damage":13,"enemies":"Large Slime","floor":14,"turns":1}],"relics_obtained":[{"floor":6,"key":"Bronze Scales"},{"floor":9,"key":"Tiny Chest"},{"floor":10,"key":"Boot"}],"event_choices":[{"event_name":"World of Goop","player_choice":"Gather Gold","floor":2,"damage_taken":0},{"event_name":"Golden Wing","player_choice":"Card Removal","floor":4,"damage_taken":0},{"event_name":"The Woman in Blue","player_choice":"Bought 1 Potion","floor":7,"damage_taken":0},{"event_name":"Accursed Blacksmith","player_choice":"Forge","floor":13,"damage_taken":0}],"boss_relics":[],"items_purged_floors":[12],"is_endless":false,"potions_floor_spawned":[1,5],"seed_played":"-7004224973044139487","killed_by":"Large Slime","ascension_level":15,"potions_obtained":[{"floor":1,"key":"Weak Potion"},{"floor":5,"key":"PowerPotion"},{"floor":7,"key":"FearPotion"}],"is_trial":false}