{"gold_per_floor":[168,217,167,167,185,185,218,218,218,244,169,16,27,55,55,158,158,173,173,173,193,55,55,89,89,136,166,166,166,166,177,177,177],"floor_reached":33,"playtime":1034,"items_purged":["Defend_B"],"score":471,"play_id":"a7f4f199-1161-44b1-a760-019fd976155a","local_time":"20190201041828","is_ascension_mode":true,"campfire_choices":[{"data":"Chaos","floor":6,"key":"SMITH"},{"data":"FTL","floor":8,"key":"SMITH"},{"data":"Defragment","floor":15,"key":"SMITH"},{"data":"Creative AI","floor":23,"key":"SMITH"},{"floor":25,"key":"REST"},{"data":"Thunder Strike","floor":28,"key":"SMITH"},{"data":"Zap","floor":32,"key":"SMITH"}],"neow_cost":"NONE","seed_source_timestamp":741641934902874,"circlet_count":0,"master_deck":["Strike_B","Defend_B","Defend_B+1","Defend_B","Zap+1","Dualcast","Chaos+1","Steam","Storm","FTL+1","Defragment+1","Hologram","Storm","Creative AI+1","Hologram","Ghostly","Ghostly","Ghostly","Ghostly","Ghostly","Tempest+1","Thunder Strike+1","Leap","Go for the Eyes+1"],"relics":["Tiny House","Oddly Smooth Stone","Pen Nib","Letter Opener","Mummified Hand","Lantern","Omamori","Nuclear Battery","Pocketwatch","Calipers","Vajra","Gremlin Horn"],"potions_floor_usage":[7,10,16,16,33,33],"damage_taken":[{"damage":1,"enemies":"Cultist","floor":1,"turns":3},{"damage":0,"enemies":"2 Louse","floor":5,"turns":3},{"damage":37,"enemies":"Gremlin Nob","floor":7,"turns":5},{"damage":6,"enemies":"Lagavulin","floor":10,"turns":6},{"damage":0,"enemies":"Small Slimes","floor":13,"turns":3},{"damage":27,"enemies":"Gremlin Nob","floor":14,"turns":4},{"damage":0,"enemies":"The Guardian","floor":16,"turns":9},{"damage":4,"enemies":"3 Byrds","floor":18,"turns":3},{"damage":5,"enemies":"2 Thieves","floor":21,"turns":3},{"damage":30,"enemies":"Slavers","floor":24,"turns":3},{"damage":0,"enemies":"Book of Stabbing","floor":27,"turns":5},{"damage":3,"enemies":"Snake Plant","floor":31,"turns":3},{"damage":15,"enemies":"Collector","floor":33,"turns":2}],"seed_played":"-7719479573008899986","potions_obtained":[{"floor":0,"key":"Regen Potion"},{"floor":7,"key":"Fire Potion"},{"floor":10,"key":"GamblersBrew"},{"floor":14,"key":"Strength Potion"},{"floor":27,"key":"EssenceOfSteel"},{"floor":31,"key":"Ancient Potion"}],"is_trial":false,"path_per_floor":["M","T","?","?","M","R","E","R","T","E","$","$","M","E","R","B",null,"M","?","T","M","$","R","E","R","T","E","R","?","?","M","R","B"],"character_chosen":"DEFECT","items_purchased":["Lantern","Thunder Strike"],"campfire_rested":1,"item_purchase_floors":[12,22],"current_hp_per_floor":[79,79,79,79,79,79,51,51,51,45,45,45,45,18,18,18,80,76,40,40,35,35,35,5,17,17,17,17,17,17,14,14,0],"gold":177,"neow_bonus":"BOSS_RELIC","is_prod":false,"is_daily":false,"chose_seed":false,"campfire_upgraded":6,"win_rate":0,"timestamp":1548991108,"path_taken":["M","?","?","?","M","R","E","R","T","E","?","$","M","E","R","BOSS","M","?","?","M","$","R","E","R","T","E","R","?","?","M","R","BOSS"],"build_version":"2019-01-23","purchased_purges":1,"victory":false,"max_hp_per_floor":[80,80,80,80,80,80,80,80,80,80,80,80,80,80,80,80,80,80,40,40,40,40,40,40,40,40,40,40,40,40,40,40,40],"card_choices":[{"not_picked":["Cold Snap","Conserve Battery"],"picked":"Chaos","floor":0},{"not_picked":["Ball Lightning","Coolheaded"],"picked":"Steam","floor":1},{"not_picked":["Compile Driver","Sunder"],"picked":"Storm","floor":5},{"not_picked":["Defragment","Darkness"],"picked":"FTL","floor":7},{"not_picked":["Steam","Hologram"],"picked":"Defragment","floor":10},{"not_picked":["Recycle","Scrape"],"picked":"Hologram","floor":13},{"not_picked":["Loop","Hyperbeam"],"picked":"Storm","floor":14},{"not_picked":["Core Surge","Biased Cognition"],"picked":"Creative AI","floor":16},{"not_picked":["Cold Snap","Reprogram+1"],"picked":"Hologram","floor":18},{"not_picked":["Coolheaded","Blizzard+1"],"picked":"Tempest+1","floor":21},{"not_picked":["All For One","Capacitor"],"picked":"Leap","floor":24},{"not_picked":["Rebound+1","Gash","Doom and Gloom"],"picked":"SKIP","floor":27},{"not_picked":["Hologram","Conserve Battery"],"picked":"Go for the Eyes+1","floor":31}],"player_experience":121598,"relics_obtained":[{"floor":2,"key":"Oddly Smooth Stone"},{"floor":7,"key":"Pen Nib"},{"floor":9,"key":"Letter Opener"},{"floor":10,"key":"Mummified Hand"},{"floor":14,"key":"Omamori"},{"floor":20,"key":"Pocketwatch"},{"floor":24,"key":"Calipers"},{"floor":26,"key":"Vajra"},{"floor":27,"key":"Gremlin Horn"}],"event_choices":[{"cards_removed":["Strike_B"],"damage_healed":0,"gold_gain":0,"player_choice":"Card Removal","damage_taken":0,"max_hp_gain":0,"max_hp_loss":0,"event_name":"The Cleric","floor":3,"gold_loss":50},{"cards_removed":["Strike_B"],"damage_healed":0,"gold_gain":0,"player_choice":"Forget","damage_taken":0,"max_hp_gain":0,"max_hp_loss":0,"event_name":"Living Wall","floor":4,"gold_loss":0},{"damage_healed":0,"gold_gain":0,"player_choice":"Became a Ghost","damage_taken":0,"max_hp_gain":0,"max_hp_loss":40,"event_name":"Ghosts","floor":19,"gold_loss":0,"cards_obtained":["Ghostly","Ghostly","Ghostly","Ghostly","Ghostly"]},{"damage_healed":0,"gold_gain":0,"player_choice":"Ignored","damage_taken":0,"max_hp_gain":0,"max_hp_loss":0,"event_name":"Vampires","floor":29,"gold_loss":0},{"cards_removed":["Strike_B"],"damage_healed":0,"gold_gain":0,"player_choice":"Elegance","damage_taken":0,"max_hp_gain":0,"max_hp_loss":0,"event_name":"Back to Basics","floor":30,"gold_loss":0}],"is_beta":false,"boss_relics":[{"not_picked":["Astrolabe","Runic Pyramid"],"picked":"Nuclear Battery"}],"items_purged_floors":[11],"is_endless":false,"potions_floor_spawned":[7,10,14,27,31],"killed_by":"Collector","ascension_level":4}