{"gold_per_floor":[109,127,2,15,15,15,47,47,47,47,47,2,22,33,33,33],"floor_reached":16,"playtime":537,"items_purged":["Strike_B"],"score":175,"play_id":"cdc49c6d-1b81-41d4-aa8b-0403fc9ba0b6","local_time":"20180801163152","is_ascension_mode":true,"campfire_choices":[{"data":"Fusion","floor":6,"key":"SMITH"},{"data":"Coolheaded","floor":8,"key":"SMITH"},{"data":"Rainbow","floor":15,"key":"SMITH"}],"neow_cost":"NONE","seed_source_timestamp":629293061460813,"circlet_count":0,"master_deck":["Strike_B","Strike_B","Strike_B","Defend_B","Defend_B","Defend_B","Defend_B","Zap","Dualcast","AscendersBane","Meteor Strike","Fusion+1","Turbo","BootSequence","Coolheaded+1","Beam Cell","Rainbow+1","Compile Driver"],"relics":["Cracked Core","Calipers","Mummified Hand"],"potions_floor_usage":[2,7,7,16,16],"damage_taken":[{"damage":8,"enemies":"2 Louse","floor":1,"turns":3},{"damage":9,"enemies":"Small Slimes","floor":2,"turns":4},{"damage":0,"enemies":"Cultist","floor":4,"turns":3},{"damage":29,"enemies":"Gremlin Nob","floor":7,"turns":5},{"damage":7,"enemies":"Red Slaver","floor":13,"turns":4},{"damage":12,"enemies":"3 Louse","floor":14,"turns":4},{"damage":7,"enemies":"Hexaghost","floor":16,"turns":9}],"seed_played":"1736594405978264735","potions_obtained":[{"floor":1,"key":"PowerPotion"},{"floor":4,"key":"Block Potion"},{"floor":10,"key":"Weak Potion"},{"floor":10,"key":"SneckoOil"}],"is_trial":false,"path_per_floor":["M","M","$","M","?","R","E","R","T","?","?","$","M","M","R"],"character_chosen":"DEFECT","items_purchased":["Energy Potion","Beam Cell"],"campfire_rested":0,"item_purchase_floors":[3,12],"current_hp_per_floor":[56,47,47,47,70,70,41,41,41,41,41,41,34,22,22,15],"gold":33,"neow_bonus":"ONE_RANDOM_RARE_CARD","is_prod":false,"is_daily":false,"chose_seed":false,"campfire_upgraded":3,"win_rate":0,"timestamp":1533162712,"path_taken":["M","M","$","M","?","R","E","R","T","?","?","$","?","M","R","BOSS"],"build_version":"2018-07-31","purchased_purges":1,"victory":false,"max_hp_per_floor":[71,71,71,71,71,71,71,71,71,71,71,71,71,71,71,71],"card_choices":[{"not_picked":["Doom and Gloom","Redo"],"picked":"Fusion","floor":1},{"not_picked":["Compile Driver","Gash"],"picked":"Turbo","floor":2},{"not_picked":["Gash","Leap"],"picked":"BootSequence","floor":4},{"not_picked":["Blizzard","Redo"],"picked":"Coolheaded","floor":7},{"not_picked":["Redo","Beam Cell"],"picked":"Rainbow","floor":13},{"not_picked":["Defragment","Force Field"],"picked":"Compile Driver","floor":14}],"player_experience":901608,"relics_obtained":[{"floor":7,"key":"Calipers"},{"floor":9,"key":"Mummified Hand"}],"event_choices":[{"event_name":"Big Fish","player_choice":"Banana","floor":5,"damage_taken":0},{"event_name":"The Lab","player_choice":"Got Potions","floor":10,"damage_taken":0},{"event_name":"Scrap Ooze","player_choice":"unsuccessful","floor":11,"damage_taken":0}],"is_beta":true,"boss_relics":[],"items_purged_floors":[3],"is_endless":false,"potions_floor_spawned":[1,4],"killed_by":"Hexaghost","ascension_level":15}