{"gold_per_floor":[114,127,127,1,1,32,32,63,63,63,63,79,95,115,115,115],"floor_reached":16,"playtime":718,"items_purged":["Strike_B"],"score":143,"play_id":"69160d0f-48d7-4d4e-8882-c14fcd3845c4","local_time":"20190212201623","is_ascension_mode":true,"campfire_choices":[{"floor":10.0,"key":"REST"},{"data":"Steam Power","floor":15.0,"key":"SMITH"}],"neow_cost":"NONE","seed_source_timestamp":0,"circlet_count":0,"master_deck":["Strike_B","Strike_B","Defend_B","Defend_B","Defend_B","Defend_B","Zap","Dualcast","Scrape","Beam Cell","Turbo","Go for the Eyes","Steam Power+1","BootSequence","Reinforced Body","Steam"],"special_seed":0,"relics":["Cracked Core","Vajra","Molten Egg 2","Bottled Lightning","Bag of Preparation"],"potions_floor_usage":[16],"damage_taken":[{"damage":7.0,"enemies":"Small Slimes","floor":1.0,"turns":2.0},{"damage":0.0,"enemies":"2 Louse","floor":2.0,"turns":1.0},{"damage":34.0,"enemies":"Gremlin Nob","floor":6.0,"turns":4.0},{"damage":21.0,"enemies":"Lagavulin","floor":8.0,"turns":4.0},{"damage":0.0,"enemies":"Cultist","floor":12.0,"turns":2.0},{"damage":0.0,"enemies":"Gremlin Gang","floor":13.0,"turns":3.0},{"damage":1.0,"enemies":"Red Slaver","floor":14.0,"turns":3.0},{"damage":27,"enemies":"Hexaghost","floor":16,"turns":12}],"seed_played":"-3626137487307950973","potions_obtained":[{"floor":1.0,"key":"Poison Potion"},{"floor":6.0,"key":"Strength Potion"},{"floor":8.0,"key":"AttackPotion"},{"floor":14.0,"key":"Fire Potion"}],"is_trial":false,"path_per_floor":["M","M","?","$","?","E","$","E","T","R","?","M","M","M","R","B"],"character_chosen":"DEFECT","items_purchased":["Go for the Eyes"],"campfire_rested":1,"item_purchase_floors":[4],"current_hp_per_floor":[61,61,61,61,61,27,27,6,6,28,28,28,28,27,27,0],"gold":115,"neow_bonus":"RANDOM_COMMON_RELIC","is_prod":false,"is_daily":false,"chose_seed":false,"campfire_upgraded":1,"win_rate":0,"timestamp":1549998983,"path_taken":["M","M","?","$","?","E","$","E","T","R","?","M","?","M","R","BOSS"],"build_version":"2019-01-23","purchased_purges":1,"victory":false,"max_hp_per_floor":[75,75,75,75,75,75,75,75,75,75,75,75,75,75,75,75],"card_choices":[{"not_picked":["White Noise","Beam Cell"],"picked":"Scrape","floor":1.0},{"not_picked":["Coolheaded","Chill"],"picked":"Beam Cell","floor":2.0},{"not_picked":["Doom and Gloom+1","Lockon+1"],"picked":"Steam Power","floor":6.0},{"not_picked":["Hello World","Ball Lightning+1","Defragment"],"picked":"SKIP","floor":8.0},{"not_picked":["Conserve Battery","Cold Snap+1"],"picked":"BootSequence","floor":12.0},{"not_picked":["Cold Snap+1","Self Repair"],"picked":"Reinforced Body","floor":13.0},{"not_picked":["Reprogram","Electrodynamics"],"picked":"Steam","floor":14.0}],"player_experience":146987,"relics_obtained":[{"floor":6.0,"key":"Bottled Lightning"},{"floor":8.0,"key":"Bag of Preparation"}],"event_choices":[{"damage_healed":0.0,"max_hp_gain":0.0,"max_hp_loss":0.0,"gold_gain":0.0,"cards_transformed":["Strike_B"],"event_name":"Living Wall","player_choice":"Change","floor":3.0,"gold_loss":0.0,"damage_taken":0.0,"cards_obtained":["Turbo"]},{"damage_healed":0.0,"max_hp_gain":0.0,"max_hp_loss":0.0,"gold_gain":0.0,"event_name":"Big Fish","player_choice":"Box","floor":5.0,"gold_loss":0.0,"damage_taken":0.0,"relics_obtained":["Molten Egg 2"],"cards_obtained":["Regret"]},{"cards_removed":["Regret"],"damage_healed":0.0,"max_hp_gain":0.0,"max_hp_loss":0.0,"gold_gain":0.0,"event_name":"Purifier","player_choice":"Purged","floor":11.0,"gold_loss":0.0,"damage_taken":0.0}],"is_beta":false,"boss_relics":[],"items_purged_floors":[4],"is_endless":false,"potions_floor_spawned":[1,6,8,14],"killed_by":"Hexaghost","ascension_level":6}