{"gold_per_floor":[116,116,132,132,0,25,43,73,73,103,113,113,143,218,218,218],"floor_reached":16,"playtime":1543,"items_purged":[],"score":150,"play_id":"e23127dd-7fc0-4334-af75-bb83272d9f79","local_time":"20190215232408","is_ascension_mode":true,"campfire_choices":[{"floor":15,"key":"REST"}],"neow_cost":"NONE","seed_source_timestamp":2387928266806733,"circlet_count":0,"master_deck":["Strike_R","Strike_R","Strike_R","Defend_R+1","Defend_R+1","Defend_R","Defend_R","Bash","Thunderclap","Twin Strike","Warcry","Shockwave","Bandage Up","Intimidate","Dual Wield+1","Headbutt+1","Dropkick","Shrug It Off","Ghostly Armor"],"relics":["Burning Blood","NeowsBlessing","Blue Candle","Bag of Preparation","Mercury Hourglass","Boot","War Paint"],"potions_floor_usage":[16,16],"damage_taken":[{"damage":0,"enemies":"Small Slimes","floor":1,"turns":1},{"damage":0,"enemies":"Cultist","floor":3,"turns":1},{"damage":0,"enemies":"3 Sentries","floor":6,"turns":1},{"damage":3,"enemies":"2 Louse","floor":7,"turns":3},{"damage":35,"enemies":"Lagavulin","floor":8,"turns":8},{"damage":19,"enemies":"3 Sentries","floor":10,"turns":6},{"damage":8,"enemies":"Large Slime","floor":11,"turns":6},{"damage":55,"enemies":"Slime Boss","floor":16,"turns":8}],"seed_played":"7085723473972679806","potions_obtained":[{"floor":7,"key":"Swift Potion"},{"floor":8,"key":"Weak Potion"},{"floor":10,"key":"Energy Potion"}],"is_trial":false,"path_per_floor":["M","?","M","?","$","E","M","E","T","E","M","?","?","?","R","B"],"character_chosen":"IRONCLAD","items_purchased":["Bandage Up","Intimidate"],"campfire_rested":1,"item_purchase_floors":[5,5],"current_hp_per_floor":[80,80,80,80,80,80,80,55,55,46,48,32,32,21,45,0],"gold":218,"neow_bonus":"THREE_ENEMY_KILL","is_prod":false,"is_daily":false,"chose_seed":false,"campfire_upgraded":0,"win_rate":0,"timestamp":1550273048,"path_taken":["M","?","M","?","$","E","M","E","T","E","?","?","?","?","R","BOSS"],"build_version":"2019-01-23","purchased_purges":0,"victory":false,"max_hp_per_floor":[80,80,80,80,80,80,80,80,80,80,80,80,80,80,80,80],"card_choices":[{"not_picked":["Sword Boomerang","Warcry"],"picked":"Thunderclap","floor":1},{"not_picked":["Thunderclap","Clash"],"picked":"Warcry","floor":3},{"not_picked":["Feel No Pain","Wild Strike"],"picked":"Dual Wield","floor":6},{"not_picked":["Body Slam","Havoc"],"picked":"Headbutt","floor":7},{"not_picked":["Fire Breathing","Warcry"],"picked":"Dropkick","floor":8},{"not_picked":["Armaments","Warcry"],"picked":"Shrug It Off","floor":10},{"not_picked":["Seeing Red","Sword Boomerang"],"picked":"Ghostly Armor","floor":11}],"player_experience":748234,"relics_obtained":[{"floor":6,"key":"Blue Candle"},{"floor":8,"key":"Bag of Preparation"},{"floor":9,"key":"Mercury Hourglass"},{"floor":10,"key":"Boot"}],"event_choices":[{"damage_healed":0,"gold_gain":0,"cards_transformed":["Strike_R"],"player_choice":"Change","damage_taken":0,"max_hp_gain":0,"max_hp_loss":0,"event_name":"Living Wall","floor":2,"gold_loss":0,"cards_obtained":["Twin Strike"]},{"damage_healed":0,"gold_gain":0,"cards_transformed":["Strike_R"],"player_choice":"Transformed","damage_taken":0,"max_hp_gain":0,"max_hp_loss":0,"event_name":"Transmorgrifier","floor":4,"gold_loss":0,"cards_obtained":["Shockwave"]},{"damage_healed":0,"gold_gain":0,"player_choice":"Entered Light","damage_taken":16,"max_hp_gain":0,"max_hp_loss":0,"event_name":"Shining Light","floor":12,"gold_loss":0,"cards_upgraded":["Headbutt","Defend_R"]},{"damage_healed":0,"gold_gain":30,"player_choice":"Searched \u00272\u0027 times","damage_taken":0,"relics_obtained":["War Paint"],"max_hp_gain":0,"max_hp_loss":0,"event_name":"Dead Adventurer","floor":13,"gold_loss":0},{"damage_healed":0,"gold_gain":75,"player_choice":"Gather Gold","damage_taken":11,"max_hp_gain":0,"max_hp_loss":0,"event_name":"World of Goop","floor":14,"gold_loss":0}],"is_beta":false,"boss_relics":[],"items_purged_floors":[],"is_endless":false,"potions_floor_spawned":[7,8,10],"killed_by":"Slime Boss","ascension_level":1}