{"gold_per_floor":[14,31,49,49,68,68,94,94,142,176,195,195,210,222,222,222],"floor_reached":16,"playtime":663,"items_purged":[],"score":228,"play_id":"63bfa5ea-f796-4b30-b8e1-c983faaba799","local_time":"20190218115151","is_ascension_mode":true,"campfire_choices":[{"data":"Zap","floor":6,"key":"SMITH"},{"floor":8,"key":"REST"},{"floor":12,"key":"REST"},{"floor":15,"key":"REST"}],"neow_cost":"NO_GOLD","seed_source_timestamp":405108573695100,"circlet_count":0,"master_deck":["AscendersBane","Strike_B","Strike_B+1","Strike_B","Strike_B","Defend_B","Defend_B","Defend_B","Defend_B","Zap+1","Dualcast","All For One","Cold Snap","Go for the Eyes+1","Gash","Scrape","Ball Lightning","Cold Snap","Skim"],"relics":["Cracked Core","Sundial","Vajra","Whetstone"],"potions_floor_usage":[7,7,16],"damage_taken":[{"damage":15,"enemies":"Small Slimes","floor":1,"turns":4},{"damage":2,"enemies":"Jaw Worm","floor":2,"turns":5},{"damage":1,"enemies":"2 Louse","floor":3,"turns":3},{"damage":21,"enemies":"Large Slime","floor":5,"turns":6},{"damage":12,"enemies":"Lagavulin","floor":7,"turns":7},{"damage":16,"enemies":"3 Sentries","floor":10,"turns":6},{"damage":3,"enemies":"Blue Slaver","floor":11,"turns":2},{"damage":9,"enemies":"2 Fungi Beasts","floor":13,"turns":3},{"damage":24,"enemies":"Exordium Wildlife","floor":14,"turns":3},{"damage":5,"enemies":"The Guardian","floor":16,"turns":4}],"seed_played":"-6942273313824809616","potions_obtained":[{"floor":1,"key":"EssenceOfSteel"},{"floor":5,"key":"PowerPotion"},{"floor":10,"key":"Energy Potion"},{"floor":14,"key":"AttackPotion"}],"is_trial":false,"path_per_floor":["M","M","M","?","M","R","E","R","T","E","M","R","M","M","R","B"],"character_chosen":"DEFECT","items_purchased":[],"campfire_rested":3,"item_purchase_floors":[],"current_hp_per_floor":[49,47,46,46,25,25,13,34,34,18,15,36,27,3,24,19],"gold":222,"neow_bonus":"THREE_RARE_CARDS","is_prod":false,"is_daily":false,"chose_seed":false,"campfire_upgraded":1,"win_rate":0,"timestamp":1550515911,"path_taken":["M","M","M","?","M","R","E","R","T","E","M","R","M","M","R","BOSS"],"build_version":"2019-02-06","purchased_purges":0,"victory":false,"max_hp_per_floor":[71,71,71,71,71,71,71,71,71,71,71,71,71,71,71,71],"card_choices":[{"not_picked":["Meteor Strike","Core Surge"],"picked":"All For One","floor":0},{"not_picked":["Auto Shields","Streamline"],"picked":"Cold Snap","floor":1},{"not_picked":["Chaos","Stack","Turbo"],"picked":"SKIP","floor":2},{"not_picked":["Chill","Coolheaded"],"picked":"Go for the Eyes","floor":3},{"not_picked":["Undo","Compile Driver"],"picked":"Gash","floor":5},{"not_picked":["Steam","Redo"],"picked":"Scrape","floor":7},{"not_picked":["Static Discharge","Double Energy"],"picked":"Ball Lightning","floor":10},{"not_picked":["Force Field","BootSequence"],"picked":"Cold Snap","floor":11},{"not_picked":["Sunder","Double Energy","Doom and Gloom"],"picked":"SKIP","floor":13},{"not_picked":["Coolheaded","Scrape"],"picked":"Skim","floor":14}],"player_experience":1339989,"relics_obtained":[{"floor":7,"key":"Sundial"},{"floor":9,"key":"Vajra"},{"floor":10,"key":"Whetstone"}],"event_choices":[{"damage_healed":0,"gold_gain":0,"player_choice":"Ignored","damage_taken":0,"max_hp_gain":0,"max_hp_loss":0,"event_name":"Liars Game","floor":4,"gold_loss":0}],"is_beta":true,"boss_relics":[],"items_purged_floors":[],"is_endless":false,"potions_floor_spawned":[1,5,10,14],"killed_by":"The Guardian","ascension_level":20}