{"gold_per_floor":[109,109,119,131,21,21,14,14,61,111,145,156,172,185,185,257,257,272,66,66,116,131,131,148,148,148,162,193,206,206,218,218,293,293,311,18,29,29,29,29,64,64,64,83,83,118,118,0,0,0],"floor_reached":51,"playtime":3198,"items_purged":["Defend_B","Strike_B"],"score":1322,"play_id":"499adc1e-3fc4-4d1e-8069-bca08d2082ef","local_time":"20180712152807","is_ascension_mode":true,"campfire_choices":[{"data":"Zap","floor":6,"key":"SMITH"},{"data":"Go for the Eyes","floor":8,"key":"SMITH"},{"floor":15,"key":"REST"},{"data":"Redo","floor":23,"key":"SMITH"},{"floor":25,"key":"REST"},{"data":"Consume","floor":32,"key":"SMITH"},{"floor":40,"key":"REST"},{"data":"Blizzard","floor":45,"key":"SMITH"},{"data":"Loop","floor":47,"key":"SMITH"},{"data":"Loop","floor":49,"key":"SMITH"}],"neow_cost":"NONE","seed_source_timestamp":141553191224136,"circlet_count":0,"master_deck":["Strike_B","Defend_B","Defend_B","Defend_B","Zap+1","AscendersBane","Go for the Eyes+1","Coolheaded","Leap","Cold Snap","Capacitor","Glacier","Ball Lightning","Ball Lightning","Self Repair","Loop+1","Leap","Echo Form","Redo+1","Stack+1","Hologram+1","Consume+1","Blizzard+1","Storm+1","Chill","Ball Lightning+1","Machine Learning","Loop+1","Mayhem","Auto Shields+1","Bandage Up","Madness","Madness","Redo+1","Echo Form"],"relics":["FrozenCore","Dream Catcher","Omamori","Runic Capacitor","Nilry\u0027s Codex","DataDisk","Strawberry","Cursed Key","Thread and Needle","Pantograph","Red Mask"],"potions_floor_usage":[11,12,28,35,41,50],"damage_taken":[{"damage":1,"enemies":"Cultist","floor":1,"turns":4},{"damage":2,"enemies":"Small Slimes","floor":3,"turns":3},{"damage":0,"enemies":"Jaw Worm","floor":4,"turns":4},{"damage":30,"enemies":"Exordium Thugs","floor":7,"turns":6},{"damage":10,"enemies":"3 Sentries","floor":11,"turns":9},{"damage":16,"enemies":"Gremlin Gang","floor":12,"turns":5},{"damage":0,"enemies":"Exordium Wildlife","floor":13,"turns":4},{"damage":0,"enemies":"Looter","floor":14,"turns":3},{"damage":0,"enemies":"The Guardian","floor":16,"turns":12},{"damage":12,"enemies":"Chosen","floor":18,"turns":7},{"damage":2,"enemies":"Shell Parasite","floor":22,"turns":6},{"damage":17,"enemies":"Snake Plant","floor":24,"turns":6},{"damage":18,"enemies":"Slaver and Parasite","floor":27,"turns":8},{"damage":4,"enemies":"Gremlin Leader","floor":28,"turns":7},{"damage":11,"enemies":"Centurion and Healer","floor":29,"turns":9},{"damage":27,"enemies":"Chosen and Byrds","floor":31,"turns":7},{"damage":26,"enemies":"Collector","floor":33,"turns":9},{"damage":8,"enemies":"3 Shapes","floor":35,"turns":4},{"damage":24,"enemies":"3 Darklings","floor":37,"turns":6},{"damage":31,"enemies":"2 Orb Walkers","floor":41,"turns":5},{"damage":0,"enemies":"Maw","floor":44,"turns":6},{"damage":13,"enemies":"Giant Head","floor":46,"turns":7},{"damage":41,"enemies":"Awakened One","floor":50,"turns":11}],"seed_played":"-2888614140819749684","potions_obtained":[{"floor":4,"key":"Weak Potion"},{"floor":7,"key":"Poison Potion"},{"floor":12,"key":"SteroidPotion"},{"floor":16,"key":"Fire Potion"},{"floor":28,"key":"GamblersBrew"},{"floor":37,"key":"EssenceOfSteel"},{"floor":41,"key":"LiquidBronze"}],"is_trial":false,"path_per_floor":["M","?","M","M","$","R","M","R","T","?","E","M","M","M","R","B",null,"M","$","?","?","M","R","M","R","T","M","E","M","?","M","R","B",null,"M","$","M","?","?","R","E","?","T","M","R","E","R","?","R","B"],"character_chosen":"DEFECT","items_purchased":["Capacitor","Runic Capacitor","Mayhem"],"campfire_rested":3,"item_purchase_floors":[5,19,36],"current_hp_per_floor":[63,63,61,61,61,61,31,31,31,31,21,5,5,12,33,40,63,58,58,37,37,35,35,25,46,46,49,59,55,71,58,58,39,68,60,60,43,43,29,52,32,32,32,54,54,59,59,59,59,41],"gold":0,"neow_bonus":"REMOVE_CARD","is_prod":false,"is_daily":false,"chose_seed":false,"campfire_upgraded":7,"win_rate":0,"timestamp":1531430887,"path_taken":["M","?","M","M","$","R","M","R","T","?","E","M","?","?","R","BOSS","M","$","?","?","M","R","M","R","T","M","E","M","?","M","R","BOSS","M","$","M","?","?","R","E","?","T","M","R","E","R","?","R","BOSS"],"build_version":"2018-07-12","purchased_purges":2,"victory":true,"max_hp_per_floor":[71,71,71,71,71,71,71,71,71,71,71,71,71,71,71,71,71,71,71,71,71,71,71,71,71,71,71,78,78,78,78,78,78,78,78,78,78,78,78,78,78,78,78,78,78,78,78,78,78,78],"card_choices":[{"not_picked":["Barrage","Rebound"],"picked":"Go for the Eyes","floor":1},{"not_picked":["Turbo","Undo"],"picked":"Leap","floor":3},{"not_picked":["Hello World","Chaos"],"picked":"Cold Snap","floor":4},{"not_picked":["Sweeping Beam","Streamline"],"picked":"Glacier","floor":7},{"not_picked":["Barrage","Turbo"],"picked":"Ball Lightning","floor":11},{"not_picked":["Multi-Cast","Auto Shields"],"picked":"Ball Lightning","floor":12},{"not_picked":["White Noise","Go for the Eyes"],"picked":"Self Repair","floor":13},{"not_picked":["Rebound","Chaos"],"picked":"Loop","floor":14},{"not_picked":["Ball Lightning","Scrape"],"picked":"Leap","floor":15},{"not_picked":["Seek","Reboot"],"picked":"Echo Form","floor":16},{"not_picked":["Doom and Gloom","Hello World"],"picked":"Redo","floor":18},{"not_picked":["Gash","Streamline"],"picked":"Stack+1","floor":22},{"not_picked":["Beam Cell+1","Melter"],"picked":"Hologram+1","floor":24},{"not_picked":["Turbo","Stack"],"picked":"Consume","floor":25},{"not_picked":["Gash","Meteor Strike"],"picked":"Blizzard","floor":27},{"not_picked":["Beam Cell","Rebound"],"picked":"Storm+1","floor":28},{"not_picked":["Sweeping Beam","Turbo"],"picked":"Chill","floor":29},{"not_picked":["Rebound","Steam"],"picked":"Ball Lightning+1","floor":31},{"not_picked":["Reboot","Seek"],"picked":"Machine Learning","floor":33},{"not_picked":["Gash","Go for the Eyes"],"picked":"Loop","floor":35},{"not_picked":["Ball Lightning","Cold Snap"],"picked":"Auto Shields+1","floor":37},{"not_picked":["Deep Breath","PanicButton"],"picked":"Bandage Up","floor":38},{"not_picked":["Reinforced Body","Gash"],"picked":"Redo+1","floor":40},{"not_picked":["Compile Driver","Turbo"],"picked":"Echo Form","floor":41},{"not_picked":["Conserve Battery","Streamline","Genetic Algorithm"],"picked":"SKIP","floor":44},{"not_picked":["Steam","Aggregate","Fusion"],"picked":"SKIP","floor":46}],"player_experience":761271,"relics_obtained":[{"floor":9,"key":"Dream Catcher"},{"floor":11,"key":"Omamori"},{"floor":20,"key":"Nilry\u0027s Codex"},{"floor":26,"key":"DataDisk"},{"floor":28,"key":"Strawberry"},{"floor":41,"key":"Thread and Needle"},{"floor":46,"key":"Pantograph"}],"event_choices":[{"event_name":"Transmorgrifier","player_choice":"Transform","floor":2,"damage_taken":0},{"event_name":"Golden Shrine","player_choice":"Pray","floor":10,"damage_taken":0},{"event_name":"Cursed Tome","player_choice":"Obtained Book","floor":20,"damage_taken":0},{"event_name":"Nest","player_choice":"Stole From Cult","floor":21,"damage_taken":0},{"event_name":"The Library","player_choice":"Heal","floor":30,"damage_taken":0},{"event_name":"SensoryStone","player_choice":"Memory 1","floor":38,"damage_taken":0},{"event_name":"Winding Halls","player_choice":"Embrace Madness","floor":39,"damage_taken":0},{"event_name":"Falling","player_choice":"Removed Skill","floor":42,"damage_taken":0},{"event_name":"Tomb of Lord Red Mask","player_choice":"Paid","floor":48,"damage_taken":0}],"boss_relics":[{"not_picked":["Velvet Choker","Philosopher\u0027s Stone"],"picked":"FrozenCore"},{"not_picked":["Tiny House","Snecko Eye"],"picked":"Cursed Key"}],"items_purged_floors":[5,36],"is_endless":false,"potions_floor_spawned":[4,7,12,16,18,22,28,29,33,37,41],"ascension_level":15}