{"gold_per_floor":[116,41,41,51,68,68,13,13,13,38,51,61,74,89,89,160,160,175,175,43,54,68,68],"floor_reached":23,"playtime":819,"items_purged":[],"score":490,"play_id":"9dcce516-b280-443a-89ee-ebbabd68b4ef","local_time":"20180921171655","is_ascension_mode":true,"campfire_choices":[{"data":"Zap","floor":6,"key":"SMITH"},{"data":"Doom and Gloom","floor":8,"key":"SMITH"},{"floor":15,"key":"REST"}],"neow_cost":"","seed_source_timestamp":770335820704920,"circlet_count":0,"master_deck":["Strike_B","Strike_B","Strike_B","Defend_B","Defend_B","Defend_B","Defend_B","Zap+1","Dualcast","AscendersBane","Ball Lightning","Hologram","Doom and Gloom+1","Genetic Algorithm","Auto Shields","Cold Snap","Conserve Battery","Chill","Electrodynamics","Go for the Eyes","Defragment","White Noise","Ball Lightning","Cold Snap"],"relics":["Cracked Core","Dodecahedron","Bag of Preparation","Fusion Hammer","Enchiridion"],"potions_floor_usage":[4,14,16,16],"damage_taken":[{"damage":2,"enemies":"Jaw Worm","floor":1,"turns":3},{"damage":0,"enemies":"2 Louse","floor":4,"turns":2},{"damage":5,"enemies":"Small Slimes","floor":5,"turns":3},{"damage":27,"enemies":"Lagavulin","floor":10,"turns":4},{"damage":25,"enemies":"Exordium Wildlife","floor":11,"turns":4},{"damage":0,"enemies":"Lots of Slimes","floor":12,"turns":1},{"damage":0,"enemies":"2 Fungi Beasts","floor":13,"turns":2},{"damage":1,"enemies":"Blue Slaver","floor":14,"turns":2},{"damage":0,"enemies":"Slime Boss","floor":16,"turns":5},{"damage":12,"enemies":"Shell Parasite","floor":18,"turns":7},{"damage":3,"enemies":"2 Thieves","floor":21,"turns":4},{"damage":16,"enemies":"Snake Plant","floor":22,"turns":4},{"damage":11,"enemies":"Book of Stabbing","floor":23,"turns":2}],"seed_played":"1536587534187600324","potions_obtained":[{"floor":1,"key":"Fire Potion"},{"floor":11,"key":"FearPotion"},{"floor":14,"key":"Fire Potion"},{"floor":18,"key":"Strength Potion"}],"is_trial":false,"path_per_floor":["M","?","?","M","M","R","$","R","T","E","M","M","M","M","R","B",null,"M","?","$","M","M"],"character_chosen":"DEFECT","items_purchased":["Strength Potion","Defragment","White Noise"],"campfire_rested":1,"item_purchase_floors":[7,20,20],"current_hp_per_floor":[62,62,62,62,57,57,57,57,57,30,5,5,5,4,25,25,60,48,27,27,31,22,11],"gold":68,"neow_bonus":"","is_prod":false,"is_daily":false,"chose_seed":false,"campfire_upgraded":2,"win_rate":0,"timestamp":1537571815,"path_taken":["M","?","?","M","M","R","?","R","T","E","M","?","M","M","R","BOSS","M","?","$","M","?","E"],"build_version":"2018-09-20","purchased_purges":0,"victory":false,"max_hp_per_floor":[71,71,71,71,71,71,71,71,71,71,71,71,71,71,71,71,71,71,71,71,71,71,71],"card_choices":[{"not_picked":["Aggregate","Streamline"],"picked":"Ball Lightning","floor":1},{"not_picked":["Beam Cell","Steam"],"picked":"Hologram","floor":4},{"not_picked":["Rebound","Streamline"],"picked":"Doom and Gloom","floor":5},{"not_picked":["Hyperbeam","Coolheaded"],"picked":"Genetic Algorithm","floor":10},{"not_picked":["Beam Cell","Hello World"],"picked":"Auto Shields","floor":11},{"not_picked":["Static Discharge","Barrage"],"picked":"Cold Snap","floor":12},{"not_picked":["Beam Cell","Loop"],"picked":"Conserve Battery","floor":13},{"not_picked":["Leap","Hologram"],"picked":"Chill","floor":14},{"not_picked":["Hyperbeam","Biased Cognition"],"picked":"Electrodynamics","floor":16},{"not_picked":["Force Field","Streamline"],"picked":"Go for the Eyes","floor":18},{"not_picked":["Gash","Beam Cell"],"picked":"Ball Lightning","floor":21},{"not_picked":["Compile Driver","Stack"],"picked":"Cold Snap","floor":22}],"player_experience":1057890,"relics_obtained":[{"floor":9,"key":"Dodecahedron"},{"floor":10,"key":"Bag of Preparation"},{"floor":19,"key":"Enchiridion"}],"event_choices":[{"event_name":"The Cleric","player_choice":"Card Removal","floor":2,"damage_taken":0},{"event_name":"Scrap Ooze","player_choice":"unsuccessful","floor":3,"damage_taken":0},{"event_name":"Cursed Tome","player_choice":"Obtained Book","floor":19,"damage_taken":0}],"is_beta":true,"boss_relics":[{"not_picked":["Eternal Feather","White Beast Statue"],"picked":"Fusion Hammer"}],"items_purged_floors":[],"is_endless":false,"potions_floor_spawned":[1,11,14,18],"killed_by":"Book of Stabbing","ascension_level":20}