{"gold_per_floor":[115,125,137,137,151,151,176,176,176,208,220,238,255,275,275,378,378,395,409,419,438,34,62,62,87,87,87,97,122,70,82,82,183,183,193,208,118,130,150,177,177,207,207,207,224,257,274,305,305,305],"floor_reached":51,"playtime":2993,"items_purged":[],"score":1459,"play_id":"14a3039a-f4a3-43ce-846b-10b31d86fc1d","local_time":"20181211223547","daily_mods":["SealedDeck"],"is_ascension_mode":true,"campfire_choices":[{"data":"Defragment","floor":6,"key":"SMITH"},{"data":"Go for the Eyes","floor":8,"key":"SMITH"},{"data":"Reboot","floor":15,"key":"SMITH"},{"floor":32,"key":"REST"},{"floor":41,"key":"REST"},{"data":"Seek","floor":44,"key":"SMITH"},{"data":"Seek","floor":49,"key":"SMITH"}],"neow_cost":"","seed_source_timestamp":0,"circlet_count":0,"master_deck":["Conserve Battery","Compile Driver","Cold Snap","Steam","Beam Cell","Leap","Conserve Battery+1","Gash+1","Go for the Eyes+1","Gash","Beam Cell","Hologram+1","Ball Lightning+1","Defragment+1","Glacier","Reboot+1","Loop","Leap","Compile Driver+1","Reinforced Body+1","Aggregate+1","Compile Driver","Gash+1","Double Energy","Rebound+1","Seek+1","Stack","BootSequence+1","Coolheaded","Defragment","Gash","Conserve Battery","All For One","Barrage+1","Conserve Battery+1","Seek+1","Hologram+1","Gash+1","Gash+1","Go for the Eyes"],"relics":["Unceasing Top","War Paint","Boot","Cables","Astrolabe","Runic Capacitor","Pantograph","Whetstone","Bottled Flame","Nilry\u0027s Codex","Centennial Puzzle","Philosopher\u0027s Stone","Blood Vial","Gambling Chip","Bottled Lightning","Regal Pillow","Singing Bowl"],"potions_floor_usage":[21,29,29,50,50,50],"damage_taken":[{"damage":0,"enemies":"Jaw Worm","floor":1,"turns":2},{"damage":0,"enemies":"Cultist","floor":2,"turns":2},{"damage":0,"enemies":"Small Slimes","floor":3,"turns":3},{"damage":0,"enemies":"Exordium Wildlife","floor":5,"turns":3},{"damage":0,"enemies":"3 Sentries","floor":7,"turns":5},{"damage":12,"enemies":"Gremlin Nob","floor":10,"turns":4},{"damage":0,"enemies":"2 Fungi Beasts","floor":11,"turns":3},{"damage":2,"enemies":"Lots of Slimes","floor":12,"turns":4},{"damage":0,"enemies":"Blue Slaver","floor":13,"turns":3},{"damage":0,"enemies":"Exordium Thugs","floor":14,"turns":3},{"damage":0,"enemies":"Hexaghost","floor":16,"turns":8},{"damage":0,"enemies":"Spheric Guardian","floor":18,"turns":5},{"damage":0,"enemies":"3 Byrds","floor":19,"turns":5},{"damage":0,"enemies":"Centurion and Healer","floor":20,"turns":6},{"damage":6,"enemies":"Chosen and Byrds","floor":21,"turns":4},{"damage":0,"enemies":"Book of Stabbing","floor":23,"turns":7},{"damage":6,"enemies":"Slavers","floor":25,"turns":6},{"damage":12,"enemies":"Snake Plant","floor":28,"turns":3},{"damage":0,"enemies":"Book of Stabbing","floor":29,"turns":4},{"damage":0,"enemies":"3 Cultists","floor":31,"turns":3},{"damage":0,"enemies":"Champ","floor":33,"turns":8},{"damage":12,"enemies":"3 Shapes","floor":35,"turns":3},{"damage":0,"enemies":"Orb Walker","floor":36,"turns":2},{"damage":0,"enemies":"Spire Growth","floor":38,"turns":4},{"damage":0,"enemies":"Maw","floor":39,"turns":5},{"damage":32,"enemies":"Reptomancer","floor":40,"turns":5},{"damage":3,"enemies":"Nemesis","floor":42,"turns":5},{"damage":0,"enemies":"Writhing Mass","floor":45,"turns":4},{"damage":0,"enemies":"Giant Head","floor":46,"turns":4},{"damage":0,"enemies":"Spire Growth","floor":47,"turns":2},{"damage":0,"enemies":"Reptomancer","floor":48,"turns":3},{"damage":16,"enemies":"Time Eater","floor":50,"turns":8}],"seed_played":"-3418125093431723910","potions_obtained":[{"floor":3,"key":"Strength Potion"},{"floor":7,"key":"Explosive Potion"},{"floor":12,"key":"Fire Potion"},{"floor":14,"key":"PowerPotion"},{"floor":23,"key":"Weak Potion"},{"floor":31,"key":"Swift Potion"},{"floor":35,"key":"Strength Potion"},{"floor":36,"key":"PowerPotion"}],"is_trial":true,"path_per_floor":["M","M","M","?","M","R","E","R","T","E","M","M","M","M","R","B",null,"M","M","M","M","$","E","?","E","T","?","M","E","$","M","R","B",null,"M","M","?","M","M","E","R","E","T","R","M","E","M","E","R","B",null],"character_chosen":"DEFECT","items_purchased":["Runic Capacitor","Seek","Stack","Gash"],"campfire_rested":2,"item_purchase_floors":[22,22,22,30],"current_hp_per_floor":[68,68,68,68,68,68,68,68,68,56,56,54,54,54,54,54,70,70,70,70,64,64,64,64,58,58,42,30,30,30,30,52,75,75,63,63,63,63,63,31,53,52,52,52,54,56,58,62,62,61],"gold":305,"neow_bonus":"","is_prod":false,"is_daily":false,"chose_seed":false,"campfire_upgraded":5,"win_rate":0,"timestamp":1544574947,"path_taken":["M","M","M","?","M","R","E","R","T","E","M","M","?","M","R","BOSS","M","M","M","M","$","E","?","E","T","?","M","E","?","M","R","BOSS","M","M","?","M","M","E","R","E","T","R","?","E","M","E","R","BOSS"],"build_version":"2018-12-06","purchased_purges":0,"victory":true,"max_hp_per_floor":[75,75,75,75,75,75,75,75,75,75,75,75,75,75,75,75,75,75,75,75,75,75,75,75,75,75,75,75,75,75,75,75,75,75,75,75,75,75,75,75,75,75,75,75,75,75,75,77,77,77],"card_choices":[{"not_picked":["Steam","Redo"],"picked":"Beam Cell","floor":1},{"not_picked":["Storm","Self Repair"],"picked":"Hologram","floor":2},{"not_picked":["Redo","Compile Driver"],"picked":"Ball Lightning","floor":3},{"not_picked":["Chaos","Doom and Gloom"],"picked":"Defragment","floor":5},{"not_picked":["Tempest","Reinforced Body"],"picked":"Steam","floor":7},{"not_picked":["Gash","Reprogram"],"picked":"Glacier","floor":10},{"not_picked":["Beam Cell","Doom and Gloom"],"picked":"Reboot","floor":11},{"not_picked":["Barrage","Leap"],"picked":"Loop","floor":12},{"not_picked":["Reinforced Body","Go for the Eyes"],"picked":"Reprogram","floor":13},{"not_picked":["Recycle","Loop"],"picked":"Leap","floor":14},{"not_picked":["Reboot","Hyperbeam"],"picked":"Rainbow","floor":16},{"not_picked":["Cold Snap","Reprogram"],"picked":"Compile Driver","floor":18},{"not_picked":["Ball Lightning","Beam Cell"],"picked":"Gash+1","floor":19},{"not_picked":["Ball Lightning","Doom and Gloom"],"picked":"Double Energy","floor":20},{"not_picked":["Reprogram","Barrage"],"picked":"Rebound","floor":21},{"not_picked":["Stack","Fission"],"picked":"BootSequence+1","floor":23},{"not_picked":["Leap","Auto Shields"],"picked":"Coolheaded","floor":25},{"not_picked":["Reprogram","Sweeping Beam+1"],"picked":"Defragment","floor":28},{"not_picked":["Cold Snap","Genetic Algorithm+1"],"picked":"Storm+1","floor":29},{"not_picked":["Sweeping Beam","Leap"],"picked":"Conserve Battery","floor":31},{"not_picked":["Multi-Cast","Echo Form"],"picked":"All For One","floor":33},{"not_picked":["Conserve Battery","Sunder+1"],"picked":"Barrage+1","floor":35},{"not_picked":["Redo","Go for the Eyes"],"picked":"Conserve Battery+1","floor":36},{"not_picked":["Reinforced Body+1","Redo+1"],"picked":"Seek","floor":38},{"not_picked":["BootSequence","Cold Snap+1","Consume"],"picked":"SKIP","floor":39},{"not_picked":["Hyperbeam","Core Surge"],"picked":"Hologram+1","floor":40},{"not_picked":["Steam Power","Stack"],"picked":"Gash+1","floor":42},{"not_picked":["Scrape+1","Fusion"],"picked":"Gash+1","floor":45},{"not_picked":["Rip and Tear","Fusion","Auto Shields"],"picked":"SKIP","floor":46},{"not_picked":["Hologram","Hello World"],"picked":"Go for the Eyes","floor":47},{"not_picked":["Compile Driver+1","Storm+1","Blizzard+1"],"picked":"Singing Bowl","floor":48}],"player_experience":235383,"relics_obtained":[{"floor":7,"key":"War Paint"},{"floor":9,"key":"Boot"},{"floor":10,"key":"Cables"},{"floor":23,"key":"Pantograph"},{"floor":25,"key":"Whetstone"},{"floor":26,"key":"Bottled Flame"},{"floor":27,"key":"Nilry\u0027s Codex"},{"floor":29,"key":"Centennial Puzzle"},{"floor":40,"key":"Blood Vial"},{"floor":42,"key":"Gambling Chip"},{"floor":43,"key":"Bottled Lightning"},{"floor":46,"key":"Regal Pillow"},{"floor":48,"key":"Singing Bowl"}],"event_choices":[{"damage_healed":0,"gold_gain":0,"player_choice":"Bought 0 Potions","damage_taken":0,"max_hp_gain":0,"max_hp_loss":0,"event_name":"The Woman in Blue","floor":4,"gold_loss":0},{"damage_healed":0,"gold_gain":0,"player_choice":"Ignored","damage_taken":0,"max_hp_gain":0,"max_hp_loss":0,"event_name":"Ghosts","floor":24,"gold_loss":0},{"damage_healed":0,"gold_gain":0,"player_choice":"Obtained Book","damage_taken":16,"max_hp_gain":0,"max_hp_loss":0,"event_name":"Cursed Tome","floor":27,"gold_loss":0},{"cards_removed":["Storm"],"damage_healed":0,"gold_gain":0,"player_choice":"Upgrade and Remove","damage_taken":0,"max_hp_gain":0,"max_hp_loss":0,"event_name":"Designer","floor":37,"gold_loss":90,"cards_upgraded":["Gash"]}],"is_beta":false,"boss_relics":[{"not_picked":["Runic Pyramid","Fusion Hammer"],"picked":"Astrolabe"},{"not_picked":["Runic Dome","White Beast Statue"],"picked":"Philosopher\u0027s Stone"}],"items_purged_floors":[],"is_endless":false,"potions_floor_spawned":[3,7,12,14,16,18,20,23,25,31,35,36,39,45],"ascension_level":6}