{"gold_per_floor":[115,135,145,160,219,247,247,269,296,329,346,363,381,410,410,507,507,507,507,253,253,253,253,253,253,253,253,253,253,253,253,253,253,253,253,38,38,38,38,38,38,38,38,38,38,38,20,20,20,20],"floor_reached":51,"playtime":1222,"items_purged":[],"score":1593,"play_id":"be3c526d-2644-49e4-9614-a35080de5fc4","local_time":"20180629150646","daily_mods":["Draft","Hoarder"],"is_ascension_mode":true,"campfire_choices":[{"data":"Perfected Strike","floor":7,"key":"SMITH"},{"data":"Perfected Strike","floor":15,"key":"SMITH"},{"data":"Perfected Strike","floor":24,"key":"SMITH"},{"data":"Perfected Strike","floor":28,"key":"SMITH"},{"data":"Perfected Strike","floor":32,"key":"SMITH"},{"data":"1","floor":41,"key":"LIFT"},{"data":"2","floor":44,"key":"LIFT"},{"floor":49,"key":"REST"}],"neow_cost":"","seed_source_timestamp":0,"circlet_count":0,"master_deck":["Demon Form","Wraith Form v2","Echo Form","Infernal Blade","Infernal Blade","Infernal Blade","Shrug It Off","Shrug It Off","Shrug It Off","Twin Strike","Twin Strike","Twin Strike","Clothesline","Clothesline","Clothesline","Intimidate","Intimidate","Intimidate","Uppercut","Uppercut","Uppercut","Sword Boomerang","Sword Boomerang","Sword Boomerang","Clothesline","Clothesline","Clothesline","Sentinel","Sentinel","Sentinel","Pummel","Pummel","Pummel","Ghostly Armor","Ghostly Armor","Ghostly Armor","Carnage","Carnage","Carnage","Perfected Strike+1","Perfected Strike+1","Perfected Strike","Pommel Strike","Pommel Strike","Pommel Strike","Wild Strike","Wild Strike","Wild Strike","Blood for Blood","Blood for Blood","Blood for Blood","Perfected Strike+1","Perfected Strike+1","Perfected Strike","Havoc","Havoc","Havoc","Carnage","Carnage","Carnage","Impervious","Impervious","Impervious","Shockwave","Shockwave","Shockwave","Twin Strike","Twin Strike","Twin Strike","Wild Strike","Wild Strike","Wild Strike","Twin Strike","Twin Strike","Twin Strike","Perfected Strike","Perfected Strike","Perfected Strike+1","Impervious+1","Impervious+1","Impervious+1","Armaments+1","Armaments+1","Armaments+1","Corruption","Corruption","Corruption","Twin Strike","Twin Strike","Twin Strike","Pommel Strike+1","Pommel Strike+1","Pommel Strike+1","Havoc+1","Havoc+1","Havoc+1","Ghostly Armor+1","Ghostly Armor+1","Ghostly Armor+1","Burning Pact+1","Burning Pact+1","Burning Pact+1","Bludgeon","Bludgeon","Bludgeon","Feel No Pain+1","Feel No Pain+1","Feel No Pain+1","Bludgeon","Bludgeon","Bludgeon","Uppercut","Uppercut","Uppercut","Pommel Strike","Pommel Strike","Pommel Strike","Burning Pact+1","Burning Pact+1","Burning Pact+1","Uppercut","Uppercut","Uppercut","Perfected Strike","Perfected Strike","Perfected Strike","Madness+1","Madness+1","Madness+1","Madness+1","Madness+1","Madness+1","Pommel Strike+1","Pommel Strike+1","Pommel Strike+1","Twin Strike","Twin Strike","Twin Strike"],"relics":["Snecko Eye","Pen Nib","Odd Mushroom","Omamori","Ancient Tea Set","Toxic Egg 2","Ectoplasm","Bag of Preparation","Red Mask","The Courier","Boot","Toolbox","Girya","Fusion Hammer","Ginger","Shuriken","Blue Candle","Lantern"],"potions_floor_usage":[8,30,50],"damage_taken":[{"damage":0,"enemies":"Cultist","floor":1,"turns":2},{"damage":0,"enemies":"Jaw Worm","floor":2,"turns":1},{"damage":0,"enemies":"2 Louse","floor":3,"turns":1},{"damage":0,"enemies":"Looter","floor":4,"turns":1},{"damage":0,"enemies":"Lagavulin","floor":6,"turns":1},{"damage":0,"floor":8,"turns":2},{"damage":0,"enemies":"Gremlin Nob","floor":10,"turns":2},{"damage":0,"enemies":"3 Louse","floor":11,"turns":2},{"damage":0,"enemies":"2 Fungi Beasts","floor":12,"turns":2},{"damage":0,"enemies":"Large Slime","floor":13,"turns":1},{"damage":0,"enemies":"Lagavulin","floor":14,"turns":1},{"damage":0,"enemies":"Slime Boss","floor":16,"turns":3},{"damage":0,"enemies":"Spheric Guardian","floor":18,"turns":1},{"damage":0,"enemies":"2 Thieves","floor":21,"turns":1},{"damage":0,"floor":22,"turns":2},{"damage":14,"enemies":"Slavers","floor":23,"turns":3},{"damage":0,"enemies":"Gremlin Leader","floor":25,"turns":3},{"damage":0,"enemies":"Snake Plant","floor":27,"turns":1},{"damage":0,"enemies":"Book of Stabbing","floor":29,"turns":1},{"damage":0,"enemies":"Cultist and Chosen","floor":30,"turns":2},{"damage":0,"enemies":"Collector","floor":33,"turns":1},{"damage":0,"enemies":"3 Darklings","floor":35,"turns":2},{"damage":3,"floor":37,"turns":1},{"damage":0,"enemies":"3 Shapes","floor":38,"turns":2},{"damage":16,"enemies":"Spire Growth","floor":39,"turns":3},{"damage":0,"enemies":"Nemesis","floor":40,"turns":1},{"damage":0,"enemies":"Flame Bruiser 2 Orb","floor":45,"turns":1},{"damage":21,"enemies":"2 Orb Walkers","floor":46,"turns":3},{"damage":0,"enemies":"4 Shapes","floor":48,"turns":2},{"damage":0,"enemies":"Time Eater","floor":50,"turns":4}],"seed_played":"-3646977574841454530","potions_obtained":[{"floor":2,"key":"Regen Potion"},{"floor":3,"key":"Strength Potion"},{"floor":4,"key":"GamblersBrew"},{"floor":14,"key":"Fire Potion"},{"floor":16,"key":"Block Potion"},{"floor":35,"key":"Poison Potion"}],"is_trial":true,"path_per_floor":["M","M","M","M","?","E","R","?","T","E","M","M","M","E","R","B",null,"M","?","$","M","?","E","R","E","T","M","R","E","M","$","R","B",null,"M","$","?","M","M","E","R","?","T","R","M","E","$","M","R","B"],"character_chosen":"IRONCLAD","items_purchased":["Corruption","Twin Strike","Bag of Preparation","Bludgeon","Uppercut","Pommel Strike","Twin Strike"],"campfire_rested":1,"item_purchase_floors":[20,20,20,36,36,36,47],"current_hp_per_floor":[80,80,80,80,80,80,80,80,80,80,80,80,80,80,80,80,80,80,80,80,80,80,66,66,66,66,66,66,66,66,66,66,66,80,80,80,77,77,61,61,61,51,51,51,51,30,30,30,54,54],"gold":20,"neow_bonus":"","is_prod":false,"is_daily":false,"chose_seed":false,"campfire_upgraded":5,"win_rate":0,"timestamp":1530306406,"path_taken":["M","M","M","M","?","E","R","?","T","E","M","M","M","E","R","BOSS","M","?","$","M","?","E","R","E","T","M","R","E","M","?","R","BOSS","M","$","?","M","M","E","R","?","T","R","M","E","?","M","R","BOSS"],"build_version":"2018-06-28","purchased_purges":0,"victory":true,"max_hp_per_floor":[80,80,80,80,80,80,80,80,80,80,80,80,80,80,80,80,80,80,80,80,80,80,80,80,80,80,80,80,80,80,80,80,80,80,80,80,80,80,80,80,80,80,80,80,80,80,80,80,80,80],"card_choices":[{"not_picked":["Armaments","Body Slam"],"picked":"Infernal Blade","floor":0},{"not_picked":["Disarm","Second Wind"],"picked":"Shrug It Off","floor":0},{"not_picked":["Rupture","Clash"],"picked":"Twin Strike","floor":0},{"not_picked":["Sever Soul","Cleave"],"picked":"Clothesline","floor":0},{"not_picked":["Combust","Anger"],"picked":"Intimidate","floor":0},{"not_picked":["Spot Weakness","Armaments"],"picked":"Uppercut","floor":0},{"not_picked":["Anger","Clash"],"picked":"Sword Boomerang","floor":0},{"not_picked":["Anger","Carnage"],"picked":"Clothesline","floor":0},{"not_picked":["Rampage","Anger"],"picked":"Sentinel","floor":0},{"not_picked":["True Grit","Power Through"],"picked":"Pummel","floor":0},{"not_picked":["Rampage","Searing Blow"],"picked":"Ghostly Armor","floor":0},{"not_picked":["Twin Strike","Warcry"],"picked":"Carnage","floor":0},{"not_picked":["Metallicize","Flex"],"picked":"Perfected Strike","floor":0},{"not_picked":["Twin Strike","Cleave"],"picked":"Pommel Strike","floor":0},{"not_picked":["Clothesline","True Grit"],"picked":"Wild Strike","floor":0},{"not_picked":["Iron Wave","Flex"],"picked":"Blood for Blood","floor":1},{"not_picked":["Blood for Blood","Body Slam"],"picked":"Perfected Strike","floor":2},{"not_picked":["Rampage","Hemokinesis"],"picked":"Havoc","floor":3},{"not_picked":["Headbutt","Sword Boomerang","Bloodletting"],"picked":"SKIP","floor":4},{"not_picked":["Clash","Pummel"],"picked":"Carnage","floor":6},{"not_picked":["Clash","Feel No Pain"],"picked":"Impervious","floor":8},{"not_picked":["Rampage","Sword Boomerang"],"picked":"Shockwave","floor":10},{"not_picked":["Entrench","True Grit"],"picked":"Twin Strike","floor":11},{"not_picked":["Hemokinesis","Fiend Fire"],"picked":"Wild Strike","floor":12},{"not_picked":["Sword Boomerang","Whirlwind"],"picked":"Twin Strike","floor":13},{"not_picked":["Offering","Pummel"],"picked":"Perfected Strike","floor":14},{"not_picked":["Juggernaut","Barricade"],"picked":"Impervious+1","floor":16},{"not_picked":["Pommel Strike","Warcry+1"],"picked":"Armaments+1","floor":18},{"not_picked":["Body Slam","Intimidate+1","Combust"],"picked":"SKIP","floor":21},{"not_picked":["Clothesline","Twin Strike+1"],"picked":"Pommel Strike+1","floor":22},{"not_picked":["Evolve+1","Fiend Fire"],"picked":"Havoc+1","floor":23},{"not_picked":["Pummel","Heavy Blade"],"picked":"Ghostly Armor+1","floor":25},{"not_picked":["Rage+1","Heavy Blade+1","Flex+1"],"picked":"SKIP","floor":27},{"not_picked":["Metallicize","Disarm+1"],"picked":"Burning Pact+1","floor":29},{"not_picked":["Clothesline","Thunderclap","Havoc+1"],"picked":"SKIP","floor":30},{"not_picked":["Fiend Fire","Immolate"],"picked":"Bludgeon","floor":33},{"not_picked":["Flame Barrier+1","Armaments+1"],"picked":"Feel No Pain+1","floor":35},{"not_picked":["True Grit+1","Ghostly Armor+1"],"picked":"Burning Pact+1","floor":37},{"not_picked":["Entrench+1","Warcry+1"],"picked":"Uppercut","floor":38},{"not_picked":["Sever Soul+1","Wild Strike+1"],"picked":"Perfected Strike","floor":39},{"not_picked":["Seeing Red+1","Armaments+1","Combust"],"picked":"SKIP","floor":40},{"not_picked":["True Grit+1","Spot Weakness+1"],"picked":"Pommel Strike+1","floor":45},{"not_picked":["Immolate","Warcry+1","Flex+1"],"picked":"SKIP","floor":46},{"not_picked":["Spot Weakness+1","Intimidate+1","Dropkick"],"picked":"SKIP","floor":48}],"player_experience":737409,"relics_obtained":[{"floor":6,"key":"Pen Nib"},{"floor":8,"key":"Odd Mushroom"},{"floor":9,"key":"Omamori"},{"floor":10,"key":"Ancient Tea Set"},{"floor":14,"key":"Toxic Egg 2"},{"floor":22,"key":"Red Mask"},{"floor":23,"key":"The Courier"},{"floor":25,"key":"Boot"},{"floor":26,"key":"Toolbox"},{"floor":29,"key":"Girya"},{"floor":37,"key":"Ginger"},{"floor":40,"key":"Shuriken"},{"floor":43,"key":"Blue Candle"},{"floor":46,"key":"Lantern"}],"event_choices":[{"event_name":"Golden Wing","player_choice":"Gained Gold","floor":5,"damage_taken":0},{"event_name":"Mushrooms","player_choice":"Fought Mushrooms","floor":8,"damage_taken":0},{"event_name":"Vampires","player_choice":"Ignored","floor":19,"damage_taken":0},{"event_name":"Masked Bandits","player_choice":"Fought over 253 gold","floor":22,"damage_taken":0},{"event_name":"Mysterious Sphere","player_choice":"Fight","floor":37,"damage_taken":0},{"event_name":"Winding Halls","player_choice":"Embrace Madness","floor":42,"damage_taken":0}],"boss_relics":[{"not_picked":["Mark of Pain","Cursed Key"],"picked":"Ectoplasm"},{"not_picked":["Black Star","Runic Cube"],"picked":"Fusion Hammer"}],"items_purged_floors":[],"is_endless":false,"potions_floor_spawned":[2,3,4,6,14,16,18,23,35,37,39],"ascension_level":1}