{"gold_per_floor":[111,0,16,34,34,34,48,81,162,162,179,179,190,208,208,287,287,307,325,44,44,55,55],"floor_reached":23,"playtime":1136,"items_purged":["Strike_G","Strike_G"],"score":380,"play_id":"ec5e4826-f850-4280-ba81-913507dc184a","local_time":"20190114210503","is_ascension_mode":true,"campfire_choices":[{"data":"Catalyst","floor":6,"key":"SMITH"},{"data":"Footwork","floor":10,"key":"SMITH"},{"floor":12,"key":"REST"},{"data":"Survivor","floor":15,"key":"SMITH"}],"neow_cost":"NONE","seed_source_timestamp":443058827376628,"circlet_count":0,"master_deck":["AscendersBane","Defend_G","Defend_G","Defend_G","Defend_G","Defend_G","Strike_G","Strike_G","Survivor+1","Neutralize+1","Sucker Punch","Noxious Fumes+1","Catalyst+1","Well Laid Plans","Cloak And Dagger","Footwork+1","Deadly Poison","Adrenaline","Backstab","Backflip","Noxious Fumes","Infinite Blades","Footwork"],"relics":["Ring of the Snake","Ginger","Bottled Lightning","Cursed Key"],"potions_floor_usage":[8,11,16,22,23],"damage_taken":[{"damage":4,"enemies":"2 Louse","floor":1,"turns":4},{"damage":0,"enemies":"Jaw Worm","floor":3,"turns":5},{"damage":0,"enemies":"Cultist","floor":4,"turns":4},{"damage":9,"enemies":"Large Slime","floor":7,"turns":7},{"damage":16,"enemies":"3 Sentries","floor":8,"turns":8},{"damage":10,"enemies":"Gremlin Gang","floor":11,"turns":5},{"damage":3,"enemies":"Looter","floor":13,"turns":4},{"damage":8,"enemies":"Lots of Slimes","floor":14,"turns":4},{"damage":22,"enemies":"The Guardian","floor":16,"turns":7},{"damage":9,"enemies":"3 Byrds","floor":18,"turns":4},{"damage":13,"enemies":"2 Thieves","floor":19,"turns":5},{"damage":8,"enemies":"Snecko","floor":22,"turns":5},{"damage":47,"enemies":"Slavers","floor":23,"turns":4}],"seed_played":"-3828579523802647152","potions_obtained":[{"floor":4,"key":"PowerPotion"},{"floor":8,"key":"Strength Potion"},{"floor":14,"key":"Poison Potion"}],"is_trial":false,"path_per_floor":["M","$","M","M","?","R","M","E","T","R","M","R","M","M","R","B",null,"M","M","$","?","M","E"],"character_chosen":"THE_SILENT","items_purchased":["Noxious Fumes","Noxious Fumes","PowerPotion","Regen Potion"],"campfire_rested":1,"item_purchase_floors":[2,20,20,20],"current_hp_per_floor":[55,55,55,55,55,55,46,30,30,30,20,39,36,28,28,6,51,42,29,29,29,36,0],"gold":55,"neow_bonus":"UPGRADE_CARD","is_prod":false,"is_daily":false,"chose_seed":false,"campfire_upgraded":3,"win_rate":0,"timestamp":1547525103,"path_taken":["M","$","M","M","?","R","M","E","T","R","M","R","M","M","R","BOSS","M","M","$","?","?","E"],"build_version":"2019-01-10","purchased_purges":2,"victory":false,"max_hp_per_floor":[66,66,66,66,66,66,66,66,66,66,66,66,66,66,66,66,66,66,66,66,66,66,66],"card_choices":[{"not_picked":["Dodge and Roll","Deadly Poison"],"picked":"Sucker Punch","floor":1},{"not_picked":["Acrobatics","Poisoned Stab"],"picked":"Catalyst","floor":3},{"not_picked":["Prepared","Backflip"],"picked":"Well Laid Plans","floor":4},{"not_picked":["Prepared","Dodge and Roll"],"picked":"Cloak And Dagger","floor":7},{"not_picked":["Leg Sweep","Backstab"],"picked":"Footwork","floor":8},{"not_picked":["Eviscerate","Flying Knee"],"picked":"Deadly Poison","floor":11},{"not_picked":["Deadly Poison","Prepared","Riddle With Holes"],"picked":"SKIP","floor":13},{"not_picked":["Dagger Throw","Setup","Prepared"],"picked":"SKIP","floor":14},{"not_picked":["A Thousand Cuts","Night Terror"],"picked":"Adrenaline","floor":16},{"not_picked":["Blade Dance","PiercingWail"],"picked":"Backstab","floor":18},{"not_picked":["Dagger Spray","Dash"],"picked":"Backflip","floor":19},{"not_picked":["Cloak And Dagger","Setup"],"picked":"Footwork","floor":22}],"player_experience":1207890,"relics_obtained":[{"floor":8,"key":"Ginger"},{"floor":9,"key":"Bottled Lightning"}],"event_choices":[{"damage_healed":0,"gold_gain":0,"player_choice":"Grow","damage_taken":0,"max_hp_gain":0,"max_hp_loss":0,"event_name":"Living Wall","floor":5,"gold_loss":0,"cards_upgraded":["Noxious Fumes"]},{"damage_healed":0,"gold_gain":0,"cards_transformed":["Strike_G"],"player_choice":"Transformed","damage_taken":0,"max_hp_gain":0,"max_hp_loss":0,"event_name":"Transmorgrifier","floor":21,"gold_loss":0,"cards_obtained":["Infinite Blades"]}],"is_beta":true,"boss_relics":[{"not_picked":["White Beast Statue","Philosopher\u0027s Stone"],"picked":"Cursed Key"}],"items_purged_floors":[2,20],"is_endless":false,"potions_floor_spawned":[4,8,14],"killed_by":"Slavers","ascension_level":19}