{"gold_per_floor":[116,132,132,142,162,190,190,201,201,166,166,181,207,238,250,367,379,372,484,513,217,217,217,247,247,326,326],"floor_reached":27,"playtime":1360,"items_purged":["Strike_G"],"score":255,"play_id":"7ff0554d-24c7-4b39-9290-17da4bd3de1d","local_time":"20181104174807","is_ascension_mode":true,"campfire_choices":[{"data":"Neutralize","floor":7,"key":"SMITH"},{"data":"Predator","floor":11,"key":"SMITH"},{"data":"Blade Dance","floor":15,"key":"SMITH"},{"data":"Blade Dance","floor":23,"key":"SMITH"},{"floor":25,"key":"REST"}],"neow_cost":"NONE","seed_source_timestamp":715737996773680,"circlet_count":0,"master_deck":["Defend_G","Defend_G","Defend_G","Defend_G","Defend_G","Survivor","Neutralize+1","Predator+1","Accuracy","Flying Knee","Dagger Throw","Burst","Footwork","Dagger Spray","Sucker Punch","Blade Dance+1","After Image","Backflip","Blade Dance+1","Noxious Fumes"],"relics":["Ring of the Snake","Torii","Pantograph","MawBank","Empty Cage","Vajra","Ginger","Frozen Egg 2"],"potions_floor_usage":[5,8,12,16],"damage_taken":[{"damage":1,"enemies":"Cultist","floor":1,"turns":6},{"damage":0,"enemies":"Jaw Worm","floor":2,"turns":3},{"damage":0,"enemies":"2 Louse","floor":4,"turns":2},{"damage":8,"enemies":"Large Slime","floor":5,"turns":8},{"damage":48,"enemies":"Lagavulin","floor":6,"turns":11},{"damage":0,"enemies":"Lots of Slimes","floor":8,"turns":4},{"damage":14,"enemies":"Exordium Thugs","floor":12,"turns":6},{"damage":4,"enemies":"3 Sentries","floor":13,"turns":11},{"damage":1,"enemies":"3 Louse","floor":14,"turns":3},{"damage":6,"enemies":"Slime Boss","floor":16,"turns":9},{"damage":18,"enemies":"2 Thieves","floor":18,"turns":4},{"damage":1,"enemies":"Shell Parasite","floor":20,"turns":8},{"damage":44,"enemies":"Slavers","floor":24,"turns":7},{"damage":0,"enemies":"3 Cultists","floor":27,"turns":1}],"seed_played":"-5364592135720492310","potions_obtained":[{"floor":4,"key":"Block Potion"},{"floor":6,"key":"LiquidBronze"},{"floor":12,"key":"Fruit Juice"},{"floor":13,"key":"Energy Potion"},{"floor":20,"key":"SteroidPotion"}],"is_trial":false,"path_per_floor":["M","M","?","M","M","E","R","M","T","?","R","M","E","M","R","B",null,"M","?","M","$","?","R","E","R","T","M"],"character_chosen":"THE_SILENT","items_purchased":["Vajra","Noxious Fumes"],"campfire_rested":1,"item_purchase_floors":[21,21],"current_hp_per_floor":[69,69,69,69,61,13,13,13,13,30,30,21,17,16,16,35,75,57,57,56,56,56,56,12,34,34,34],"gold":326,"neow_bonus":"REMOVE_CARD","is_prod":false,"is_daily":false,"chose_seed":false,"campfire_upgraded":4,"win_rate":0,"timestamp":1541378887,"path_taken":["M","?","?","M","?","E","R","M","T","?","R","M","E","M","R","BOSS","M","?","?","$","?","R","E","R","T","M"],"build_version":"2018-11-02","purchased_purges":1,"victory":false,"max_hp_per_floor":[70,70,70,70,70,70,70,70,70,70,70,75,75,75,75,75,75,75,75,75,75,75,75,75,75,75,75],"card_choices":[{"not_picked":["Dagger Throw","Dodge and Roll"],"picked":"Predator","floor":1},{"not_picked":["Dodge and Roll","Prepared","Reflex"],"picked":"SKIP","floor":2},{"not_picked":["Acrobatics","Dodge and Roll"],"picked":"Flying Knee","floor":4},{"not_picked":["Calculated Gamble","Skewer"],"picked":"Dagger Throw","floor":5},{"not_picked":["Outmaneuver","Venomology"],"picked":"Burst","floor":6},{"not_picked":["Quick Slash","Prepared"],"picked":"Footwork","floor":8},{"not_picked":["Underhanded Strike","Slice"],"picked":"Dagger Spray","floor":12},{"not_picked":["Underhanded Strike","Eviscerate"],"picked":"Sucker Punch","floor":13},{"not_picked":["Terror","Acrobatics"],"picked":"Blade Dance","floor":14},{"not_picked":["Phantasmal Killer","Corpse Explosion"],"picked":"After Image","floor":16},{"not_picked":["Tactician","Dagger Spray"],"picked":"Backflip","floor":18},{"not_picked":["Sucker Punch","Choke+1"],"picked":"Blade Dance","floor":20},{"not_picked":["Reflex","Prepared","Quick Slash+1"],"picked":"SKIP","floor":24}],"player_experience":1103280,"relics_obtained":[{"floor":6,"key":"Torii"},{"floor":9,"key":"Pantograph"},{"floor":13,"key":"MawBank"},{"floor":24,"key":"Ginger"},{"floor":26,"key":"Frozen Egg 2"}],"event_choices":[{"damage_healed":0,"gold_gain":0,"cards_transformed":["Strike_G"],"player_choice":"Transformed","damage_taken":0,"max_hp_gain":0,"max_hp_loss":0,"event_name":"Transmorgrifier","floor":3,"gold_loss":0,"cards_obtained":["Accuracy"]},{"damage_healed":17,"gold_gain":0,"player_choice":"Healed","damage_taken":0,"max_hp_gain":0,"max_hp_loss":0,"event_name":"The Cleric","floor":10,"gold_loss":35},{"damage_healed":0,"gold_gain":100,"player_choice":"Pray","damage_taken":0,"max_hp_gain":0,"max_hp_loss":0,"event_name":"Golden Shrine","floor":19,"gold_loss":0},{"damage_healed":0,"gold_gain":0,"player_choice":"Ignored","damage_taken":0,"max_hp_gain":0,"max_hp_loss":0,"event_name":"N\u0027loth","floor":22,"gold_loss":0}],"is_beta":true,"boss_relics":[{"not_picked":["Runic Pyramid","HoveringKite"],"picked":"Empty Cage"}],"items_purged_floors":[21],"is_endless":false,"potions_floor_spawned":[4,6,12,13,20],"killed_by":"3 Cultists","ascension_level":1}