{"gold_per_floor":[17,37,49,66,16,16,28,28,76,76,76,76],"floor_reached":12,"playtime":301,"items_purged":[],"score":133,"play_id":"09a2ff79-dee6-4627-9f53-7a6d36fa4cd9","local_time":"20190101222410","is_ascension_mode":true,"campfire_choices":[{"data":"Neutralize","floor":6,"key":"SMITH"},{"data":"Acrobatics","floor":8,"key":"SMITH"},{"data":"Backflip","floor":11,"key":"SMITH"}],"neow_cost":"NO_GOLD","seed_source_timestamp":786889273133638,"circlet_count":0,"master_deck":["AscendersBane","Defend_G","Defend_G","Defend_G","Defend_G","Defend_G","Strike_G","Strike_G","Strike_G","Strike_G","Strike_G","Survivor","Neutralize+1","Slice","Acrobatics+1","PiercingWail","Backflip+1","Slice"],"relics":["Ring of the Snake","Tingsha","Bronze Scales","Juzu Bracelet","The Courier"],"potions_floor_usage":[4,7],"damage_taken":[{"damage":6,"enemies":"Cultist","floor":1,"turns":5},{"damage":8,"enemies":"Jaw Worm","floor":2,"turns":5},{"damage":0,"enemies":"2 Louse","floor":3,"turns":3},{"damage":1,"enemies":"Large Slime","floor":4,"turns":6},{"damage":6,"enemies":"Exordium Wildlife","floor":7,"turns":3}],"seed_played":"7507239623251844033","potions_obtained":[{"floor":2,"key":"Poison Potion"},{"floor":3,"key":"SmokeBomb"},{"floor":4,"key":"Poison Potion"}],"is_trial":false,"path_per_floor":["M","M","M","M","$","R","M","R","T","T","R","?"],"character_chosen":"THE_SILENT","items_purchased":["Slice"],"campfire_rested":0,"item_purchase_floors":[5],"current_hp_per_floor":[53,45,45,44,44,44,38,38,38,38,38,20],"gold":76,"neow_bonus":"ONE_RARE_RELIC","is_prod":false,"is_daily":false,"chose_seed":true,"campfire_upgraded":3,"win_rate":0,"timestamp":1546406650,"path_taken":["M","M","M","M","?","R","?","R","T","?","R","?"],"build_version":"2019-01-01","purchased_purges":0,"victory":false,"max_hp_per_floor":[66,66,66,66,66,66,66,66,66,66,66,66],"card_choices":[{"not_picked":["Acrobatics","Sucker Punch"],"picked":"Slice","floor":1},{"not_picked":["Poisoned Stab","PiercingWail"],"picked":"Acrobatics","floor":2},{"not_picked":["Bouncing Flask","Distraction"],"picked":"PiercingWail","floor":3},{"not_picked":["Phantasmal Killer","Blade Dance"],"picked":"Backflip","floor":4},{"not_picked":["Flechettes","Caltrops","Expertise"],"picked":"SKIP","floor":7}],"player_experience":1186491,"relics_obtained":[{"floor":9,"key":"Bronze Scales"},{"floor":10,"key":"Juzu Bracelet"}],"event_choices":[{"damage_healed":0,"gold_gain":0,"player_choice":"Success","damage_taken":18,"relics_obtained":["The Courier"],"max_hp_gain":0,"max_hp_loss":0,"event_name":"Scrap Ooze","floor":12,"gold_loss":0}],"is_beta":true,"boss_relics":[],"items_purged_floors":[],"is_endless":false,"potions_floor_spawned":[2,3,4],"ascension_level":18}