{"gold_per_floor":[111,165,90,104,115,115,141,141,141,156,156,187,187,204,204,281,281,292,217,142,18,37,68,68,96,96,96,44,69,69,95,95,170,170,186,200,200,200,2,2,29,29,29,29,46,46,77,77,77,77],"floor_reached":51,"playtime":2366,"items_purged":["Strike_B","Strike_B","Defend_B"],"score":1493,"play_id":"c97026ea-5fa0-4ad2-838d-00ff40f26a50","local_time":"20180918150353","is_ascension_mode":true,"campfire_choices":[{"data":"Darkness","floor":6,"key":"SMITH"},{"data":"Rainbow","floor":8,"key":"SMITH"},{"data":"Redo","floor":11,"key":"SMITH"},{"data":"Zap","floor":15,"key":"SMITH"},{"data":"Dualcast","floor":24,"key":"SMITH"},{"floor":27,"key":"REST"},{"data":"Steam","floor":32,"key":"SMITH"},{"data":"Echo Form","floor":40,"key":"SMITH"},{"floor":42,"key":"REST"},{"data":"Steam","floor":49,"key":"SMITH"}],"neow_cost":"NONE","seed_source_timestamp":501600698767985,"circlet_count":0,"master_deck":["Zap+1","Dualcast+1","AscendersBane","Rainbow+1","Conserve Battery","Darkness+1","Conserve Battery","Ball Lightning+1","Redo+1","FTL+1","Steam+1","Core Surge+1","Conserve Battery","Conserve Battery","Conserve Battery","Echo Form+1","Cold Snap+1","Rainbow+1","BootSequence","Hologram+1","Loop+1","Steam+1","Echo Form+1","Hologram+1"],"relics":["Cracked Core","Juzu Bracelet","Molten Egg 2","Letter Opener","Blue Candle","Runic Pyramid","Dream Catcher","Ice Cream","Symbiotic Virus","WingedGreaves","DataDisk","Astrolabe","Nunchaku","Orichalcum","Matryoshka","Toxic Egg 2"],"potions_floor_usage":[5,10,10,25,25,50],"damage_taken":[{"damage":0,"enemies":"Cultist","floor":1,"turns":4},{"damage":5,"enemies":"2 Louse","floor":4,"turns":2},{"damage":10,"enemies":"Jaw Worm","floor":5,"turns":4},{"damage":30,"enemies":"Gremlin Nob","floor":7,"turns":5},{"damage":0,"enemies":"2 Fungi Beasts","floor":10,"turns":4},{"damage":17,"enemies":"3 Sentries","floor":12,"turns":5},{"damage":14,"enemies":"Red Slaver","floor":14,"turns":2},{"damage":10,"enemies":"Hexaghost","floor":16,"turns":8},{"damage":18,"enemies":"3 Byrds","floor":18,"turns":3},{"damage":2,"enemies":"Chosen","floor":22,"turns":4},{"damage":3,"enemies":"Gremlin Leader","floor":23,"turns":5},{"damage":17,"enemies":"Slavers","floor":25,"turns":6},{"damage":5,"enemies":"Gremlin Leader","floor":29,"turns":6},{"damage":15,"enemies":"Slavers","floor":31,"turns":4},{"damage":22,"enemies":"Automaton","floor":33,"turns":8},{"damage":11,"enemies":"3 Shapes","floor":35,"turns":3},{"damage":0,"enemies":"Orb Walker","floor":36,"turns":2},{"damage":0,"enemies":"Mind Bloom Boss Battle","floor":38,"turns":4},{"damage":18,"enemies":"2 Orb Walkers","floor":41,"turns":3},{"damage":0,"enemies":"4 Shapes","floor":45,"turns":5},{"damage":1,"enemies":"Nemesis","floor":47,"turns":5},{"damage":0,"enemies":"Time Eater","floor":50,"turns":6}],"seed_played":"6601795981325415195","potions_obtained":[{"floor":1,"key":"Regen Potion"},{"floor":4,"key":"Regen Potion"},{"floor":7,"key":"Regen Potion"},{"floor":22,"key":"Dexterity Potion"},{"floor":23,"key":"Regen Potion"},{"floor":25,"key":"Fire Potion"},{"floor":33,"key":"FearPotion"}],"is_trial":false,"path_per_floor":["M","T","?","M","M","R","E","R","T","M","R","E","?","M","R","B",null,"M","$","?","$","M","E","R","E","T","R","$","E","?","E","R","B",null,"M","M","?","?","$","R","E","R","T","?","M","?","E","?","R","B"],"character_chosen":"DEFECT","items_purchased":["Conserve Battery","Conserve Battery","FocusPotion"],"campfire_rested":2,"item_purchase_floors":[21,28,39],"current_hp_per_floor":[64,64,64,59,61,61,31,31,31,58,58,41,46,32,32,22,63,45,45,45,45,43,40,40,38,38,60,60,55,55,40,40,18,62,51,51,51,51,51,51,33,54,54,54,54,54,53,53,53,53],"gold":77,"neow_bonus":"ONE_RANDOM_RARE_CARD","is_prod":false,"is_daily":false,"chose_seed":false,"campfire_upgraded":8,"win_rate":0,"timestamp":1537304633,"path_taken":["M","?","?","M","M","R","E","R","T","M","R","E","?","M","R","BOSS","M","$","?","$","M","E","R","E","T","R","$","E","?","E","R","BOSS","M","M","?","?","?","R","E","R","T","?","M","?","E","?","R","BOSS"],"build_version":"2018-09-18","purchased_purges":3,"victory":true,"max_hp_per_floor":[71,71,71,71,71,71,71,71,71,71,71,71,76,76,76,76,76,76,76,76,76,76,76,76,76,76,76,76,76,76,76,76,76,76,76,76,72,72,72,72,72,72,72,72,72,72,72,72,72,72],"card_choices":[{"not_picked":["Undo","Chaos"],"picked":"Conserve Battery","floor":1},{"not_picked":["Barrage","Beam Cell"],"picked":"Darkness","floor":4},{"not_picked":["Coolheaded","Cold Snap"],"picked":"Conserve Battery","floor":5},{"not_picked":["Stack","Coolheaded"],"picked":"Ball Lightning","floor":7},{"not_picked":["Undo","Go for the Eyes+1"],"picked":"Redo","floor":10},{"not_picked":["Steam","Stack"],"picked":"FTL+1","floor":12},{"not_picked":["Redo","Storm"],"picked":"Steam","floor":14},{"not_picked":["Fission","Thunder Strike+1"],"picked":"Core Surge+1","floor":16},{"not_picked":["Barrage+1","Sweeping Beam+1"],"picked":"Conserve Battery","floor":18},{"not_picked":["Melter+1","Steam","Turbo"],"picked":"SKIP","floor":22},{"not_picked":["Undo","Beam Cell+1","Aggregate"],"picked":"SKIP","floor":23},{"not_picked":["Static Discharge","Streamline+1","Barrage+1"],"picked":"SKIP","floor":25},{"not_picked":["Blizzard+1","Coolheaded","Cold Snap+1"],"picked":"SKIP","floor":29},{"not_picked":["Doom and Gloom+1","Static Discharge+1","Streamline+1"],"picked":"SKIP","floor":31},{"not_picked":["Machine Learning","Rainbow"],"picked":"Echo Form","floor":33},{"not_picked":["Coolheaded","Turbo+1"],"picked":"BootSequence","floor":35},{"not_picked":["Go for the Eyes+1","Hello World"],"picked":"Hologram+1","floor":36},{"not_picked":["Turbo","Gash+1"],"picked":"Loop+1","floor":38},{"not_picked":["Machine Learning","Storm"],"picked":"Steam","floor":41},{"not_picked":["Stack","Skim"],"picked":"Hologram+1","floor":45},{"not_picked":["Rebound+1","Coolheaded","Consume+1"],"picked":"SKIP","floor":47}],"player_experience":1019135,"relics_obtained":[{"floor":2,"key":"Juzu Bracelet"},{"floor":7,"key":"Molten Egg 2"},{"floor":9,"key":"Letter Opener"},{"floor":12,"key":"Blue Candle"},{"floor":23,"key":"Dream Catcher"},{"floor":25,"key":"Ice Cream"},{"floor":26,"key":"Symbiotic Virus"},{"floor":29,"key":"WingedGreaves"},{"floor":31,"key":"DataDisk"},{"floor":38,"key":"Nunchaku"},{"floor":41,"key":"Orichalcum"},{"floor":43,"key":"Matryoshka"},{"floor":47,"key":"Toxic Egg 2"}],"event_choices":[{"event_name":"The Cleric","player_choice":"Card Removal","floor":3,"damage_taken":0},{"event_name":"Big Fish","player_choice":"Donut","floor":13,"damage_taken":0},{"event_name":"Beggar","player_choice":"Gave Gold","floor":20,"damage_taken":0},{"event_name":"Vampires","player_choice":"Ignored","floor":30,"damage_taken":0},{"event_name":"Winding Halls","player_choice":"Max HP","floor":37,"damage_taken":0},{"event_name":"MindBloom","player_choice":"Fight","floor":38,"damage_taken":0},{"event_name":"Duplicator","player_choice":"One dupe","floor":44,"damage_taken":0},{"event_name":"Falling","player_choice":"Removed Attack","floor":46,"damage_taken":0},{"event_name":"SecretPortal","player_choice":"Rejected Portal.","floor":48,"damage_taken":0}],"is_beta":true,"boss_relics":[{"not_picked":["Pandora\u0027s Box","Eternal Feather"],"picked":"Runic Pyramid"},{"not_picked":["Snecko Eye","Busted Crown"],"picked":"Astrolabe"}],"items_purged_floors":[19,21,39],"is_endless":false,"potions_floor_spawned":[1,4,7,22,23,25,33,45],"ascension_level":15}