{"gold_per_floor":[17,37,37,49,49,49,49,49,97,97,97,97],"floor_reached":12,"playtime":222,"items_purged":[],"score":125,"play_id":"97f2d95d-a610-4dc2-bf67-a531edf0ca15","local_time":"20190101221857","is_ascension_mode":true,"campfire_choices":[{"data":"Neutralize","floor":6,"key":"SMITH"},{"data":"Acrobatics","floor":8,"key":"SMITH"},{"data":"Survivor","floor":11,"key":"SMITH"}],"neow_cost":"NO_GOLD","seed_source_timestamp":786889273133638,"circlet_count":0,"master_deck":["AscendersBane","Defend_G","Defend_G","Defend_G","Defend_G","Defend_G","Strike_G","Strike_G","Strike_G","Strike_G","Strike_G","Survivor+1","Neutralize+1","Acrobatics+1","Acrobatics","Slice"],"relics":["Ring of the Snake","Tingsha","Bird Faced Urn","The Courier","Bronze Scales"],"potions_floor_usage":[12],"damage_taken":[{"damage":6,"enemies":"Cultist","floor":1,"turns":4},{"damage":3,"enemies":"Jaw Worm","floor":2,"turns":6},{"damage":1,"enemies":"2 Louse","floor":4,"turns":4},{"damage":0,"enemies":"Lagavulin","floor":12,"turns":1}],"seed_played":"7507239623251844033","potions_obtained":[{"floor":2,"key":"Poison Potion"},{"floor":4,"key":"PowerPotion"}],"is_trial":false,"path_per_floor":["M","M","$","M","T","R","?","R","T","?","R","E"],"character_chosen":"THE_SILENT","items_purchased":[],"campfire_rested":0,"item_purchase_floors":[],"current_hp_per_floor":[53,50,50,49,49,49,38,38,38,60,60,60],"gold":97,"neow_bonus":"ONE_RARE_RELIC","is_prod":false,"is_daily":false,"chose_seed":true,"campfire_upgraded":3,"win_rate":0,"timestamp":1546406337,"path_taken":["M","M","?","?","?","R","?","R","T","?","R","E"],"build_version":"2019-01-01","purchased_purges":0,"victory":false,"max_hp_per_floor":[66,66,66,66,66,66,66,66,66,66,66,66],"card_choices":[{"not_picked":["Slice","Sucker Punch"],"picked":"Acrobatics","floor":1},{"not_picked":["Poisoned Stab","PiercingWail"],"picked":"Acrobatics","floor":2},{"not_picked":["Deadly Poison","Unload"],"picked":"Slice","floor":4}],"player_experience":1186269,"relics_obtained":[{"floor":5,"key":"Bird Faced Urn"},{"floor":9,"key":"Bronze Scales"}],"event_choices":[{"damage_healed":0,"gold_gain":0,"player_choice":"Success","damage_taken":11,"relics_obtained":["The Courier"],"max_hp_gain":0,"max_hp_loss":0,"event_name":"Scrap Ooze","floor":7,"gold_loss":0},{"damage_healed":22,"gold_gain":0,"player_choice":"Banana","damage_taken":0,"max_hp_gain":0,"max_hp_loss":0,"event_name":"Big Fish","floor":10,"gold_loss":0}],"is_beta":true,"boss_relics":[],"items_purged_floors":[],"is_endless":false,"potions_floor_spawned":[2,4],"killed_by":"Lagavulin","ascension_level":18}