{"gold_per_floor":[118,118,129,31,31,66,84,118,167,180,17,36,36,52,52,157,157,173,14,33,33,33,68,68,68,68,81,106,106,106,126,126,126],"floor_reached":33,"playtime":14825,"items_purged":["Strike_R"],"score":405,"play_id":"d724c0a1-3cc5-40af-8a58-fb2401b48d6d","local_time":"20190219000251","is_ascension_mode":true,"campfire_choices":[{"floor":13,"key":"RECALL"},{"data":"Apotheosis","floor":15,"key":"SMITH"},{"data":"RitualDagger","floor":24,"key":"SMITH"},{"data":"Entrench","floor":29,"key":"SMITH"},{"data":"Infernal Blade","floor":32,"key":"SMITH"}],"neow_cost":"NONE","seed_source_timestamp":2636174334244096,"circlet_count":0,"master_deck":["Strike_R","Strike_R","Strike_R","Strike_R","Defend_R","Defend_R","Defend_R","Defend_R","Bash","Flex","Shrug It Off","Flame Barrier","Metallicize","Pommel Strike","Shrug It Off","Apotheosis+1","Infernal Blade+1","Impervious","Shrug It Off","Anger","Battle Trance","Body Slam","Entrench+1","Impatience","Shrug It Off","RitualDagger+1","Feed","Body Slam","Anger"],"relics":["Coffee Dripper","Sundial","Omamori","Oddly Smooth Stone","Orrery","MutagenicStrength","Strawberry","Bottled Flame","PreservedInsect","Blood Vial"],"potions_floor_usage":[3,6,6,6,16,20,23,23],"damage_taken":[{"damage":0,"enemies":"Small Slimes","floor":1,"turns":4},{"damage":0,"enemies":"Cultist","floor":3,"turns":2},{"damage":26,"enemies":"3 Sentries","floor":6,"turns":9},{"damage":0,"enemies":"Jaw Worm","floor":7,"turns":3},{"damage":18,"enemies":"Gremlin Nob","floor":8,"turns":5},{"damage":1,"enemies":"Exordium Wildlife","floor":10,"turns":4},{"damage":11,"enemies":"Looter","floor":12,"turns":3},{"damage":0,"enemies":"Blue Slaver","floor":14,"turns":3},{"damage":0,"enemies":"Hexaghost","floor":16,"turns":9},{"damage":0,"enemies":"Shell Parasite","floor":18,"turns":5},{"damage":0,"enemies":"Spheric Guardian","floor":20,"turns":3},{"damage":22,"enemies":"Slavers","floor":23,"turns":6},{"damage":9,"enemies":"Snake Plant","floor":27,"turns":4},{"damage":35,"enemies":"Gremlin Leader","floor":28,"turns":11},{"damage":0,"enemies":"Chosen and Byrds","floor":31,"turns":6},{"damage":47,"enemies":"Champ","floor":33,"turns":10}],"seed_played":"-1546966572979036922","potions_obtained":[{"floor":1,"key":"Swift Potion"},{"floor":2,"key":"EntropicBrew"},{"floor":2,"key":"AttackPotion"},{"floor":3,"key":"Swift Potion"},{"floor":16,"key":"Ancient Potion"},{"floor":18,"key":"EssenceOfSteel"},{"floor":20,"key":"Dexterity Potion"},{"floor":28,"key":"Explosive Potion"}],"is_trial":false,"path_per_floor":["M","?","M","$","?","E","M","E","T","M","$","M","R","M","R","B",null,"M","$","M","?","?","E","R","T","T","M","E","R","?","M","R","B"],"character_chosen":"IRONCLAD","items_purchased":["Shrug It Off","Apotheosis","Entrench","Impatience"],"campfire_rested":0,"item_purchase_floors":[4,11,19,19],"current_hp_per_floor":[80,80,80,80,85,59,59,41,41,40,40,29,29,29,29,29,85,85,85,85,79,79,64,64,64,64,55,20,20,20,22,22,0],"gold":126,"neow_bonus":"BOSS_RELIC","is_prod":false,"is_daily":false,"chose_seed":false,"campfire_upgraded":4,"win_rate":0,"timestamp":1550534571,"path_taken":["M","?","?","?","?","E","M","E","T","M","?","M","R","M","R","BOSS","M","$","M","?","?","E","R","?","T","?","E","R","?","M","R","BOSS"],"build_version":"2019-01-23","purchased_purges":1,"victory":false,"max_hp_per_floor":[80,80,80,80,85,85,85,85,85,85,85,85,85,85,85,85,85,85,85,85,85,85,92,92,92,92,92,92,92,92,92,92,92],"card_choices":[{"not_picked":["Carnage","Havoc","Perfected Strike"],"picked":"SKIP","floor":1},{"not_picked":["Pommel Strike","Uppercut"],"picked":"Flex","floor":3},{"not_picked":["Demon Form","Body Slam"],"picked":"Flame Barrier","floor":6},{"not_picked":["Blood for Blood","Clash"],"picked":"Metallicize","floor":7},{"not_picked":["Evolve","Intimidate"],"picked":"Pommel Strike","floor":8},{"not_picked":["Combust","Headbutt"],"picked":"Shrug It Off","floor":10},{"not_picked":["Armaments","Clash"],"picked":"Infernal Blade","floor":12},{"not_picked":["Rupture","Perfected Strike","Whirlwind"],"picked":"SKIP","floor":14},{"not_picked":["Fiend Fire","Limit Break"],"picked":"Impervious","floor":16},{"not_picked":["Sentinel","Anger"],"picked":"Shrug It Off","floor":17},{"not_picked":["Clash","Armaments"],"picked":"Anger","floor":17},{"not_picked":["Havoc","Warcry"],"picked":"Battle Trance","floor":17},{"not_picked":["Sword Boomerang","Wild Strike"],"picked":"Body Slam","floor":18},{"not_picked":["True Grit+1","Headbutt"],"picked":"Shrug It Off","floor":20},{"not_picked":["Body Slam","Perfected Strike"],"picked":"Feed","floor":23},{"not_picked":["Armaments","Rampage"],"picked":"Body Slam","floor":27},{"not_picked":["Dark Embrace","Armaments"],"picked":"Anger","floor":28},{"not_picked":["Havoc","Cleave","Dropkick"],"picked":"SKIP","floor":31}],"player_experience":956031,"relics_obtained":[{"floor":6,"key":"Sundial"},{"floor":8,"key":"Omamori"},{"floor":9,"key":"Oddly Smooth Stone"},{"floor":23,"key":"Strawberry"},{"floor":25,"key":"Bottled Flame"},{"floor":28,"key":"PreservedInsect"}],"event_choices":[{"damage_healed":0,"gold_gain":0,"player_choice":"Got Potions","damage_taken":0,"max_hp_gain":0,"max_hp_loss":0,"event_name":"Lab","floor":2,"gold_loss":0},{"damage_healed":0,"gold_gain":0,"player_choice":"Donut","damage_taken":0,"max_hp_gain":5,"max_hp_loss":0,"event_name":"Big Fish","floor":5,"gold_loss":0},{"damage_healed":0,"gold_gain":0,"player_choice":"Joined the Cult","damage_taken":6,"max_hp_gain":0,"max_hp_loss":0,"event_name":"Nest","floor":21,"gold_loss":0,"cards_obtained":["RitualDagger"]},{"damage_healed":0,"gold_gain":0,"player_choice":"Inject Mutagens","damage_taken":0,"relics_obtained":["MutagenicStrength"],"max_hp_gain":0,"max_hp_loss":0,"event_name":"Drug Dealer","floor":22,"gold_loss":0},{"damage_healed":0,"gold_gain":0,"player_choice":"Gave Potion","damage_taken":0,"relics_obtained":["Blood Vial"],"max_hp_gain":0,"max_hp_loss":0,"event_name":"WeMeetAgain","floor":30,"gold_loss":0}],"is_beta":false,"boss_relics":[{"not_picked":["White Beast Statue","Cursed Key"],"picked":"Orrery"}],"items_purged_floors":[4],"is_endless":false,"potions_floor_spawned":[1,3,8,12,16,18,20,28],"killed_by":"Champ","ascension_level":2}