{"gold_per_floor":[112,122,132,132,144,178,189,189,189,289,303,335,335,349,349,449,449,460,559,579,238,261,292,307,307,307,307,324,359,359,377,377,472,472,487,487,487,179,197,197,197],"floor_reached":41,"playtime":2192,"items_purged":["Strike_R","Strike_R+1"],"score":516,"play_id":"10f923c0-c720-43b4-8447-a062311f7f94","local_time":"20181018214319","is_ascension_mode":true,"campfire_choices":[{"data":"Demon Form","floor":8,"key":"SMITH"},{"data":"Armaments","floor":13,"key":"SMITH"},{"floor":15,"key":"REST"},{"data":"Metallicize","floor":25,"key":"SMITH"},{"floor":27,"key":"REST"},{"floor":30,"key":"REST"},{"data":"Cleave","floor":32,"key":"SMITH"},{"data":"Limit Break","floor":40,"key":"SMITH"}],"neow_cost":"NONE","seed_source_timestamp":5639554513122,"circlet_count":0,"master_deck":["Strike_R","Defend_R","Defend_R","Defend_R","Defend_R","Bash+1","Heavy Blade","Shockwave","Warcry","Cleave+1","Demon Form+1","Armaments+1","Spot Weakness","Heavy Blade","Exhume","Shrug It Off","Iron Wave","Metallicize+1","Pommel Strike+1","Twin Strike+1","Limit Break+1","Iron Wave+1","Flex","Iron Wave+1","Flex+1"],"relics":["Black Blood","FaceOfCleric","Mercury Hourglass","Shuriken","Boot","Chemical X","Whetstone","Molten Egg 2","Dodecahedron","Art of War","Eternal Feather","Membership Card"],"potions_floor_usage":[12,14,16,24,29,31,33,41],"damage_taken":[{"damage":2,"enemies":"Small Slimes","floor":1,"turns":5},{"damage":1,"enemies":"Cultist","floor":2,"turns":3},{"damage":0,"enemies":"2 Louse","floor":3,"turns":2},{"damage":12,"enemies":"Lots of Slimes","floor":5,"turns":7},{"damage":26,"enemies":"3 Sentries","floor":6,"turns":6},{"damage":20,"enemies":"Exordium Wildlife","floor":7,"turns":5},{"damage":13,"enemies":"Large Slime","floor":11,"turns":5},{"damage":15,"enemies":"Gremlin Nob","floor":12,"turns":4},{"damage":30,"enemies":"Exordium Thugs","floor":14,"turns":4},{"damage":33,"enemies":"Hexaghost","floor":16,"turns":9},{"damage":19,"enemies":"3 Byrds","floor":18,"turns":6},{"damage":16,"enemies":"Chosen","floor":20,"turns":7},{"damage":36,"enemies":"Gremlin Leader","floor":23,"turns":9},{"damage":21,"enemies":"Shelled Parasite and Fungi","floor":24,"turns":9},{"damage":28,"enemies":"Cultist and Chosen","floor":28,"turns":8},{"damage":23,"enemies":"Book of Stabbing","floor":29,"turns":8},{"damage":10,"enemies":"Chosen and Byrds","floor":31,"turns":8},{"damage":64,"enemies":"Collector","floor":33,"turns":8},{"damage":44,"enemies":"3 Shapes","floor":35,"turns":6},{"damage":14,"enemies":"Orb Walker","floor":39,"turns":5},{"damage":82,"enemies":"Nemesis","floor":41,"turns":6}],"seed_played":"-2496166041962005776","potions_obtained":[{"floor":6,"key":"EssenceOfSteel"},{"floor":7,"key":"Swift Potion"},{"floor":11,"key":"Regen Potion"},{"floor":14,"key":"GamblersBrew"},{"floor":16,"key":"Swift Potion"},{"floor":20,"key":"SpeedPotion"},{"floor":23,"key":"SpeedPotion"},{"floor":28,"key":"Swift Potion"},{"floor":35,"key":"Swift Potion"}],"is_trial":false,"path_per_floor":["M","M","M","?","M","E","M","R","T","?","M","E","R","M","R","B",null,"M","?","M","$","T","E","M","R","T","R","M","E","R","M","R","B",null,"M","?","?","$","M","R"],"character_chosen":"IRONCLAD","items_purchased":["Metallicize","Chemical X","Membership Card","Flex","Iron Wave+1"],"campfire_rested":3,"item_purchase_floors":[21,21,38,38,38],"current_hp_per_floor":[80,80,80,80,75,56,43,43,43,43,37,29,29,11,36,10,87,79,79,74,74,74,49,39,39,39,66,49,37,64,65,65,12,95,62,62,62,62,59,74,0],"gold":197,"neow_bonus":"REMOVE_CARD","is_prod":false,"is_daily":false,"chose_seed":false,"campfire_upgraded":5,"win_rate":0,"timestamp":1539909799,"path_taken":["M","M","M","?","M","E","M","R","T","?","M","E","R","M","R","BOSS","M","?","M","$","?","E","M","R","T","R","M","E","R","M","R","BOSS","M","?","?","$","M","R","E"],"build_version":"2018-10-11","purchased_purges":2,"victory":false,"max_hp_per_floor":[80,80,80,80,81,82,83,83,83,83,84,85,85,86,86,87,87,88,88,89,89,89,90,91,91,91,91,92,93,93,94,94,95,95,96,96,96,96,97,97,97],"card_choices":[{"not_picked":["Thunderclap","Iron Wave"],"picked":"Heavy Blade","floor":1},{"not_picked":["Havoc","Second Wind"],"picked":"Shockwave","floor":2},{"not_picked":["True Grit","Thunderclap"],"picked":"Warcry","floor":3},{"not_picked":["Twin Strike","Thunderclap"],"picked":"Cleave","floor":5},{"not_picked":["Ghostly Armor","Anger"],"picked":"Demon Form","floor":6},{"not_picked":["Infernal Blade","Body Slam"],"picked":"Headbutt","floor":7},{"not_picked":["Shockwave","Anger"],"picked":"Armaments","floor":11},{"not_picked":["Twin Strike","Warcry"],"picked":"Spot Weakness","floor":12},{"not_picked":["Anger","Second Wind"],"picked":"Heavy Blade","floor":14},{"not_picked":["Juggernaut","Feed"],"picked":"Exhume","floor":16},{"not_picked":["Iron Wave","Seeing Red"],"picked":"Shrug It Off","floor":18},{"not_picked":["Clash","Sever Soul+1"],"picked":"Iron Wave","floor":20},{"not_picked":["Second Wind","Exhume"],"picked":"Pommel Strike","floor":23},{"not_picked":["Sever Soul+1","Sword Boomerang+1","Rampage+1"],"picked":"SKIP","floor":24},{"not_picked":["Clothesline+1","True Grit","Second Wind"],"picked":"SKIP","floor":28},{"not_picked":["Infernal Blade","Dual Wield"],"picked":"Twin Strike+1","floor":29},{"not_picked":["Sentinel","Headbutt+1","Shockwave"],"picked":"SKIP","floor":31},{"not_picked":["Reaper+1","Bludgeon+1"],"picked":"Limit Break","floor":33},{"not_picked":["Clothesline+1","Corruption"],"picked":"Iron Wave+1","floor":35},{"not_picked":["Reaper+1","Wild Strike+1"],"picked":"Flex+1","floor":39}],"player_experience":87624,"relics_obtained":[{"floor":6,"key":"Mercury Hourglass"},{"floor":9,"key":"Shuriken"},{"floor":12,"key":"Boot"},{"floor":22,"key":"Whetstone"},{"floor":23,"key":"Molten Egg 2"},{"floor":26,"key":"Dodecahedron"},{"floor":29,"key":"Art of War"}],"event_choices":[{"event_name":"FaceTrader","player_choice":"Trade","floor":4,"damage_taken":0},{"event_name":"Golden Shrine","player_choice":"Pray","floor":10,"damage_taken":0},{"event_name":"Nest","player_choice":"Stole From Cult","floor":19,"damage_taken":0},{"event_name":"Falling","player_choice":"Removed Attack","floor":36,"damage_taken":0},{"event_name":"Purifier","player_choice":"One Purge","floor":37,"damage_taken":0}],"is_beta":false,"boss_relics":[{"not_picked":["Busted Crown","Velvet Choker"],"picked":"Black Blood"},{"not_picked":["Philosopher\u0027s Stone","Lizard Tail"],"picked":"Eternal Feather"}],"items_purged_floors":[21,38],"is_endless":false,"potions_floor_spawned":[6,7,11,14,16,20,23,28,35],"killed_by":"Nemesis","ascension_level":1}