{"gold_per_floor":[112,127,127,302,302,332,62,62,115,148,163,176,13,27,27,132,132,148,160,85,99,114,114,146,165,165,10,24,24,24],"floor_reached":30,"playtime":1761,"items_purged":["Doubt"],"score":505,"play_id":"514b0604-e15a-410f-932e-4fd00b7d9b58","local_time":"20190211123446","daily_mods":["SealedDeck","Insanity"],"is_ascension_mode":true,"campfire_choices":[{"floor":8,"key":"REST"},{"floor":15,"key":"REST"},{"floor":23,"key":"REST"},{"floor":29,"key":"REST"}],"neow_cost":"","seed_source_timestamp":0,"circlet_count":0,"master_deck":["Melter","Ball Lightning","Turbo","Doom and Gloom","Cold Snap","Steam","Redo","Coolheaded","Leap","Go for the Eyes","Go for the Eyes","Conserve Battery","Sweeping Beam","Ball Lightning","Streamline","Storm","Streamline","Self Repair","Redo","Leap","Chaos","Hologram","Streamline","Coolheaded","Beam Cell","Beam Cell","Rebound","Barrage","Beam Cell","Auto Shields","Recycle","Go for the Eyes","Barrage","Ball Lightning","Reinforced Body","Steam Power","Lockon","Darkness","Conserve Battery","Recycle","Rebound","Reprogram","Go for the Eyes","Static Discharge","Barrage","Static Discharge","Reinforced Body","Static Discharge","Recycle","Sweeping Beam","Capacitor","Chill","Conserve Battery","Coolheaded","Compile Driver","Leap","Loop","Defragment","Sunder","Defragment","Conserve Battery","Doom and Gloom","White Noise","Stack","White Noise","Stack","Consume","Capacitor","Caltrops","Conserve Battery","Machine Learning","Choke","Shrug It Off","Conserve Battery","Whirlwind+1","Go for the Eyes+1","Secret Weapon","Capacitor","Leap+1","Calculated Gamble+1"],"special_seed":0,"relics":["Cracked Core","Dream Catcher","Dodecahedron","Pen Nib","Membership Card","Tiny Chest","The Courier","PrismaticShard","Snecko Eye","Bottled Flame","Toxic Egg 2","Regal Pillow","OrangePellets"],"potions_floor_usage":[19,19,24],"damage_taken":[{"damage":0.0,"enemies":"Small Slimes","floor":1.0,"turns":3.0},{"damage":12.0,"enemies":"Jaw Worm","floor":2.0,"turns":2.0},{"damage":20,"enemies":"3 Sentries","floor":6,"turns":6},{"damage":11,"enemies":"Gremlin Nob","floor":10,"turns":3},{"damage":0,"enemies":"Cultist","floor":11,"turns":2},{"damage":15,"enemies":"Lots of Slimes","floor":12,"turns":5},{"damage":0,"enemies":"Exordium Wildlife","floor":14,"turns":3},{"damage":6,"enemies":"Slime Boss","floor":16,"turns":8},{"damage":8,"enemies":"Chosen","floor":18,"turns":4},{"damage":0,"enemies":"2 Thieves","floor":19,"turns":3},{"damage":5,"enemies":"Snecko","floor":21,"turns":4},{"damage":17,"enemies":"Snake Plant","floor":22,"turns":3},{"damage":42,"enemies":"Book of Stabbing","floor":24,"turns":5},{"damage":23,"enemies":"3 Cultists","floor":25,"turns":5},{"damage":5,"enemies":"Centurion and Healer","floor":28,"turns":9},{"damage":31,"enemies":"Colosseum Slavers","floor":30,"turns":6},{"damage":19,"enemies":"Colosseum Nobs","floor":30,"turns":2}],"seed_played":"3025366343711239696","potions_obtained":[{"floor":1.0,"key":"EssenceOfSteel"},{"floor":6,"key":"Poison Potion"},{"floor":10,"key":"AttackPotion"},{"floor":11,"key":"Ancient Potion"},{"floor":14,"key":"AttackPotion"},{"floor":19,"key":"AttackPotion"},{"floor":21,"key":"FocusPotion"}],"is_trial":true,"path_per_floor":["M","M","?","?","?","E","$","R","T","E","M","M","$","M","R","B",null,"M","M","?","M","M","R","E","M","T","$","M","R","?"],"character_chosen":"DEFECT","items_purchased":["Membership Card","Conserve Battery","PrismaticShard","Stack","Consume","Capacitor","Regal Pillow","OrangePellets","Capacitor"],"campfire_rested":4,"item_purchase_floors":[7,7,13,13,13,13,27,27,27],"current_hp_per_floor":[68,56,38,38,38,25,25,47,47,36,36,28,28,28,50,44,67,59,59,59,61,44,66,31,8,8,8,10,47,0],"gold":24,"neow_bonus":"","is_prod":false,"is_daily":false,"chose_seed":false,"campfire_upgraded":0,"win_rate":0,"timestamp":1549895686,"path_taken":["M","M","?","?","?","E","$","R","T","E","?","?","?","M","R","BOSS","M","M","?","M","M","R","E","M","T","$","M","R","?"],"build_version":"2019-01-23","purchased_purges":1,"victory":false,"max_hp_per_floor":[75,75,75,75,75,75,75,75,75,75,75,75,75,75,75,75,75,75,75,75,75,75,75,75,75,75,75,75,75,75],"card_choices":[{"not_picked":["Gash","Redo","Static Discharge"],"picked":"SKIP","floor":1.0},{"not_picked":["Lockon","Hello World"],"picked":"Defragment","floor":2.0},{"not_picked":["Hello World","Storm","Barrage"],"picked":"SKIP","floor":6},{"not_picked":["Genetic Algorithm","Beam Cell"],"picked":"Doom and Gloom","floor":8},{"not_picked":["Hologram","Rainbow"],"picked":"White Noise","floor":10},{"not_picked":["BootSequence","Go for the Eyes"],"picked":"Stack","floor":11},{"not_picked":["Undo","Coolheaded"],"picked":"White Noise","floor":12},{"not_picked":["Turbo","Iron Wave"],"picked":"Caltrops","floor":14},{"not_picked":["Genetic Algorithm","Hello World"],"picked":"Conserve Battery","floor":15},{"not_picked":["Secret Technique","Bullet Time"],"picked":"Machine Learning","floor":16},{"not_picked":["Redo","Poisoned Stab"],"picked":"Choke","floor":18},{"not_picked":["Sever Soul","Gash"],"picked":"Shrug It Off","floor":19},{"not_picked":["Cold Snap","Twin Strike","Sword Boomerang"],"picked":"SKIP","floor":21},{"not_picked":["Acrobatics","Clash"],"picked":"Conserve Battery","floor":22},{"not_picked":["Headbutt","Perfected Strike"],"picked":"Whirlwind+1","floor":23},{"not_picked":["Poisoned Stab","Auto Shields"],"picked":"Go for the Eyes+1","floor":24},{"not_picked":["Calculated Gamble","Compile Driver"],"picked":"Secret Weapon","floor":25},{"not_picked":["Impatience+1","Barrage+1"],"picked":"Leap+1","floor":28},{"not_picked":["Cleave+1","Cold Snap"],"picked":"Calculated Gamble+1","floor":29}],"player_experience":308400,"relics_obtained":[{"floor":6,"key":"Pen Nib"},{"floor":9,"key":"Tiny Chest"},{"floor":10,"key":"The Courier"},{"floor":24,"key":"Bottled Flame"},{"floor":26,"key":"Toxic Egg 2"}],"event_choices":[{"damage_healed":0.0,"max_hp_gain":0.0,"max_hp_loss":0.0,"gold_gain":0.0,"event_name":"Scrap Ooze","player_choice":"Success","floor":3.0,"gold_loss":0.0,"damage_taken":18.0,"relics_obtained":["Dream Catcher"]},{"damage_healed":0,"gold_gain":175,"player_choice":"AGREE","damage_taken":0,"max_hp_gain":0,"max_hp_loss":0,"event_name":"Liars Game","floor":4,"gold_loss":0,"cards_obtained":["Doubt"]},{"damage_healed":0,"gold_gain":0,"player_choice":"Gave Potion","damage_taken":0,"relics_obtained":["Dodecahedron"],"max_hp_gain":0,"max_hp_loss":0,"event_name":"WeMeetAgain","floor":5,"gold_loss":0},{"cards_removed":["Beam Cell"],"damage_healed":0,"gold_gain":0,"player_choice":"Gave Gold","damage_taken":0,"max_hp_gain":0,"max_hp_loss":0,"event_name":"Beggar","floor":20,"gold_loss":75},{"damage_healed":0,"gold_gain":0,"player_choice":"Fight","damage_taken":0,"max_hp_gain":0,"max_hp_loss":0,"event_name":"Colosseum","floor":30,"gold_loss":0},{"damage_healed":0,"gold_gain":0,"player_choice":"Fought Nobs","damage_taken":0,"max_hp_gain":0,"max_hp_loss":0,"event_name":"Colosseum","floor":30,"gold_loss":0}],"is_beta":false,"boss_relics":[{"not_picked":["FrozenCore","Orrery"],"picked":"Snecko Eye"}],"items_purged_floors":[7],"is_endless":false,"potions_floor_spawned":[1,6,10,11,14,19,21,22,30],"killed_by":"Colosseum Nobs","ascension_level":9}