{"path_per_floor":["M","T","M","M","M","R","E","$","T","M","E","R","E","M","R","B",null,"M","?","M","$","?"],"character_chosen":"IRONCLAD","items_purchased":["Pummel","Shrug It Off","True Grit","Master of Strategy"],"gold_per_floor":[113,113,125,143,155,155,183,74,125,136,166,166,192,210,210,288,288,305,555,573,215,395,395],"floor_reached":23,"campfire_rested":0,"playtime":1096,"current_hp_per_floor":[69,69,68,70,70,70,63,63,63,66,64,64,59,59,59,78,78,71,77,62,62,26,0],"items_purged":["Strike_R","Strike_R"],"gold":395,"score":457,"play_id":"497777f5-8ff7-47bf-9dfe-7a6d1f360987","local_time":"20180422111550","is_prod":false,"is_daily":false,"chose_seed":true,"is_ascension_mode":true,"campfire_upgraded":3,"timestamp":1524417350,"path_taken":["M","?","M","M","?","R","E","$","T","M","E","R","E","M","R","BOSS","M","?","?","$","?","E"],"build_version":"2018-04-19","seed_source_timestamp":750597159074764,"purchased_purges":2,"victory":false,"master_deck":["Strike_R","Strike_R","Strike_R","Defend_R","Defend_R","Defend_R","Defend_R","Bash+1","AscendersBane","Burning Pact","Corruption+1","Armaments","Battle Trance","Iron Wave","Pummel","Juggernaut+1","Clothesline","Rage","Feel No Pain+1","Offering","Feel No Pain","Regret","True Grit","Shrug It Off","True Grit","Master of Strategy","Bandage Up"],"max_hp_per_floor":[75,75,75,75,78,78,78,78,78,78,78,78,78,78,78,78,78,78,84,84,84,84,84],"relics":["Burning Blood","Dead Branch","Pantograph","Bronze Scales","Darkstone Periapt","Meat on the Bone","Snecko Eye"],"card_choices":[{"not_picked":["Armaments","Havoc"],"picked":"Burning Pact","floor":1},{"not_picked":["Flex","Iron Wave"],"picked":"Corruption","floor":3},{"not_picked":["Twin Strike","Clash"],"picked":"Armaments","floor":4},{"not_picked":["Ghostly Armor","Heavy Blade"],"picked":"Battle Trance","floor":5},{"not_picked":["Power Through","Wild Strike"],"picked":"Iron Wave","floor":7},{"not_picked":["Perfected Strike","Power Through"],"picked":"Juggernaut","floor":10},{"not_picked":["Warcry","Wild Strike"],"picked":"Clothesline","floor":11},{"not_picked":["Metallicize","Twin Strike"],"picked":"Rage","floor":13},{"not_picked":["Combust","Shrug It Off"],"picked":"Feel No Pain","floor":14},{"not_picked":["Limit Break","Demon Form"],"picked":"Offering","floor":16},{"not_picked":["Clothesline","Corruption"],"picked":"Feel No Pain","floor":18},{"not_picked":["Perfected Strike","Anger"],"picked":"True Grit","floor":20}],"player_experience":397546,"potions_floor_usage":[7,16,16,16,23],"damage_taken":[{"damage":5,"enemies":"Cultist","floor":1,"turns":4},{"damage":7,"enemies":"Small Slimes","floor":3,"turns":4},{"damage":4,"enemies":"2 Louse","floor":4,"turns":2},{"damage":9,"enemies":"Exordium Wildlife","floor":5,"turns":4},{"damage":13,"enemies":"Gremlin Nob","floor":7,"turns":3},{"damage":3,"enemies":"2 Fungi Beasts","floor":10,"turns":3},{"damage":8,"enemies":"Lagavulin","floor":11,"turns":8},{"damage":11,"enemies":"3 Sentries","floor":13,"turns":3},{"damage":6,"enemies":"Looter","floor":14,"turns":3},{"damage":1,"enemies":"The Guardian","floor":16,"turns":5},{"damage":13,"enemies":"Shell Parasite","floor":18,"turns":3},{"damage":21,"enemies":"2 Thieves","floor":20,"turns":2},{"damage":34,"enemies":"Slavers","floor":23,"turns":2}],"event_choices":[{"event_name":"Golden Shrine","player_choice":"Desecrate","floor":19,"damage_taken":0},{"event_name":"Knowing Skull","player_choice":"CARD GOLD GOLD ","floor":22,"damage_taken":0}],"boss_relics":[{"not_picked":["Astrolabe","Velvet Choker"],"picked":"Snecko Eye"}],"potions_floor_spawned":[5,10,13,14,16,20],"seed_played":"-2987561348928804589","killed_by":"Slavers","ascension_level":15,"is_trial":false}