{"gold_per_floor":[113,29,29,42,42,42,55,71,71,71,84,101,112,112,112,212,212,230,230,84,98,98,98,98],"floor_reached":24,"playtime":6380,"items_purged":[],"score":190,"play_id":"8d4c24c6-4c63-4033-ac79-ac48119ca9bb","local_time":"20190201173116","is_ascension_mode":false,"campfire_choices":[{"floor":6,"key":"REST"},{"floor":15,"key":"REST"},{"floor":23,"key":"REST"}],"neow_cost":"NONE","seed_source_timestamp":1152295815383410,"circlet_count":0,"master_deck":["Defend_G+1","Defend_G","Defend_G","Defend_G","Defend_G","Strike_G","Strike_G","Strike_G","Strike_G","Strike_G+1","Survivor","Neutralize","Crippling Poison","Catalyst","All Out Attack","Quick Slash","Slice","Flying Knee","Quick Slash","Phantasmal Killer","Poisoned Stab","Acrobatics","Noxious Fumes+1","Malaise","Terror","Necronomicurse","Backstab","Noxious Fumes","Deflect"],"relics":["Ring of the Snake","Ornamental Fan","Gremlin Horn","Happy Flower","Runic Pyramid","Necronomicon"],"potions_floor_usage":[],"damage_taken":[{"damage":0,"enemies":"Cultist","floor":1,"turns":4},{"damage":5,"enemies":"2 Louse","floor":4,"turns":2},{"damage":8,"enemies":"Jaw Worm","floor":7,"turns":6},{"damage":2,"enemies":"2 Fungi Beasts","floor":8,"turns":3},{"damage":13,"enemies":"Exordium Wildlife","floor":11,"turns":4},{"damage":1,"enemies":"Lots of Slimes","floor":12,"turns":2},{"damage":4,"enemies":"2 Fungi Beasts","floor":13,"turns":3},{"damage":4,"enemies":"Blue Slaver","floor":14,"turns":3},{"damage":21,"enemies":"Hexaghost","floor":16,"turns":10},{"damage":10,"enemies":"3 Byrds","floor":18,"turns":6},{"damage":23,"enemies":"Shell Parasite","floor":21,"turns":4},{"damage":47,"enemies":"Slavers","floor":24,"turns":3}],"seed_played":"4580726560184534624","potions_obtained":[{"floor":7,"key":"Ancient Potion"},{"floor":12,"key":"Strength Potion"},{"floor":14,"key":"Poison Potion"},{"floor":21,"key":"PowerPotion"}],"is_trial":false,"path_per_floor":["M","$","?","M","T","R","M","M","T","?","M","M","M","M","R","B",null,"M","?","$","M","?","R","E"],"character_chosen":"THE_SILENT","items_purchased":["All Out Attack","Quick Slash","Backstab","Noxious Fumes"],"campfire_rested":3,"item_purchase_floors":[2,2,20,20],"current_hp_per_floor":[70,70,56,51,51,70,62,60,60,57,44,43,39,35,56,35,70,60,44,44,21,21,42,0],"gold":98,"neow_bonus":"THREE_CARDS","is_prod":false,"is_daily":false,"chose_seed":false,"campfire_upgraded":0,"win_rate":0.0,"timestamp":1549042276,"path_taken":["M","?","?","M","?","R","M","M","T","?","?","M","M","?","R","BOSS","M","?","$","M","?","R","E"],"build_version":"2019-01-23","purchased_purges":0,"victory":false,"max_hp_per_floor":[70,70,70,70,70,70,70,70,70,70,70,70,70,70,70,70,70,70,70,70,70,70,70,70],"card_choices":[{"not_picked":["Eviscerate","Blade Dance"],"picked":"Crippling Poison","floor":0},{"not_picked":["Outmaneuver","Reflex"],"picked":"Catalyst","floor":1},{"not_picked":["Dagger Spray","Catalyst"],"picked":"Slice","floor":4},{"not_picked":["Dodge and Roll","Sucker Punch"],"picked":"Flying Knee","floor":7},{"not_picked":["Dash","Blade Dance"],"picked":"Quick Slash","floor":8},{"not_picked":["Dagger Spray","Expertise"],"picked":"Phantasmal Killer","floor":11},{"not_picked":["Heel Hook","Bane"],"picked":"Poisoned Stab","floor":12},{"not_picked":["Flying Knee","Prepared"],"picked":"Acrobatics","floor":13},{"not_picked":["Flying Knee","Expertise"],"picked":"Noxious Fumes","floor":14},{"not_picked":["Night Terror","Bullet Time"],"picked":"Malaise","floor":16},{"not_picked":["Blur","Well Laid Plans+1"],"picked":"Terror","floor":18},{"not_picked":["Backflip","Dagger Spray+1"],"picked":"Deflect","floor":21}],"player_experience":33210,"relics_obtained":[{"floor":5,"key":"Ornamental Fan"},{"floor":9,"key":"Gremlin Horn"},{"floor":19,"key":"Necronomicon"}],"event_choices":[{"damage_healed":0,"gold_gain":0,"player_choice":"Entered Light","damage_taken":14,"max_hp_gain":0,"max_hp_loss":0,"event_name":"Shining Light","floor":3,"gold_loss":0,"cards_upgraded":["Strike_G","Defend_G"]},{"damage_healed":0,"gold_gain":0,"player_choice":"Success","damage_taken":3,"relics_obtained":["Happy Flower"],"max_hp_gain":0,"max_hp_loss":0,"event_name":"Scrap Ooze","floor":10,"gold_loss":0},{"damage_healed":0,"gold_gain":0,"player_choice":"Obtained Book","damage_taken":16,"max_hp_gain":0,"max_hp_loss":0,"event_name":"Cursed Tome","floor":19,"gold_loss":0},{"damage_healed":0,"gold_gain":0,"player_choice":"Upgraded","damage_taken":0,"max_hp_gain":0,"max_hp_loss":0,"event_name":"Upgrade Shrine","floor":22,"gold_loss":0,"cards_upgraded":["Noxious Fumes"]}],"is_beta":false,"boss_relics":[{"not_picked":["Busted Crown","Velvet Choker"],"picked":"Runic Pyramid"}],"items_purged_floors":[],"is_endless":false,"potions_floor_spawned":[7,12,14,18,21],"killed_by":"Slavers","ascension_level":0}