{"gold_per_floor":[16,36,53,53,68,68,84,84,84,84,97,97,22,34,34,132,132,147,164,175,193,211,211,240,258,258,278,297,32,51,70,70,169,169,181,181,194,205,218,218,218],"floor_reached":41,"playtime":1429,"items_purged":["Strike_R"],"score":417,"play_id":"6738435b-3ba2-4dcb-bdc2-54665299d057","local_time":"20181127214113","is_ascension_mode":false,"campfire_choices":[{"data":"Whirlwind","floor":6.0,"key":"SMITH"},{"data":"Bash","floor":8.0,"key":"SMITH"},{"data":"Flex","floor":10.0,"key":"SMITH"},{"data":"Limit Break","floor":15.0,"key":"SMITH"},{"data":"Feel No Pain","floor":23.0,"key":"SMITH"},{"data":"Corruption","floor":32.0,"key":"SMITH"},{"data":"Flame Barrier","floor":40,"key":"SMITH"}],"neow_cost":"NO_GOLD","seed_source_timestamp":2355656205644,"circlet_count":0,"master_deck":["Strike_R","Strike_R","Strike_R","Defend_R","Defend_R","Defend_R","Defend_R","Bash+1","Reaper","Rampage","Whirlwind+1","Anger","Shrug It Off","Flex+1","Rage","Limit Break+1","Impervious","Feel No Pain+1","Body Slam+1","Shrug It Off","Pummel+1","Infernal Blade+1","Hemokinesis+1","Flame Barrier+1","True Grit+1","Corruption+1","Ghostly Armor","Warcry","Juggernaut","True Grit+1","Twin Strike+1"],"special_seed":0,"relics":["Burning Blood","Meat on the Bone","Eternal Feather","Art of War","Self Forming Clay","Chemical X","Coffee Dripper"],"potions_floor_usage":[],"damage_taken":[{"damage":6.0,"enemies":"Cultist","floor":1.0,"turns":3.0},{"damage":5.0,"enemies":"2 Louse","floor":2.0,"turns":3.0},{"damage":18.0,"enemies":"Jaw Worm","floor":3.0,"turns":3.0},{"damage":22.0,"enemies":"Gremlin Gang","floor":5.0,"turns":3.0},{"damage":0.0,"enemies":"Lots of Slimes","floor":7.0,"turns":1.0},{"damage":20.0,"enemies":"Exordium Thugs","floor":11.0,"turns":4.0},{"damage":5.0,"enemies":"Gremlin Gang","floor":14.0,"turns":5.0},{"damage":34.0,"enemies":"Slime Boss","floor":16.0,"turns":11.0},{"damage":27.0,"enemies":"Shell Parasite","floor":18.0,"turns":7.0},{"damage":31.0,"enemies":"Chosen","floor":19.0,"turns":5.0},{"damage":39.0,"enemies":"Snake Plant","floor":20.0,"turns":6.0},{"damage":29.0,"enemies":"Centurion and Healer","floor":21.0,"turns":11.0},{"damage":31.0,"enemies":"Cultist and Chosen","floor":22.0,"turns":5.0},{"damage":34.0,"enemies":"Slavers","floor":24.0,"turns":7.0},{"damage":24.0,"enemies":"Snake Plant","floor":25.0,"turns":6.0},{"damage":17.0,"enemies":"3 Cultists","floor":27.0,"turns":6.0},{"damage":11.0,"enemies":"Shelled Parasite and Fungi","floor":28.0,"turns":8.0},{"damage":12.0,"enemies":"Centurion and Healer","floor":30.0,"turns":6.0},{"damage":5.0,"enemies":"Sentry and Sphere","floor":31.0,"turns":5.0},{"damage":79.0,"enemies":"Collector","floor":33.0,"turns":10.0},{"damage":45.0,"enemies":"3 Shapes","floor":35.0,"turns":6.0},{"damage":28.0,"enemies":"3 Darklings","floor":37.0,"turns":4.0},{"damage":31.0,"enemies":"Jaw Worm Horde","floor":38.0,"turns":5.0},{"damage":27.0,"enemies":"Spire Growth","floor":39.0,"turns":6.0},{"damage":65,"enemies":"Transient","floor":41,"turns":5}],"seed_played":"6527724653171580058","potions_obtained":[{"floor":2.0,"key":"Explosive Potion"},{"floor":5.0,"key":"Ancient Potion"},{"floor":11.0,"key":"BloodPotion"},{"floor":19.0,"key":"Swift Potion"},{"floor":20.0,"key":"PowerPotion"},{"floor":21.0,"key":"Explosive Potion"},{"floor":33.0,"key":"GamblersBrew"}],"is_trial":false,"path_per_floor":["M","M","M","?","M","R","M","R","T","R","M","?","$","M","R","B",null,"M","M","M","M","M","R","E","M","T","M","M","$","M","M","R","B",null,"M","?","M","M","M","R","M"],"character_chosen":"IRONCLAD","items_purchased":["Corruption","Chemical X"],"campfire_rested":0,"item_purchase_floors":[29,29],"current_hp_per_floor":[80,80,68,61,50,50,56,56,56,56,50,55,55,72,72,50,85,64,51,38,47,34,46,45,47,47,60,55,55,49,58,73,24,85,50,50,56,43,38,56,0],"gold":218,"neow_bonus":"THREE_RARE_CARDS","is_prod":false,"is_daily":false,"chose_seed":false,"campfire_upgraded":7,"win_rate":0,"timestamp":1543362073,"path_taken":["M","M","M","?","M","R","M","R","T","R","M","?","?","M","R","BOSS","M","M","?","M","M","R","E","M","T","M","M","$","?","M","R","BOSS","M","?","M","?","M","R","M"],"build_version":"2018-11-15","purchased_purges":1,"victory":false,"max_hp_per_floor":[80,80,80,80,80,80,80,80,80,80,80,85,85,85,85,85,85,85,85,85,85,85,85,85,85,85,85,85,85,85,85,85,85,85,85,85,85,85,85,85,85],"card_choices":[{"not_picked":["Exhume","Brutality"],"picked":"Reaper","floor":0.0},{"not_picked":["Body Slam","Havoc"],"picked":"Rampage","floor":1.0},{"not_picked":["Power Through","Twin Strike"],"picked":"Whirlwind","floor":2.0},{"not_picked":["Armaments","Clothesline"],"picked":"Anger","floor":3.0},{"not_picked":["Perfected Strike","Clothesline"],"picked":"Shrug It Off","floor":5.0},{"not_picked":["Combust","Seeing Red"],"picked":"Flex","floor":7.0},{"not_picked":["Flex","Warcry"],"picked":"Rage","floor":11.0},{"not_picked":["Clash","Cleave"],"picked":"Limit Break","floor":14.0},{"not_picked":["Demon Form","Immolate"],"picked":"Impervious","floor":16.0},{"not_picked":["Heavy Blade","Twin Strike"],"picked":"Feel No Pain","floor":18.0},{"not_picked":["Thunderclap","Carnage+1"],"picked":"Body Slam+1","floor":19.0},{"not_picked":["Cleave","Thunderclap+1"],"picked":"Shrug It Off","floor":20.0},{"not_picked":["Clothesline+1","Clash"],"picked":"Pummel+1","floor":21.0},{"not_picked":["Thunderclap+1","Bludgeon"],"picked":"Infernal Blade+1","floor":22.0},{"not_picked":["Carnage","Iron Wave"],"picked":"Hemokinesis","floor":24.0},{"not_picked":["Sword Boomerang","Armaments","Perfected Strike+1"],"picked":"SKIP","floor":25.0},{"not_picked":["Clothesline","Feed"],"picked":"Flame Barrier","floor":27.0},{"not_picked":["Combust","Evolve+1"],"picked":"True Grit+1","floor":28.0},{"not_picked":["Clothesline+1","Combust"],"picked":"Ghostly Armor","floor":30.0},{"not_picked":["Evolve","True Grit"],"picked":"Warcry","floor":31.0},{"not_picked":["Berserk","Feed"],"picked":"Juggernaut","floor":33.0},{"not_picked":["Rage","Anger","Bloodletting+1"],"picked":"SKIP","floor":35.0},{"not_picked":["Body Slam","Rampage","Sentinel"],"picked":"SKIP","floor":37.0},{"not_picked":["Twin Strike","Anger"],"picked":"True Grit+1","floor":38.0},{"not_picked":["Havoc","Clash+1"],"picked":"Twin Strike+1","floor":39.0}],"player_experience":177013,"relics_obtained":[{"floor":9.0,"key":"Meat on the Bone"},{"floor":24.0,"key":"Art of War"},{"floor":26.0,"key":"Self Forming Clay"}],"event_choices":[{"cards_removed":["Strike_R"],"damage_healed":0.0,"max_hp_gain":0.0,"max_hp_loss":0.0,"gold_gain":0.0,"event_name":"Golden Wing","player_choice":"Card Removal","floor":4.0,"gold_loss":0.0,"damage_taken":7.0},{"damage_healed":0.0,"max_hp_gain":5.0,"max_hp_loss":0.0,"gold_gain":0.0,"event_name":"Big Fish","player_choice":"Donut","floor":12.0,"gold_loss":0.0,"damage_taken":0.0},{"damage_healed":0.0,"max_hp_gain":0.0,"max_hp_loss":0.0,"gold_gain":0.0,"event_name":"Upgrade Shrine","player_choice":"Upgraded","floor":36.0,"gold_loss":0.0,"damage_taken":0.0,"cards_upgraded":["Hemokinesis"]}],"is_beta":false,"boss_relics":[{"not_picked":["Lizard Tail","Runic Cube"],"picked":"Eternal Feather"},{"not_picked":["Mark of Pain","White Beast Statue"],"picked":"Coffee Dripper"}],"items_purged_floors":[13],"is_endless":false,"potions_floor_spawned":[2,5,11,19,20,21,27,30,33,37,38,39],"killed_by":"Transient","ascension_level":0}