{"gold_per_floor":[118,138,164,184,202,202,88,113,113,148,148,173,173,173,173,271,271,281,206,216,232,247,247,272,272,272,154,154,154,69,88,88,189,239,253,253,132,33,50,82,82,101,127,127,162,162,162,162,162,162,162,162,12,44,44],"floor_reached":55,"playtime":2759,"items_purged":["Strike_G","Strike_G","Strike_G+1","Strike_G+1"],"score":905,"play_id":"17bf20fd-b031-4194-ba56-223e2f41a5cf","local_time":"20181104183829","is_ascension_mode":true,"campfire_choices":[{"data":"Noxious Fumes","floor":6,"key":"SMITH"},{"data":"Footwork","floor":11,"key":"SMITH"},{"data":"Blade Dance","floor":13,"key":"SMITH"},{"data":"Neutralize","floor":15,"key":"SMITH"},{"data":"Cloak And Dagger","floor":23,"key":"SMITH"},{"data":"Cloak And Dagger","floor":25,"key":"SMITH"},{"floor":29,"key":"RECALL"},{"data":"1","floor":32,"key":"LIFT"},{"data":"Blade Dance","floor":41,"key":"SMITH"},{"data":"Burst","floor":44,"key":"SMITH"},{"data":"After Image","floor":47,"key":"SMITH"},{"data":"Footwork","floor":49,"key":"SMITH"},{"data":"2","floor":52,"key":"LIFT"}],"neow_cost":"NONE","seed_source_timestamp":717109866139465,"circlet_count":0,"master_deck":["Defend_G+1","Defend_G+1","Defend_G+1","Defend_G+1","Defend_G+1","Survivor","Neutralize+1","Blade Dance+1","Noxious Fumes+1","Footwork+1","Dodge and Roll+1","Well Laid Plans","Poisoned Stab","Cloak And Dagger+1","After Image","Burst+1","Blade Dance+1","Dagger Spray","Cloak And Dagger+1","Infinite Blades","Footwork+1","After Image+1","Dodge and Roll+1","Accuracy+1","Flash of Steel","Finisher","Blade Dance+1","Cloak And Dagger+1","Endless Agony","Cloak And Dagger+1"],"relics":["Ring of the Snake","PreservedInsect","Darkstone Periapt","Girya","Shuriken","Runic Dome","Bottled Tornado","Smiling Mask","Strawberry","Tiny House","Pear","Anchor","Shovel","Pen Nib","Ninja Scroll"],"potions_floor_usage":[4,8,24,24,50,50],"damage_taken":[{"damage":0,"enemies":"Cultist","floor":1,"turns":3},{"damage":0,"enemies":"Small Slimes","floor":2,"turns":3},{"damage":0,"enemies":"2 Louse","floor":4,"turns":2},{"damage":0,"enemies":"Blue Slaver","floor":5,"turns":6},{"damage":25,"enemies":"Gremlin Nob","floor":8,"turns":6},{"damage":2,"enemies":"Lagavulin","floor":10,"turns":8},{"damage":11,"enemies":"Gremlin Nob","floor":12,"turns":5},{"damage":0,"enemies":"Hexaghost","floor":16,"turns":9},{"damage":0,"enemies":"Chosen","floor":18,"turns":6},{"damage":0,"enemies":"2 Thieves","floor":20,"turns":4},{"damage":7,"enemies":"Snake Plant","floor":21,"turns":5},{"damage":2,"enemies":"Sentry and Sphere","floor":22,"turns":6},{"damage":0,"enemies":"Slavers","floor":24,"turns":4},{"damage":0,"enemies":"3 Cultists","floor":31,"turns":5},{"damage":12,"enemies":"Champ","floor":33,"turns":10},{"damage":0,"enemies":"3 Darklings","floor":35,"turns":7},{"damage":0,"enemies":"3 Shapes","floor":39,"turns":3},{"damage":10,"enemies":"Nemesis","floor":40,"turns":5},{"damage":0,"enemies":"3 Darklings","floor":42,"turns":3},{"damage":7,"enemies":"Reptomancer","floor":45,"turns":4},{"damage":37,"enemies":"Time Eater","floor":50,"turns":11},{"damage":22,"enemies":"Shield and Spear","floor":54,"turns":4},{"damage":65,"enemies":"The Heart","floor":55,"turns":5}],"seed_played":"-4525477150605116221","potions_obtained":[{"floor":0,"key":"Explosive Potion"},{"floor":0,"key":"SpeedPotion"},{"floor":0,"key":"Explosive Potion"},{"floor":12,"key":"FearPotion"},{"floor":16,"key":"Energy Potion"},{"floor":34,"key":"Fire Potion"},{"floor":35,"key":"FearPotion"}],"is_trial":false,"path_per_floor":["M","M","T","M","M","R","$","E","T","E","R","E","R","?","R","B",null,"M","?","M","M","M","R","E","R","T","$","?","R","?","M","R","B",null,"M","?","$","$","M","E","R","M","T","R","E","?","R","?","R","B",null,"R","$","E","B"],"character_chosen":"THE_SILENT","items_purchased":["Well Laid Plans","Infinite Blades","Finisher","Blade Dance","Pen Nib"],"campfire_rested":0,"item_purchase_floors":[7,27,37,38,53],"current_hp_per_floor":[70,70,70,70,70,70,70,45,45,43,43,32,32,18,18,18,70,70,70,70,63,61,61,61,61,61,61,61,61,68,68,68,56,82,82,82,82,82,82,82,82,82,82,82,75,75,75,75,75,38,87,87,87,65,0],"gold":44,"neow_bonus":"THREE_SMALL_POTIONS","is_prod":false,"is_daily":false,"chose_seed":false,"campfire_upgraded":10,"win_rate":0,"timestamp":1541381909,"path_taken":["M","M","?","?","?","R","$","E","T","E","R","E","R","?","R","BOSS","M","?","M","M","M","R","E","R","T","$","?","R","?","M","R","BOSS","M","?","?","$","?","E","R","M","T","R","E","?","R","?","R","BOSS","R","$","E","BOSS"],"build_version":"2018-11-02","purchased_purges":4,"victory":false,"max_hp_per_floor":[70,70,70,70,70,70,70,70,70,70,70,70,70,70,70,70,70,70,70,70,70,70,70,70,70,70,70,70,70,77,77,77,77,82,82,82,82,82,82,92,92,92,92,92,92,87,87,87,87,87,87,87,87,87,87],"card_choices":[{"not_picked":["Deadly Poison","Accuracy"],"picked":"Blade Dance","floor":1},{"not_picked":["Prepared","Dagger Throw"],"picked":"Noxious Fumes","floor":2},{"not_picked":["Dodge and Roll","Prepared"],"picked":"Footwork","floor":4},{"not_picked":["Bane","Underhanded Strike"],"picked":"Dodge and Roll","floor":5},{"not_picked":["Bane","Choke"],"picked":"Poisoned Stab","floor":8},{"not_picked":["Finisher","Tactician"],"picked":"Cloak And Dagger","floor":10},{"not_picked":["Blade Dance","Quick Slash"],"picked":"After Image","floor":12},{"not_picked":["Bullet Time","Venomology"],"picked":"Burst","floor":16},{"not_picked":["Acrobatics","Outmaneuver"],"picked":"Blade Dance+1","floor":18},{"not_picked":["Dodge and Roll","Catalyst+1"],"picked":"Dagger Spray","floor":20},{"not_picked":["Underhanded Strike","Quick Slash"],"picked":"Cloak And Dagger","floor":21},{"not_picked":["Heel Hook","Eviscerate+1","Sucker Punch"],"picked":"SKIP","floor":22},{"not_picked":["Escape Plan","Deadly Poison+1","Well Laid Plans"],"picked":"SKIP","floor":24},{"not_picked":["Poisoned Stab","Outmaneuver"],"picked":"Footwork","floor":31},{"not_picked":["Unload","Storm of Steel"],"picked":"After Image","floor":33},{"not_picked":["Acrobatics","Sucker Punch"],"picked":"Dodge and Roll+1","floor":34},{"not_picked":["Slice","Bane"],"picked":"Accuracy+1","floor":35},{"not_picked":["Blind","Finesse"],"picked":"Flash of Steel","floor":36},{"not_picked":["Heel Hook+1","Prepared"],"picked":"Cloak And Dagger+1","floor":39},{"not_picked":["Expertise+1","Quick Slash","Dagger Spray+1"],"picked":"SKIP","floor":40},{"not_picked":["Sucker Punch+1","PiercingWail","Poisoned Stab+1"],"picked":"SKIP","floor":42},{"not_picked":["Backflip","Dodge and Roll+1"],"picked":"Endless Agony","floor":45},{"not_picked":["Underhanded Strike+1","Heel Hook"],"picked":"Cloak And Dagger+1","floor":54}],"player_experience":1104640,"relics_obtained":[{"floor":8,"key":"PreservedInsect"},{"floor":9,"key":"Darkstone Periapt"},{"floor":10,"key":"Girya"},{"floor":12,"key":"Shuriken"},{"floor":24,"key":"Bottled Tornado"},{"floor":26,"key":"Smiling Mask"},{"floor":40,"key":"Pear"},{"floor":43,"key":"Anchor"},{"floor":45,"key":"Shovel"},{"floor":54,"key":"Ninja Scroll"}],"event_choices":[{"damage_healed":0,"gold_gain":0,"player_choice":"Entered Light","damage_taken":14,"max_hp_gain":0,"max_hp_loss":0,"event_name":"Shining Light","floor":14,"gold_loss":0,"cards_upgraded":["Strike_G","Strike_G"]},{"cards_removed":["Strike_G"],"damage_healed":0,"gold_gain":0,"player_choice":"Gave Gold","damage_taken":0,"max_hp_gain":0,"max_hp_loss":0,"event_name":"Beggar","floor":19,"gold_loss":75},{"damage_healed":0,"gold_gain":0,"player_choice":"Simplicity","damage_taken":0,"max_hp_gain":0,"max_hp_loss":0,"event_name":"Back to Basics","floor":28,"gold_loss":0,"cards_upgraded":["Defend_G","Defend_G","Defend_G","Defend_G","Defend_G"]},{"damage_healed":0,"gold_gain":0,"player_choice":"Obtained Relic","damage_taken":0,"relics_obtained":["Strawberry"],"max_hp_gain":0,"max_hp_loss":0,"event_name":"Addict","floor":30,"gold_loss":85},{"damage_healed":0,"gold_gain":0,"player_choice":"Memory 1","damage_taken":0,"max_hp_gain":0,"max_hp_loss":0,"event_name":"SensoryStone","floor":36,"gold_loss":0},{"damage_healed":0,"gold_gain":0,"player_choice":"Max HP","damage_taken":0,"max_hp_gain":0,"max_hp_loss":5,"event_name":"Winding Halls","floor":46,"gold_loss":0},{"damage_healed":0,"gold_gain":0,"player_choice":"Ignored","damage_taken":0,"max_hp_gain":0,"max_hp_loss":0,"event_name":"Transmorgrifier","floor":48,"gold_loss":0}],"is_beta":true,"boss_relics":[{"not_picked":["Orrery","Pandora\u0027s Box"],"picked":"Runic Dome"},{"not_picked":["White Beast Statue","Velvet Choker"],"picked":"Tiny House"}],"items_purged_floors":[7,27,37,38],"is_endless":false,"potions_floor_spawned":[1,12,16,21,35,40],"killed_by":"The Heart","ascension_level":1}