{"gold_per_floor":[112,37,47,122,141,141,141,141,164,164,184,34,44,44,44,148,148,166,41,41,54,65,65,83,94,94,94,94,94,107,127,127,232,232],"floor_reached":34,"playtime":886,"items_purged":["Defend_B","Defend_B","Strike_B+1"],"score":414,"play_id":"3767f6b3-0894-4278-bc82-a4a5b3d4fd78","local_time":"20190203153541","is_ascension_mode":true,"campfire_choices":[{"data":"Zap","floor":6.0,"key":"SMITH"},{"data":"Dualcast","floor":8.0,"key":"SMITH"},{"data":"Strike_B","floor":10.0,"key":"SMITH"},{"data":"Ball Lightning","floor":15.0,"key":"SMITH"},{"data":"Hello World","floor":23.0,"key":"SMITH"},{"floor":27.0,"key":"REST"},{"floor":32,"key":"REST"}],"neow_cost":"NONE","seed_source_timestamp":0,"circlet_count":0,"master_deck":["Strike_B+1","Strike_B+1","Defend_B","Zap+1","Dualcast+1","Ball Lightning+1","Hello World+1","Hello World+1","Creative AI"],"special_seed":0,"relics":["Cracked Core","Pen Nib","Lizard Tail","Bottled Flame","Molten Egg 2","Anchor","Philosopher\u0027s Stone"],"potions_floor_usage":[31],"damage_taken":[{"damage":1.0,"enemies":"Jaw Worm","floor":1.0,"turns":3.0},{"damage":1.0,"enemies":"Cultist","floor":3.0,"turns":3.0},{"damage":5.0,"enemies":"Small Slimes","floor":5.0,"turns":3.0},{"damage":11.0,"enemies":"Exordium Thugs","floor":11.0,"turns":3.0},{"damage":3.0,"enemies":"Red Slaver","floor":13.0,"turns":2.0},{"damage":0.0,"enemies":"Slime Boss","floor":16.0,"turns":4.0},{"damage":0.0,"enemies":"Spheric Guardian","floor":18.0,"turns":2.0},{"damage":19.0,"enemies":"2 Thieves","floor":21.0,"turns":3.0},{"damage":5.0,"enemies":"Chosen and Byrds","floor":22.0,"turns":3.0},{"damage":24.0,"enemies":"Centurion and Healer","floor":24.0,"turns":6.0},{"damage":21.0,"enemies":"Snake Plant","floor":25.0,"turns":3.0},{"damage":0.0,"enemies":"Chosen and Byrds","floor":30.0,"turns":3.0},{"damage":8,"enemies":"Shelled Parasite and Fungi","floor":31,"turns":4},{"damage":60,"enemies":"Collector","floor":33,"turns":9}],"seed_played":"-2861727506258556695","potions_obtained":[{"floor":11.0,"key":"Poison Potion"},{"floor":13.0,"key":"Strength Potion"},{"floor":21.0,"key":"Fire Potion"},{"floor":22.0,"key":"Fruit Juice"},{"floor":30.0,"key":"SkillPotion"},{"floor":33,"key":"AttackPotion"}],"is_trial":false,"path_per_floor":["M","$","M","?","M","R","?","R","T","R","M","$","M","?","R","B",null,"M","$","?","M","M","R","M","M","T","R","T","?","M","M","R","B",null],"character_chosen":"DEFECT","items_purchased":["Ball Lightning"],"campfire_rested":2,"item_purchase_floors":[12],"current_hp_per_floor":[74,74,73,66,61,61,46,46,46,46,35,35,32,32,32,32,75,75,75,68,49,44,44,25,4,4,28,28,28,28,20,44,24,80],"gold":232,"neow_bonus":"REMOVE_CARD","is_prod":false,"is_daily":false,"chose_seed":false,"campfire_upgraded":5,"win_rate":0,"timestamp":1549233341,"path_taken":["M","$","M","?","?","R","?","R","T","R","M","$","M","?","R","BOSS","M","$","?","M","M","R","?","M","T","R","?","?","M","M","R","BOSS"],"build_version":"2019-01-23","purchased_purges":3,"victory":false,"max_hp_per_floor":[75,75,75,75,75,75,75,75,75,75,75,75,75,75,75,75,75,75,75,75,75,75,75,80,80,80,80,80,80,80,80,80,80,80],"card_choices":[{"not_picked":["Go for the Eyes","Sweeping Beam","Rip and Tear"],"picked":"SKIP","floor":1.0},{"not_picked":["Self Repair","Aggregate","Barrage"],"picked":"SKIP","floor":3.0},{"not_picked":["Leap","Go for the Eyes","Barrage"],"picked":"SKIP","floor":5.0},{"not_picked":["Auto Shields","Loop","Turbo"],"picked":"SKIP","floor":11.0},{"not_picked":["Leap","Go for the Eyes","Streamline"],"picked":"SKIP","floor":13.0},{"not_picked":["Rip and Tear+1","Genetic Algorithm"],"picked":"Hello World","floor":18.0},{"not_picked":["Compile Driver+1","Hologram","Defragment"],"picked":"SKIP","floor":21.0},{"not_picked":["Ball Lightning","Hologram","Streamline+1"],"picked":"SKIP","floor":22.0},{"not_picked":["Fission","Chaos+1"],"picked":"Hello World+1","floor":24.0},{"not_picked":["Aggregate","Sweeping Beam+1","Steam"],"picked":"SKIP","floor":25.0},{"not_picked":["Steam","Gash+1","Genetic Algorithm"],"picked":"SKIP","floor":30.0},{"not_picked":["Self Repair","Rebound+1","Beam Cell+1"],"picked":"SKIP","floor":31},{"not_picked":["Multi-Cast","Electrodynamics"],"picked":"Creative AI","floor":33}],"player_experience":1302641,"relics_obtained":[{"floor":9.0,"key":"Pen Nib"},{"floor":26.0,"key":"Bottled Flame"},{"floor":28.0,"key":"Molten Egg 2"}],"event_choices":[{"damage_healed":0.0,"max_hp_gain":0.0,"max_hp_loss":0.0,"gold_gain":75.0,"event_name":"FaceTrader","player_choice":"Touch","floor":4.0,"gold_loss":0.0,"damage_taken":7.0},{"damage_healed":0.0,"max_hp_gain":0.0,"max_hp_loss":0.0,"gold_gain":0.0,"event_name":"Shining Light","player_choice":"Entered Light","floor":7.0,"gold_loss":0.0,"damage_taken":15.0,"cards_upgraded":["Strike_B","Strike_B"]},{"cards_removed":["Defend_B"],"damage_healed":0.0,"max_hp_gain":0.0,"max_hp_loss":0.0,"gold_gain":0.0,"event_name":"Purifier","player_choice":"Purged","floor":14.0,"gold_loss":0.0,"damage_taken":0.0},{"damage_healed":0.0,"max_hp_gain":0.0,"max_hp_loss":0.0,"gold_gain":0.0,"event_name":"Wheel of Change","player_choice":"Damaged","floor":20.0,"gold_loss":0.0,"damage_taken":7.0},{"damage_healed":0.0,"max_hp_gain":0.0,"max_hp_loss":0.0,"gold_gain":0.0,"event_name":"The Mausoleum","player_choice":"Opened","floor":29.0,"gold_loss":0.0,"damage_taken":0.0,"relics_obtained":["Anchor"]}],"is_beta":true,"boss_relics":[{"not_picked":["Snecko Eye","Busted Crown"],"picked":"Lizard Tail"},{"not_picked":["Tiny House","Runic Pyramid"],"picked":"Philosopher\u0027s Stone"}],"items_purged_floors":[2,12,19],"is_endless":false,"potions_floor_spawned":[11,13,21,22,30,33],"ascension_level":1}