{"gold_per_floor":[119,119,194,209,227,227,254,254,254,274,274,449,480,499,499,499],"floor_reached":16,"playtime":790,"items_purged":[],"score":132,"play_id":"81a524bd-ee4a-4b3b-9615-ea658c89dd5d","local_time":"20190201004837","is_ascension_mode":true,"campfire_choices":[{"data":"Self Repair","floor":6,"key":"SMITH"},{"floor":15,"key":"REST"}],"neow_cost":"NONE","seed_source_timestamp":729285750458220,"circlet_count":0,"master_deck":["Strike_B","Strike_B","Strike_B","Defend_B","Defend_B","Defend_B","Defend_B","Zap","Dualcast","Self Repair+1","FTL","Leap","Conserve Battery","Gash","Gash","Regret","Doubt","Amplify","Go for the Eyes"],"relics":["Black Star","Symbiotic Virus","Juzu Bracelet","Mango","Blood Vial","Art of War","The Courier","Orichalcum"],"potions_floor_usage":[7,10,13,14,16],"damage_taken":[{"damage":15,"enemies":"Small Slimes","floor":1,"turns":4},{"damage":2,"enemies":"Jaw Worm","floor":4,"turns":4},{"damage":10,"enemies":"2 Louse","floor":5,"turns":3},{"damage":23,"enemies":"3 Sentries","floor":7,"turns":10},{"damage":0,"enemies":"2 Fungi Beasts","floor":10,"turns":4},{"damage":13,"enemies":"Lagavulin","floor":13,"turns":6},{"damage":27,"enemies":"Exordium Thugs","floor":14,"turns":6},{"damage":51,"enemies":"The Guardian","floor":16,"turns":7}],"seed_played":"-4143807376053306666","potions_obtained":[{"floor":1,"key":"FearPotion"},{"floor":4,"key":"FocusPotion"},{"floor":7,"key":"EssenceOfSteel"},{"floor":13,"key":"AttackPotion"},{"floor":14,"key":"AttackPotion"}],"is_trial":false,"path_per_floor":["M","?","?","M","M","R","E","?","T","M","?","?","E","M","R","B"],"character_chosen":"DEFECT","items_purchased":[],"campfire_rested":1,"item_purchase_floors":[],"current_hp_per_floor":[60,60,49,54,51,51,38,27,27,39,39,39,38,23,49,0],"gold":499,"neow_bonus":"BOSS_RELIC","is_prod":false,"is_daily":false,"chose_seed":false,"campfire_upgraded":1,"win_rate":0,"timestamp":1548978517,"path_taken":["M","?","?","M","M","R","E","?","T","M","?","?","E","M","R","BOSS"],"build_version":"2019-01-23","purchased_purges":0,"victory":false,"max_hp_per_floor":[75,75,75,75,75,75,75,89,89,89,89,89,89,89,89,89],"card_choices":[{"not_picked":["Fusion","Stack"],"picked":"Self Repair","floor":1},{"not_picked":["Heatsinks","Capacitor"],"picked":"Leap","floor":4},{"not_picked":["Leap","Rebound"],"picked":"Conserve Battery","floor":5},{"not_picked":["Turbo","Reprogram"],"picked":"Gash","floor":7},{"not_picked":["Fusion","Compile Driver"],"picked":"Gash","floor":10},{"not_picked":["Rebound","Static Discharge"],"picked":"Amplify","floor":13},{"not_picked":["Conserve Battery","Storm"],"picked":"Go for the Eyes","floor":14}],"player_experience":109675,"relics_obtained":[{"floor":7,"key":"Symbiotic Virus"},{"floor":7,"key":"Juzu Bracelet"},{"floor":9,"key":"Blood Vial"},{"floor":13,"key":"The Courier"},{"floor":13,"key":"Orichalcum"}],"event_choices":[{"damage_healed":0,"gold_gain":0,"cards_transformed":["Strike_B"],"player_choice":"Change","damage_taken":0,"max_hp_gain":0,"max_hp_loss":0,"event_name":"Living Wall","floor":2,"gold_loss":0,"cards_obtained":["FTL"]},{"damage_healed":0,"gold_gain":75,"player_choice":"Gather Gold","damage_taken":11,"max_hp_gain":0,"max_hp_loss":0,"event_name":"World of Goop","floor":3,"gold_loss":0},{"damage_healed":0,"gold_gain":0,"player_choice":"Success","damage_taken":25,"relics_obtained":["Mango"],"max_hp_gain":0,"max_hp_loss":0,"event_name":"Scrap Ooze","floor":8,"gold_loss":0},{"damage_healed":0,"gold_gain":0,"player_choice":"Box","damage_taken":0,"relics_obtained":["Art of War"],"max_hp_gain":0,"max_hp_loss":0,"event_name":"Big Fish","floor":11,"gold_loss":0,"cards_obtained":["Regret"]},{"damage_healed":0,"gold_gain":175,"player_choice":"AGREE","damage_taken":0,"max_hp_gain":0,"max_hp_loss":0,"event_name":"Liars Game","floor":12,"gold_loss":0,"cards_obtained":["Doubt"]}],"is_beta":false,"boss_relics":[],"items_purged_floors":[],"is_endless":false,"potions_floor_spawned":[1,4,7,13,14],"killed_by":"The Guardian","ascension_level":4}