{"gold_per_floor":[111,111,121,140,158,158,189,189,189,217,217],"floor_reached":11,"playtime":382,"items_purged":[],"score":166,"play_id":"e9420523-e229-45c8-a34b-b965affe2314","local_time":"20190216211418","is_ascension_mode":true,"campfire_choices":[{"data":"Streamline","floor":6,"key":"SMITH"},{"data":"Zap","floor":8,"key":"SMITH"}],"neow_cost":"NONE","seed_source_timestamp":266336716774699,"circlet_count":0,"master_deck":["AscendersBane","Strike_B+1","Strike_B","Defend_B","Defend_B","Defend_B","Defend_B","Zap+1","Dualcast","Redo","Streamline+1","Conserve Battery","Undo","Seek","Ball Lightning+1"],"relics":["Cracked Core","Blue Candle","Ornamental Fan","Whetstone"],"potions_floor_usage":[7,11,11],"damage_taken":[{"damage":3,"enemies":"Small Slimes","floor":1,"turns":2},{"damage":1,"enemies":"Cultist","floor":3,"turns":3},{"damage":0,"enemies":"2 Louse","floor":4,"turns":1},{"damage":1,"enemies":"Blue Slaver","floor":5,"turns":3},{"damage":38,"enemies":"Gremlin Nob","floor":7,"turns":4},{"damage":15,"enemies":"3 Sentries","floor":10,"turns":9},{"damage":6,"enemies":"Large Slime","floor":11,"turns":2}],"seed_played":"1458912096275869791","potions_obtained":[{"floor":4,"key":"LiquidBronze"},{"floor":7,"key":"SneckoOil"},{"floor":10,"key":"Strength Potion"}],"is_trial":false,"path_per_floor":["M","?","M","M","M","R","E","R","T","E","M"],"character_chosen":"DEFECT","items_purchased":[],"campfire_rested":0,"item_purchase_floors":[],"current_hp_per_floor":[61,61,60,60,59,59,21,21,21,6,0],"gold":217,"neow_bonus":"TRANSFORM_CARD","is_prod":false,"is_daily":false,"chose_seed":false,"campfire_upgraded":2,"win_rate":0,"timestamp":1550376858,"path_taken":["M","?","M","M","M","R","E","R","T","E","?"],"build_version":"2019-02-06","purchased_purges":0,"victory":false,"max_hp_per_floor":[71,71,71,71,71,71,71,71,71,71,71],"card_choices":[{"not_picked":["Turbo","Barrage","Double Energy"],"picked":"SKIP","floor":1},{"not_picked":["Coolheaded","Reprogram"],"picked":"Conserve Battery","floor":3},{"not_picked":["Stack","Rebound"],"picked":"Undo","floor":4},{"not_picked":["Storm","Redo","Turbo"],"picked":"SKIP","floor":5},{"not_picked":["Conserve Battery","Ball Lightning"],"picked":"Seek","floor":7},{"not_picked":["Rip and Tear","Creative AI"],"picked":"Ball Lightning","floor":10}],"player_experience":1316688,"relics_obtained":[{"floor":7,"key":"Blue Candle"},{"floor":9,"key":"Ornamental Fan"},{"floor":10,"key":"Whetstone"}],"event_choices":[{"damage_healed":0,"gold_gain":0,"cards_transformed":["Strike_B"],"player_choice":"Transformed","damage_taken":0,"max_hp_gain":0,"max_hp_loss":0,"event_name":"Transmorgrifier","floor":2,"gold_loss":0,"cards_obtained":["Streamline"]}],"is_beta":true,"boss_relics":[],"items_purged_floors":[],"is_endless":false,"potions_floor_spawned":[4,7,10],"killed_by":"Large Slime","ascension_level":20}