{"gold_per_floor":[12,12,25,38,54,83,83,118,169,169,187,201,201,215,215,315,315,325,325,96,106,125,125,158,158,158,158,168,168,187,219,219,315,365,378,391,439,94,109,140,152,152,152,27,44,58,78,110,110,110],"floor_reached":51,"playtime":5144,"items_purged":["Defend_G","Writhe","Defend_G"],"score":813,"play_id":"c9ac75a6-a390-4f85-8baf-da2436473ced","local_time":"20181012225416","is_ascension_mode":false,"campfire_choices":[{"floor":7.0,"key":"REST"},{"data":"Blade Dance","floor":10.0,"key":"SMITH"},{"data":"Finisher","floor":15.0,"key":"SMITH"},{"data":"Adrenaline","floor":23,"key":"SMITH"},{"data":"Survivor","floor":25,"key":"SMITH"},{"data":"Noxious Fumes","floor":32,"key":"SMITH"},{"data":"Tools of the Trade","floor":42,"key":"SMITH"},{"data":"Neutralize","floor":49,"key":"SMITH"}],"neow_cost":"NO_GOLD","seed_source_timestamp":0,"circlet_count":0,"master_deck":["Defend_G","Defend_G","Defend_G","Strike_G","Strike_G","Strike_G","Strike_G","Survivor+1","Neutralize+1","Venomology","Finisher+1","Flying Knee","Crippling Poison+1","Backflip","Blade Dance+1","Acrobatics+1","Underhanded Strike","PiercingWail","Endless Agony","Adrenaline+1","Infinite Blades","Skewer+1","Backstab+1","Terror+1","Noxious Fumes+1","Tools of the Trade+1","Underhanded Strike+1","Dagger Throw+1","Finesse","Predator+1","Backflip+1","Prepared+1","Backflip+1"],"special_seed":0,"relics":["Ring of the Snake","Lantern","Ornamental Fan","Oddly Smooth Stone","Ancient Tea Set","Black Star","MutagenicStrength","Bag of Marbles","War Paint","Blood Vial","Mercury Hourglass","Ninja Scroll","Paper Crane","Question Card","Tiny House","Ice Cream","Anchor","Tingsha","StoneCalendar","Vajra","Toxic Egg 2","Letter Opener"],"potions_floor_usage":[31,33,33,39,48,50,50,50],"damage_taken":[{"damage":0.0,"enemies":"Small Slimes","floor":1.0,"turns":4.0},{"damage":0.0,"enemies":"2 Louse","floor":3.0,"turns":1.0},{"damage":1.0,"enemies":"Cultist","floor":4.0,"turns":4.0},{"damage":0.0,"enemies":"2 Fungi Beasts","floor":5.0,"turns":3.0},{"damage":19.0,"enemies":"3 Sentries","floor":6.0,"turns":9.0},{"damage":13.0,"enemies":"Lagavulin","floor":8.0,"turns":5.0},{"damage":0.0,"enemies":"3 Louse","floor":11.0,"turns":2.0},{"damage":3.0,"enemies":"Red Slaver","floor":12.0,"turns":3.0},{"damage":1.0,"enemies":"Exordium Wildlife","floor":14.0,"turns":4.0},{"damage":25.0,"enemies":"The Guardian","floor":16.0,"turns":9.0},{"damage":0,"enemies":"3 Byrds","floor":18,"turns":6},{"damage":2,"enemies":"Spheric Guardian","floor":21,"turns":3},{"damage":0,"enemies":"Centurion and Healer","floor":22,"turns":1},{"damage":0,"enemies":"Book of Stabbing","floor":24,"turns":2},{"damage":0,"enemies":"Snecko","floor":28,"turns":1},{"damage":0,"enemies":"Snake Plant","floor":30,"turns":1},{"damage":1,"enemies":"Slavers","floor":31,"turns":4},{"damage":0,"enemies":"Collector","floor":33,"turns":4},{"damage":0,"enemies":"3 Darklings","floor":35,"turns":2},{"damage":3,"enemies":"3 Shapes","floor":36,"turns":2},{"damage":8,"enemies":"Mysterious Sphere","floor":37,"turns":2},{"damage":24,"enemies":"Maw","floor":39,"turns":6},{"damage":0,"enemies":"Nemesis","floor":40,"turns":1},{"damage":0,"enemies":"Sphere and 2 Shapes","floor":41,"turns":2},{"damage":0,"enemies":"Spire Growth","floor":45,"turns":2},{"damage":0,"enemies":"Maw","floor":46,"turns":4},{"damage":1,"enemies":"4 Shapes","floor":47,"turns":2},{"damage":9,"enemies":"Giant Head","floor":48,"turns":4},{"damage":19,"enemies":"Awakened One","floor":50,"turns":7}],"seed_played":"-8946739607144735432","potions_obtained":[{"floor":8.0,"key":"Dexterity Potion"},{"floor":12.0,"key":"Fruit Juice"},{"floor":16.0,"key":"Block Potion"},{"floor":24,"key":"Dexterity Potion"},{"floor":31,"key":"Energy Potion"},{"floor":33,"key":"Weak Potion"},{"floor":34,"key":"SkillPotion"},{"floor":46,"key":"SmokeBomb"},{"floor":48,"key":"Poison Potion"}],"is_trial":false,"path_per_floor":["M","?","M","M","M","E","R","E","T","R","M","M","?","M","R","B",null,"M","?","$","M","M","R","E","R","T","?","M","?","M","E","R","B",null,"M","M","?","$","M","E","M","R","T","$","M","M","M","E","R","B"],"character_chosen":"THE_SILENT","items_purchased":["Bag of Marbles","Finesse","Anchor"],"campfire_rested":1,"item_purchase_floors":[20,38,38],"current_hp_per_floor":[70,63,63,62,62,43,64,51,51,51,51,48,53,52,52,27,75,75,75,75,73,73,73,73,73,73,73,75,75,75,74,74,75,80,80,77,71,71,49,51,53,53,53,53,55,57,58,51,51,34],"gold":110,"neow_bonus":"THREE_RARE_CARDS","is_prod":false,"is_daily":false,"chose_seed":false,"campfire_upgraded":7,"win_rate":0.0,"timestamp":1539395656,"path_taken":["M","?","M","M","M","E","R","E","T","R","M","?","?","M","R","BOSS","M","?","$","M","M","R","E","R","T","?","M","?","?","E","R","BOSS","M","M","?","$","M","E","M","R","T","$","M","M","?","E","R","BOSS"],"build_version":"2018-10-11","purchased_purges":3,"victory":true,"max_hp_per_floor":[70,70,70,70,70,70,70,70,70,70,70,70,75,75,75,75,75,75,75,75,75,75,75,75,75,75,75,75,75,75,75,75,75,80,80,80,80,80,80,80,80,80,80,80,80,80,80,80,80,80],"card_choices":[{"not_picked":["Wraith Form v2","After Image"],"picked":"Venomology","floor":0.0},{"not_picked":["Prepared","Dagger Throw"],"picked":"Finisher","floor":1.0},{"not_picked":["Dagger Throw","Sucker Punch"],"picked":"Flying Knee","floor":3.0},{"not_picked":["After Image","Dagger Spray"],"picked":"Crippling Poison","floor":4.0},{"not_picked":["Finisher","Dagger Throw"],"picked":"Backflip","floor":5.0},{"not_picked":["Die Die Die","Underhanded Strike"],"picked":"Blade Dance","floor":6.0},{"not_picked":["Deadly Poison","Dodge and Roll"],"picked":"Acrobatics","floor":8.0},{"not_picked":["Blade Dance","Blur"],"picked":"Underhanded Strike","floor":11.0},{"not_picked":["Wraith Form v2","Deflect"],"picked":"PiercingWail","floor":12.0},{"not_picked":["Dodge and Roll","Leg Sweep"],"picked":"Endless Agony","floor":14.0},{"not_picked":["Die Die Die","Unload"],"picked":"Adrenaline","floor":16.0},{"not_picked":["Escape Plan","Deflect","Expertise"],"picked":"SKIP","floor":18},{"not_picked":["Outmaneuver","Blade Dance"],"picked":"Infinite Blades","floor":21},{"not_picked":["Leg Sweep+1","Deflect","Quick Slash"],"picked":"SKIP","floor":22},{"not_picked":["Deadly Poison","Poisoned Stab"],"picked":"Skewer+1","floor":24},{"not_picked":["Bouncing Flask","Skewer","Underhanded Strike"],"picked":"SKIP","floor":28},{"not_picked":["Flechettes","Riddle With Holes+1"],"picked":"Terror+1","floor":30},{"not_picked":["Backflip","Skewer"],"picked":"Noxious Fumes","floor":31},{"not_picked":["Die Die Die","Adrenaline","Burst"],"picked":"Tools of the Trade","floor":33},{"not_picked":["Masterful Stab+1","Caltrops+1","Crippling Poison","Outmaneuver"],"picked":"SKIP","floor":35},{"not_picked":["Quick Slash","Flying Knee","Outmaneuver"],"picked":"Underhanded Strike+1","floor":36},{"not_picked":["Footwork","Poisoned Stab+1","Acrobatics+1"],"picked":"Dagger Throw+1","floor":37},{"not_picked":["Bullet Time","Masterful Stab","Dagger Throw","Deflect"],"picked":"SKIP","floor":39},{"not_picked":["Dagger Throw+1","Backflip+1","Unload"],"picked":"Predator+1","floor":40},{"not_picked":["Poisoned Stab","Flying Knee","Quick Slash"],"picked":"Backflip+1","floor":41},{"not_picked":["Dodge and Roll","Prepared","Acrobatics","Flying Knee+1"],"picked":"SKIP","floor":45},{"not_picked":["Caltrops+1","Footwork","Dagger Throw+1"],"picked":"Prepared+1","floor":46},{"not_picked":["Dash+1","Calculated Gamble+1","Dodge and Roll","Flying Knee"],"picked":"SKIP","floor":47},{"not_picked":["Phantasmal Killer","Underhanded Strike","Deflect"],"picked":"Backflip+1","floor":48}],"player_experience":17323,"relics_obtained":[{"floor":6.0,"key":"Ornamental Fan"},{"floor":8.0,"key":"Oddly Smooth Stone"},{"floor":9.0,"key":"Ancient Tea Set"},{"floor":24,"key":"War Paint"},{"floor":24,"key":"Blood Vial"},{"floor":26,"key":"Mercury Hourglass"},{"floor":31,"key":"Paper Crane"},{"floor":31,"key":"Question Card"},{"floor":37,"key":"Ice Cream"},{"floor":40,"key":"Tingsha"},{"floor":40,"key":"StoneCalendar"},{"floor":43,"key":"Vajra"},{"floor":48,"key":"Toxic Egg 2"},{"floor":48,"key":"Letter Opener"}],"event_choices":[{"event_name":"Scrap Ooze","player_choice":"success","floor":2.0,"damage_taken":7.0},{"event_name":"Living Wall","player_choice":"Forget","floor":13.0,"damage_taken":0.0},{"event_name":"Drug Dealer","player_choice":"Inject Mutagens","floor":19,"damage_taken":0},{"event_name":"The Mausoleum","player_choice":"Yes","floor":27,"damage_taken":0},{"event_name":"The Library","player_choice":"Read","floor":29,"damage_taken":0},{"event_name":"Mysterious Sphere","player_choice":"Fight","floor":37,"damage_taken":0}],"is_beta":false,"boss_relics":[{"not_picked":["Orrery","Astrolabe"],"picked":"Black Star"},{"not_picked":["Snecko Eye","Sozu"],"picked":"Tiny House"}],"items_purged_floors":[20,38,44],"is_endless":false,"potions_floor_spawned":[8,11,12,16,22,24,31,33,36,37,46,48],"ascension_level":0}