{"gold_per_floor":[115,6,6,18,18,47,47,81,81,91,103,121,155,141,141,141],"floor_reached":16,"playtime":1544,"items_purged":["Strike_R"],"score":134,"play_id":"05c80f03-ecbf-4526-ada4-d374c6e9bb55","local_time":"20190219013942","is_ascension_mode":true,"campfire_choices":[{"floor":7,"key":"RECALL"},{"floor":15,"key":"REST"}],"neow_cost":"NONE","seed_source_timestamp":2655261191007378,"circlet_count":0,"master_deck":["Strike_R","Strike_R","Strike_R","Strike_R","Defend_R","Defend_R","Defend_R","Defend_R","Bash","Finesse","Spot Weakness","Seeing Red","Shrug It Off","Headbutt","Inflame","Shrug It Off","Corruption","Headbutt"],"relics":["Burning Blood","Gambling Chip","Ornamental Fan","Kunai"],"potions_floor_usage":[6,6,8,8],"damage_taken":[{"damage":9,"enemies":"Jaw Worm","floor":1,"turns":4},{"damage":5,"enemies":"2 Louse","floor":4,"turns":2},{"damage":29,"enemies":"Lagavulin","floor":6,"turns":9},{"damage":52,"enemies":"Gremlin Nob","floor":8,"turns":5},{"damage":0,"enemies":"Cultist","floor":10,"turns":3},{"damage":4,"enemies":"Large Slime","floor":11,"turns":6},{"damage":5,"enemies":"Gremlin Gang","floor":12,"turns":4},{"damage":10,"enemies":"3 Sentries","floor":13,"turns":8},{"damage":4,"enemies":"Exordium Thugs","floor":14,"turns":4},{"damage":47,"enemies":"Slime Boss","floor":16,"turns":11}],"seed_played":"6075734796527200983","potions_obtained":[{"floor":1,"key":"Energy Potion"},{"floor":5,"key":"Regen Potion"},{"floor":5,"key":"PowerPotion"},{"floor":6,"key":"PowerPotion"},{"floor":11,"key":"GamblersBrew"},{"floor":14,"key":"SmokeBomb"}],"is_trial":false,"path_per_floor":["M","$","?","M","?","E","R","E","T","M","M","M","E","M","R","B"],"character_chosen":"IRONCLAD","items_purchased":["Seeing Red"],"campfire_rested":1,"item_purchase_floors":[2],"current_hp_per_floor":[77,77,77,78,78,55,55,14,14,20,22,23,19,21,45,0],"gold":141,"neow_bonus":"RANDOM_COLORLESS","is_prod":false,"is_daily":false,"chose_seed":false,"campfire_upgraded":0,"win_rate":0,"timestamp":1550540382,"path_taken":["M","$","?","M","?","E","R","E","T","?","M","M","E","M","R","BOSS"],"build_version":"2019-01-23","purchased_purges":1,"victory":false,"max_hp_per_floor":[80,80,80,80,80,80,80,80,80,80,80,80,80,80,80,80],"card_choices":[{"not_picked":["Flex","Clothesline"],"picked":"Spot Weakness","floor":1},{"not_picked":["Iron Wave","Sword Boomerang"],"picked":"Shrug It Off","floor":4},{"not_picked":["Seeing Red","Warcry"],"picked":"Headbutt","floor":6},{"not_picked":["Heavy Blade","Bludgeon","Wild Strike"],"picked":"SKIP","floor":8},{"not_picked":["Twin Strike","Sever Soul"],"picked":"Inflame","floor":10},{"not_picked":["Pommel Strike","Heavy Blade","Perfected Strike"],"picked":"SKIP","floor":11},{"not_picked":["Sentinel","Warcry"],"picked":"Shrug It Off","floor":12},{"not_picked":["Wild Strike","Searing Blow"],"picked":"Corruption","floor":13},{"not_picked":["Dropkick","Wild Strike"],"picked":"Headbutt","floor":14}],"player_experience":975041,"relics_obtained":[{"floor":6,"key":"Gambling Chip"},{"floor":8,"key":"Ornamental Fan"},{"floor":13,"key":"Kunai"}],"event_choices":[{"damage_healed":0,"gold_gain":0,"player_choice":"Leave","damage_taken":0,"max_hp_gain":0,"max_hp_loss":0,"event_name":"The Cleric","floor":3,"gold_loss":0},{"damage_healed":0,"gold_gain":0,"player_choice":"Got Potions","damage_taken":0,"max_hp_gain":0,"max_hp_loss":0,"event_name":"Lab","floor":5,"gold_loss":0}],"is_beta":false,"boss_relics":[],"items_purged_floors":[2],"is_endless":false,"potions_floor_spawned":[1,6,11,14],"killed_by":"Slime Boss","ascension_level":2}