{"gold_per_floor":[111,111,125,125,144,144,144,144,144,159,197,211,211,235,235,235],"floor_reached":16,"playtime":434,"items_purged":[],"score":189,"play_id":"066f3714-b42f-4d20-beeb-bec12d3cd573","local_time":"20180830163710","is_ascension_mode":true,"campfire_choices":[{"data":"Crippling Poison","floor":6,"key":"SMITH"},{"data":"Corpse Explosion","floor":8,"key":"SMITH"},{"data":"Cloak And Dagger","floor":15,"key":"SMITH"}],"neow_cost":"NONE","seed_source_timestamp":1358544614497480,"circlet_count":0,"master_deck":["Defend_G","Defend_G","Defend_G","Defend_G","Defend_G","Strike_G+1","Strike_G","Strike_G","Strike_G","Strike_G+1","Survivor","Neutralize+1","AscendersBane","Corpse Explosion+1","Cloak And Dagger+1","Crippling Poison+1","Heel Hook","Cloak And Dagger"],"relics":["Ring of the Snake","Golden Idol","Omamori","Whetstone"],"potions_floor_usage":[11,12,12,16],"damage_taken":[{"damage":4,"enemies":"Jaw Worm","floor":1,"turns":6},{"damage":0,"enemies":"2 Louse","floor":3,"turns":1},{"damage":0,"enemies":"Cultist","floor":5,"turns":4},{"damage":2,"enemies":"Looter","floor":10,"turns":4},{"damage":39,"enemies":"Gremlin Nob","floor":11,"turns":5},{"damage":0,"enemies":"Blue Slaver","floor":12,"turns":2},{"damage":0,"enemies":"2 Fungi Beasts","floor":14,"turns":2},{"damage":18,"enemies":"Slime Boss","floor":16,"turns":3}],"seed_played":"1862941348238279779","potions_obtained":[{"floor":5,"key":"Poison Potion"},{"floor":10,"key":"FearPotion"},{"floor":11,"key":"Fire Potion"},{"floor":14,"key":"Strength Potion"}],"is_trial":false,"path_per_floor":["M","?","M","?","M","R","?","R","T","M","E","M","?","M","R"],"character_chosen":"THE_SILENT","items_purchased":[],"campfire_rested":0,"item_purchase_floors":[],"current_hp_per_floor":[55,55,55,55,55,55,55,55,55,53,14,14,14,14,14,0],"gold":235,"neow_bonus":"ONE_RANDOM_RARE_CARD","is_prod":false,"is_daily":false,"chose_seed":false,"campfire_upgraded":3,"win_rate":0,"timestamp":1535668630,"path_taken":["M","?","M","?","M","R","?","R","T","M","E","M","?","M","R","BOSS"],"build_version":"2018-08-29","purchased_purges":0,"victory":false,"max_hp_per_floor":[66,60,60,60,60,60,60,60,60,60,60,60,60,60,60,60],"card_choices":[{"not_picked":["Quick Slash","Dodge and Roll"],"picked":"Cloak And Dagger","floor":1},{"not_picked":["Poisoned Stab","Backstab"],"picked":"Crippling Poison","floor":3},{"not_picked":["Corpse Explosion","Dodge and Roll","Outmaneuver"],"picked":"SKIP","floor":5},{"not_picked":["Infinite Blades","Acrobatics","Calculated Gamble"],"picked":"SKIP","floor":10},{"not_picked":["Prepared","Dagger Throw"],"picked":"Heel Hook","floor":11},{"not_picked":["Prepared","Outmaneuver"],"picked":"Cloak And Dagger","floor":12},{"not_picked":["Expertise","Deflect","Underhanded Strike"],"picked":"SKIP","floor":14}],"player_experience":1005733,"relics_obtained":[{"floor":9,"key":"Omamori"},{"floor":11,"key":"Whetstone"}],"event_choices":[{"event_name":"Golden Idol","player_choice":"Lose Max HP","floor":2,"damage_taken":0},{"event_name":"Upgrade Shrine","player_choice":"Upgraded","floor":4,"damage_taken":0},{"event_name":"Scrap Ooze","player_choice":"unsuccessful","floor":7,"damage_taken":0},{"event_name":"Golden Wing","player_choice":"Ignored","floor":13,"damage_taken":0}],"is_beta":true,"boss_relics":[],"items_purged_floors":[],"is_endless":false,"potions_floor_spawned":[5,10,11,14],"killed_by":"Slime Boss","ascension_level":17}