{"gold_per_floor":[118,22,22,97,97,125,125,159,159,170,170,95,95,123,123,226,226,236,37,37,37,0,0,0,32,32,44,54,54,54,70,70,168,168,178,178,190,52,52],"floor_reached":39,"playtime":3221,"items_purged":["Strike_B+1","Dualcast"],"score":477,"play_id":"01322199-da5a-4a85-9fd6-d7fc346880a7","local_time":"20190126031240","is_ascension_mode":true,"campfire_choices":[{"data":"Purity","floor":7,"key":"SMITH"},{"floor":11,"key":"REST"},{"data":"Coolheaded","floor":13,"key":"SMITH"},{"data":"Cold Snap","floor":15,"key":"SMITH"},{"data":"Echo Form","floor":23,"key":"SMITH"},{"data":"Hello World","floor":30,"key":"SMITH"},{"data":"Hello World","floor":32,"key":"SMITH"}],"neow_cost":"NONE","seed_source_timestamp":217080143780616,"circlet_count":0,"master_deck":["Purity+1","Coolheaded","Coolheaded+1","Go for the Eyes","Cold Snap+1","Echo Form+1","Aggregate","Steam Power","Genetic Algorithm","Tempest","Hello World+1","Gash+1","Hello World+1","Hologram+1","Go for the Eyes+1","Gash+1","Creative AI","Cold Snap+1","BootSequence","FTL"],"relics":["Cracked Core","Whetstone","Shuriken","Boot","Happy Flower","Pandora\u0027s Box","Runic Capacitor","Nilry\u0027s Codex","Matryoshka","The Courier","Dream Catcher","Gremlin Horn","Busted Crown"],"potions_floor_usage":[18,27,31],"damage_taken":[{"damage":1,"enemies":"Cultist","floor":1,"turns":4},{"damage":41,"enemies":"Lagavulin","floor":6,"turns":7},{"damage":7,"enemies":"3 Sentries","floor":8,"turns":12},{"damage":0,"enemies":"2 Louse","floor":10,"turns":1},{"damage":2,"enemies":"Lagavulin","floor":14,"turns":9},{"damage":7,"enemies":"The Guardian","floor":16,"turns":13},{"damage":16,"enemies":"3 Byrds","floor":18,"turns":5},{"damage":29,"enemies":"Book of Stabbing","floor":25,"turns":7},{"damage":7,"enemies":"Shell Parasite","floor":27,"turns":9},{"damage":28,"enemies":"Cultist and Chosen","floor":28,"turns":7},{"damage":10,"enemies":"Shelled Parasite and Fungi","floor":31,"turns":6},{"damage":50,"enemies":"Collector","floor":33,"turns":6},{"damage":26,"enemies":"Orb Walker","floor":35,"turns":4},{"damage":40,"enemies":"3 Darklings","floor":37,"turns":6},{"damage":26,"enemies":"Transient","floor":39,"turns":2}],"seed_played":"8764346860995416585","potions_obtained":[{"floor":8,"key":"SpeedPotion"},{"floor":18,"key":"Strength Potion"},{"floor":25,"key":"Regen Potion"},{"floor":28,"key":"Weak Potion"}],"is_trial":false,"path_per_floor":["M","$","?","?","?","E","R","E","T","M","R","$","R","E","R","B",null,"M","$","?","?","?","R","?","E","T","M","M","?","R","M","R","B",null,"M","?","M","$","M"],"character_chosen":"DEFECT","items_purchased":["Purity","Runic Capacitor","FTL"],"campfire_rested":1,"item_purchase_floors":[2,19,38],"current_hp_per_floor":[81,81,65,54,54,13,13,6,6,6,30,30,30,28,28,21,82,66,66,66,50,50,50,50,21,21,29,1,92,92,82,82,32,92,66,66,26,26,0],"gold":52,"neow_bonus":"TEN_PERCENT_HP_BONUS","is_prod":false,"is_daily":false,"chose_seed":false,"campfire_upgraded":6,"win_rate":0,"timestamp":1548468760,"path_taken":["M","$","?","?","?","E","R","E","T","?","R","$","R","E","R","BOSS","M","$","?","?","?","R","?","E","T","?","M","?","R","M","R","BOSS","M","?","M","$","M"],"build_version":"2019-01-23","purchased_purges":2,"victory":false,"max_hp_per_floor":[82,82,82,82,82,82,82,82,82,82,82,82,82,82,82,82,82,82,82,82,82,82,82,82,82,82,82,82,92,92,92,92,92,92,92,92,92,92,92],"card_choices":[{"not_picked":["Gash","Turbo","Rebound"],"picked":"SKIP","floor":1},{"not_picked":["Blizzard","Compile Driver"],"picked":"Coolheaded","floor":6},{"not_picked":["Genetic Algorithm","Doom and Gloom"],"picked":"Coolheaded","floor":8},{"not_picked":["Ball Lightning","Hologram"],"picked":"Go for the Eyes","floor":10},{"not_picked":["Go for the Eyes","Lockon"],"picked":"Cold Snap","floor":14},{"not_picked":["Thunder Strike","Seek"],"picked":"Echo Form","floor":16},{"not_picked":["Darkness","Melter"],"picked":"Gash+1","floor":18},{"not_picked":["Turbo","Hologram"],"picked":"Hello World","floor":25},{"not_picked":["Leap+1","Lockon"],"picked":"Hologram+1","floor":27},{"not_picked":["Stack","Reprogram"],"picked":"Go for the Eyes+1","floor":28},{"not_picked":["Coolheaded","Sweeping Beam"],"picked":"Gash+1","floor":31},{"not_picked":["Core Surge","Echo Form"],"picked":"Creative AI","floor":33},{"not_picked":[],"picked":"Cold Snap+1","floor":35},{"not_picked":[],"picked":"BootSequence","floor":37}],"player_experience":84244,"relics_obtained":[{"floor":6,"key":"Whetstone"},{"floor":8,"key":"Shuriken"},{"floor":9,"key":"Boot"},{"floor":14,"key":"Happy Flower"},{"floor":21,"key":"Nilry\u0027s Codex"},{"floor":25,"key":"The Courier"},{"floor":26,"key":"Dream Catcher"},{"floor":26,"key":"Gremlin Horn"}],"event_choices":[{"damage_healed":0,"gold_gain":0,"player_choice":"Entered Light","damage_taken":16,"max_hp_gain":0,"max_hp_loss":0,"event_name":"Shining Light","floor":3,"gold_loss":0,"cards_upgraded":["Strike_B","Defend_B"]},{"damage_healed":0,"gold_gain":75,"player_choice":"Gather Gold","damage_taken":11,"max_hp_gain":0,"max_hp_loss":0,"event_name":"World of Goop","floor":4,"gold_loss":0},{"cards_removed":["Strike_B"],"damage_healed":0,"gold_gain":0,"player_choice":"Purged","damage_taken":0,"max_hp_gain":0,"max_hp_loss":0,"event_name":"Purifier","floor":5,"gold_loss":0},{"damage_healed":0,"gold_gain":0,"player_choice":"Ignored","damage_taken":0,"max_hp_gain":0,"max_hp_loss":0,"event_name":"Vampires","floor":20,"gold_loss":0},{"damage_healed":0,"gold_gain":0,"player_choice":"Obtained Book","damage_taken":16,"max_hp_gain":0,"max_hp_loss":0,"event_name":"Cursed Tome","floor":21,"gold_loss":0},{"damage_healed":0,"gold_gain":0,"player_choice":"Paid Fearfully","damage_taken":0,"max_hp_gain":0,"max_hp_loss":0,"event_name":"Masked Bandits","floor":22,"gold_loss":37},{"damage_healed":0,"gold_gain":0,"player_choice":"Gave Potion","damage_taken":0,"relics_obtained":["Matryoshka"],"max_hp_gain":0,"max_hp_loss":0,"event_name":"WeMeetAgain","floor":24,"gold_loss":0},{"cards_removed":["Buffer"],"damage_healed":81,"gold_gain":0,"player_choice":"Offered Rare","damage_taken":0,"max_hp_gain":10,"max_hp_loss":0,"event_name":"Bonfire Elementals","floor":29,"gold_loss":0},{"cards_removed":["Zap"],"damage_healed":0,"gold_gain":0,"player_choice":"Purged","damage_taken":0,"max_hp_gain":0,"max_hp_loss":0,"event_name":"Purifier","floor":36,"gold_loss":0}],"is_beta":false,"boss_relics":[{"not_picked":["Coffee Dripper","Fusion Hammer"],"picked":"Pandora\u0027s Box"},{"not_picked":["Runic Pyramid","Orrery"],"picked":"Busted Crown"}],"items_purged_floors":[12,38],"is_endless":false,"potions_floor_spawned":[8,18,25,28],"killed_by":"Transient","ascension_level":2}