{"gold_per_floor":[118,268,278,296,41,41,101,101,127,153,183,183,183,194,194,271,271,286,286,36,50,68,68,85,85,85,135,168,178,193,29,29,104,104,120,133,29,29,29,29,62,72,72,104,104,116,116,128,128,128,128,128,128,21,54,54],"floor_reached":56,"playtime":3711,"items_purged":["Doubt","Strike_B","Strike_B","Strike_B","Strike_B"],"score":2320,"play_id":"663596f7-5ba7-49d1-a464-47313322f766","local_time":"20190218175909","is_ascension_mode":true,"campfire_choices":[{"data":"Zap","floor":6,"key":"SMITH"},{"data":"Ball Lightning","floor":8,"key":"SMITH"},{"data":"1","floor":13,"key":"LIFT"},{"data":"2","floor":15,"key":"LIFT"},{"data":"Defragment","floor":23,"key":"SMITH"},{"data":"3","floor":25,"key":"LIFT"},{"floor":32,"key":"REST"},{"data":"Defragment","floor":40,"key":"SMITH"},{"floor":45,"key":"RECALL"},{"floor":47,"key":"REST"},{"data":"Biased Cognition","floor":49,"key":"SMITH"},{"data":"Reinforced Body","floor":53,"key":"SMITH"}],"neow_cost":"NONE","seed_source_timestamp":424095909559000,"circlet_count":0,"master_deck":["AscendersBane","Defend_B","Defend_B","Defend_B","Defend_B+1","Zap+1","Dualcast","Ball Lightning+1","Reinforced Body+1","Conserve Battery+1","Glacier","Glacier","Echo Form","Conserve Battery+1","Defragment+1","Coolheaded+1","Coolheaded+1","Conserve Battery+1","White Noise+1","BootSequence+1","Defragment+1","Ball Lightning","Biased Cognition+1","Hologram+1","Blizzard+1","Echo Form","Glacier+1","Capacitor"],"relics":["Cracked Core","Smiling Mask","War Paint","Tiny Chest","Bag of Marbles","Toxic Egg 2","Girya","Nuclear Battery","Calipers","Oddly Smooth Stone","Letter Opener","Bronze Scales","Snecko Eye","PreservedInsect","Kunai","Vajra","Boot"],"potions_floor_usage":[16,18,24,28,33,33,44,46,55,56],"damage_taken":[{"damage":0,"enemies":"2 Louse","floor":1,"turns":2},{"damage":2,"enemies":"Jaw Worm","floor":3,"turns":3},{"damage":0,"enemies":"Cultist","floor":4,"turns":3},{"damage":0,"enemies":"Lagavulin","floor":7,"turns":9},{"damage":0,"enemies":"3 Sentries","floor":11,"turns":9},{"damage":0,"enemies":"Looter","floor":14,"turns":3},{"damage":25,"enemies":"Slime Boss","floor":16,"turns":15},{"damage":13,"enemies":"3 Byrds","floor":18,"turns":7},{"damage":12,"enemies":"Chosen","floor":21,"turns":5},{"damage":0,"enemies":"Centurion and Healer","floor":22,"turns":10},{"damage":0,"enemies":"Cultist and Chosen","floor":24,"turns":5},{"damage":0,"enemies":"Book of Stabbing","floor":28,"turns":11},{"damage":20,"enemies":"Snake Plant","floor":29,"turns":2},{"damage":0,"enemies":"Chosen and Byrds","floor":30,"turns":6},{"damage":0,"enemies":"Champ","floor":33,"turns":14},{"damage":8,"enemies":"3 Darklings","floor":35,"turns":4},{"damage":0,"enemies":"3 Shapes","floor":36,"turns":5},{"damage":0,"enemies":"Nemesis","floor":41,"turns":9},{"damage":0,"enemies":"Spire Growth","floor":42,"turns":6},{"damage":0,"enemies":"Reptomancer","floor":44,"turns":7},{"damage":31,"enemies":"Jaw Worm Horde","floor":46,"turns":4},{"damage":0,"enemies":"Maw","floor":48,"turns":5},{"damage":0,"enemies":"Time Eater","floor":50,"turns":11},{"damage":4,"enemies":"Awakened One","floor":51,"turns":13},{"damage":16,"enemies":"Shield and Spear","floor":55,"turns":6},{"damage":50,"enemies":"The Heart","floor":56,"turns":3}],"seed_played":"-2953233834727775879","potions_obtained":[{"floor":3,"key":"SpeedPotion"},{"floor":4,"key":"Swift Potion"},{"floor":21,"key":"SpeedPotion"},{"floor":22,"key":"AttackPotion"},{"floor":28,"key":"SpeedPotion"},{"floor":29,"key":"Strength Potion"},{"floor":33,"key":"Regen Potion"},{"floor":39,"key":"GamblersBrew"},{"floor":42,"key":"Dexterity Potion"},{"floor":46,"key":"SteroidPotion"},{"floor":48,"key":"FairyPotion"},{"floor":55,"key":"SkillPotion"}],"is_trial":false,"path_per_floor":["M","?","M","M","$","R","E","R","T","T","E","T","R","M","R","B",null,"M","T","$","M","M","R","M","R","T","?","E","M","M","$","R","B",null,"M","M","$","?","?","R","E","M","T","E","R","M","R","M","R","B","B",null,"R","$","E","B"],"character_chosen":"DEFECT","items_purchased":["Glacier","War Paint","Defragment","Oddly Smooth Stone","Defragment","Ball Lightning","AttackPotion","AttackPotion"],"campfire_rested":2,"item_purchase_floors":[5,5,20,20,31,31,37,54],"current_hp_per_floor":[64,64,62,62,62,62,62,62,62,62,62,62,62,62,62,37,63,50,50,50,38,38,38,38,38,38,38,38,18,18,18,39,39,63,55,55,55,55,55,55,55,55,55,55,55,24,44,44,44,44,40,60,60,60,44,0],"gold":54,"neow_bonus":"RANDOM_COMMON_RELIC","is_prod":false,"is_daily":false,"chose_seed":false,"campfire_upgraded":6,"win_rate":0,"timestamp":1550537949,"path_taken":["M","?","M","M","$","R","E","R","T","?","E","?","R","M","R","BOSS","M","?","$","M","M","R","M","R","T","?","E","M","M","$","R","BOSS","M","M","$","?","?","R","E","M","T","E","R","?","R","M","R","BOSS","BOSS","R","$","E","BOSS"],"build_version":"2019-02-06","purchased_purges":5,"victory":false,"max_hp_per_floor":[71,71,71,71,71,71,71,71,71,71,71,71,71,71,71,71,71,71,71,71,71,71,71,71,71,71,71,71,71,71,71,71,71,71,71,71,71,67,67,67,67,67,67,67,67,67,67,67,67,67,67,67,67,67,67,67],"card_choices":[{"not_picked":["Sweeping Beam","Blizzard"],"picked":"Ball Lightning","floor":1},{"not_picked":["Storm","Coolheaded"],"picked":"Reinforced Body","floor":3},{"not_picked":["Hologram","Blizzard"],"picked":"Conserve Battery","floor":4},{"not_picked":["Cold Snap","Melter"],"picked":"Glacier","floor":7},{"not_picked":["Static Discharge","Streamline","Chaos"],"picked":"SKIP","floor":11},{"not_picked":["Double Energy+1","Turbo+1","Doom and Gloom"],"picked":"SKIP","floor":14},{"not_picked":["Amplify+1","Meteor Strike"],"picked":"Echo Form","floor":16},{"not_picked":["Melter","Reinforced Body+1"],"picked":"Conserve Battery+1","floor":18},{"not_picked":["FTL","Steam+1"],"picked":"Coolheaded+1","floor":21},{"not_picked":["Scrape","Force Field+1"],"picked":"Coolheaded+1","floor":22},{"not_picked":["Compile Driver","Aggregate+1"],"picked":"Conserve Battery+1","floor":24},{"not_picked":["Hyperbeam","Rebound"],"picked":"White Noise+1","floor":28},{"not_picked":["Aggregate+1","Cold Snap"],"picked":"BootSequence+1","floor":29},{"not_picked":["Turbo+1","Rip and Tear","Sunder"],"picked":"SKIP","floor":30},{"not_picked":["Machine Learning","Buffer"],"picked":"Biased Cognition","floor":33},{"not_picked":["Go for the Eyes","Streamline"],"picked":"Hologram+1","floor":35},{"not_picked":["Cold Snap","Hello World"],"picked":"Blizzard+1","floor":36},{"not_picked":["Storm+1","Recycle+1","Sunder"],"picked":"SKIP","floor":41},{"not_picked":["Double Energy+1","Self Repair","Turbo+1"],"picked":"SKIP","floor":42},{"not_picked":["Rip and Tear","Beam Cell"],"picked":"Echo Form","floor":44},{"not_picked":["Beam Cell+1","Ball Lightning","Redo+1"],"picked":"SKIP","floor":46},{"not_picked":["Gash","Conserve Battery+1"],"picked":"Glacier+1","floor":48},{"not_picked":["Rip and Tear","Steam+1"],"picked":"Capacitor","floor":55}],"player_experience":1347825,"relics_obtained":[{"floor":7,"key":"Tiny Chest"},{"floor":9,"key":"Bag of Marbles"},{"floor":11,"key":"Toxic Egg 2"},{"floor":12,"key":"Girya"},{"floor":19,"key":"Calipers"},{"floor":26,"key":"Letter Opener"},{"floor":28,"key":"Bronze Scales"},{"floor":41,"key":"PreservedInsect"},{"floor":43,"key":"Kunai"},{"floor":44,"key":"Vajra"},{"floor":55,"key":"Boot"}],"event_choices":[{"damage_healed":0,"gold_gain":150,"player_choice":"AGREE","damage_taken":0,"max_hp_gain":0,"max_hp_loss":0,"event_name":"Liars Game","floor":2,"gold_loss":0,"cards_obtained":["Doubt"]},{"damage_healed":0,"gold_gain":50,"player_choice":"Stole From Cult","damage_taken":0,"max_hp_gain":0,"max_hp_loss":0,"event_name":"Nest","floor":27,"gold_loss":0},{"damage_healed":0,"gold_gain":0,"player_choice":"Max HP","damage_taken":0,"max_hp_gain":0,"max_hp_loss":4,"event_name":"Winding Halls","floor":38,"gold_loss":0},{"damage_healed":0,"gold_gain":0,"player_choice":"Got Potions","damage_taken":0,"max_hp_gain":0,"max_hp_loss":0,"event_name":"Lab","floor":39,"gold_loss":0}],"is_beta":true,"boss_relics":[{"not_picked":["Tiny House","Busted Crown"],"picked":"Nuclear Battery"},{"not_picked":["White Beast Statue","Astrolabe"],"picked":"Snecko Eye"}],"items_purged_floors":[5,20,31,37,54],"is_endless":false,"potions_floor_spawned":[3,4,21,22,28,29,33,41,42,46,48,55],"killed_by":"The Heart","ascension_level":20}