{"gold_per_floor":[18,18,193,209,129,160,160,171,195,195,211,171,171,196,196,299,299,279,279,279,299,318,318,343,343,368,368],"floor_reached":27,"playtime":2678,"items_purged":[],"score":239,"play_id":"6bbe895a-5d56-4167-8d37-9c085a906e52","local_time":"20190124002632","is_ascension_mode":false,"campfire_choices":[{"data":"Creative AI","floor":7,"key":"SMITH"},{"data":"White Noise","floor":10,"key":"SMITH"},{"data":"Aggregate","floor":13,"key":"SMITH"},{"data":"Zap","floor":15,"key":"SMITH"},{"data":"Redo","floor":23,"key":"SMITH"},{"data":"Machine Learning","floor":25,"key":"SMITH"}],"neow_cost":"NO_GOLD","seed_source_timestamp":34841320216382,"circlet_count":0,"master_deck":["Strike_B","Strike_B","Strike_B","Strike_B","Defend_B","Defend_B","Defend_B","Defend_B","Zap+1","Dualcast","Creative AI+1","Aggregate+1","White Noise+1","Defragment","Go for the Eyes","Steam","Stack","Leap","Machine Learning+1","Chaos","Rebound","Redo+1","Leap+1"],"relics":["Cracked Core","Bag of Marbles","Bronze Scales","Ancient Tea Set","Coffee Dripper","Gambling Chip","Regal Pillow","Bag of Preparation"],"potions_floor_usage":[4,11,14,14,21,24,27],"damage_taken":[{"damage":0,"enemies":"2 Louse","floor":1,"turns":3},{"damage":7,"enemies":"Jaw Worm","floor":4,"turns":4},{"damage":44,"enemies":"3 Sentries","floor":6,"turns":5},{"damage":0,"enemies":"Cultist","floor":8,"turns":5},{"damage":8,"enemies":"3 Louse","floor":11,"turns":3},{"damage":45,"enemies":"Gremlin Nob","floor":14,"turns":5},{"damage":1,"enemies":"Hexaghost","floor":16,"turns":9},{"damage":28,"enemies":"2 Thieves","floor":18,"turns":5},{"damage":1,"enemies":"3 Byrds","floor":21,"turns":2},{"damage":20,"enemies":"Shelled Parasite and Fungi","floor":22,"turns":6},{"damage":15,"enemies":"Gremlin Leader","floor":24,"turns":4},{"damage":15,"enemies":"Slavers","floor":27,"turns":2}],"seed_played":"-497035397547319467","potions_obtained":[{"floor":1,"key":"Weak Potion"},{"floor":6,"key":"Swift Potion"},{"floor":12,"key":"FairyPotion"},{"floor":12,"key":"Energy Potion"},{"floor":12,"key":"SpeedPotion"},{"floor":16,"key":"Strength Potion"},{"floor":18,"key":"PowerPotion"},{"floor":22,"key":"Fire Potion"}],"is_trial":false,"path_per_floor":["M","?","?","M","$","E","R","M","T","R","M","?","R","E","R","B",null,"M","T","?","M","M","R","E","R","T","E"],"character_chosen":"DEFECT","items_purchased":["Defragment"],"campfire_rested":0,"item_purchase_floors":[5],"current_hp_per_floor":[75,75,75,68,68,24,24,24,24,24,16,16,16,7,7,6,75,47,47,47,46,26,26,11,11,11,0],"gold":368,"neow_bonus":"THREE_RARE_CARDS","is_prod":false,"is_daily":false,"chose_seed":false,"campfire_upgraded":6,"win_rate":0.0,"timestamp":1548285992,"path_taken":["M","?","?","?","?","E","R","M","T","R","M","?","R","E","R","BOSS","M","?","?","?","?","R","E","R","T","E"],"build_version":"2019-01-23","purchased_purges":0,"victory":false,"max_hp_per_floor":[75,75,75,75,75,75,75,75,75,75,75,75,75,75,75,75,75,75,75,75,75,75,75,75,75,75,75],"card_choices":[{"not_picked":["Thunder Strike","Meteor Strike"],"picked":"Creative AI","floor":0},{"not_picked":["Double Energy","Beam Cell"],"picked":"Aggregate","floor":1},{"not_picked":["Rebound","Beam Cell"],"picked":"White Noise","floor":4},{"not_picked":["Aggregate","Ball Lightning"],"picked":"Go for the Eyes","floor":6},{"not_picked":["Melter","Coolheaded"],"picked":"Steam","floor":8},{"not_picked":["Sweeping Beam","Biased Cognition"],"picked":"Stack","floor":11},{"not_picked":["Turbo","Chill"],"picked":"Leap","floor":14},{"not_picked":["Meteor Strike","Reboot"],"picked":"Machine Learning","floor":16},{"not_picked":["Steam","Steam Power"],"picked":"Chaos","floor":18},{"not_picked":["Turbo","Tempest"],"picked":"Rebound","floor":21},{"not_picked":["Skim","Gash"],"picked":"Redo","floor":22},{"not_picked":["Loop","Gash"],"picked":"Leap+1","floor":24}],"player_experience":15004,"relics_obtained":[{"floor":6,"key":"Bag of Marbles"},{"floor":9,"key":"Bronze Scales"},{"floor":14,"key":"Ancient Tea Set"},{"floor":19,"key":"Gambling Chip"},{"floor":24,"key":"Regal Pillow"},{"floor":26,"key":"Bag of Preparation"}],"event_choices":[{"damage_healed":0,"gold_gain":0,"player_choice":"Leave","damage_taken":0,"max_hp_gain":0,"max_hp_loss":0,"event_name":"The Cleric","floor":2,"gold_loss":0},{"damage_healed":0,"gold_gain":175,"player_choice":"AGREE","damage_taken":0,"max_hp_gain":0,"max_hp_loss":0,"event_name":"Liars Game","floor":3,"gold_loss":0,"cards_obtained":["Doubt"]},{"damage_healed":0,"gold_gain":0,"player_choice":"Bought 3 Potions","damage_taken":0,"max_hp_gain":0,"max_hp_loss":0,"event_name":"The Woman in Blue","floor":12,"gold_loss":0},{"cards_removed":["Doubt"],"damage_healed":0,"gold_gain":0,"player_choice":"Card Removal","damage_taken":0,"max_hp_gain":0,"max_hp_loss":0,"event_name":"Wheel of Change","floor":20,"gold_loss":0}],"is_beta":false,"boss_relics":[{"not_picked":["Orrery","Velvet Choker"],"picked":"Coffee Dripper"}],"items_purged_floors":[],"is_endless":false,"potions_floor_spawned":[1,6,16,18,22],"killed_by":"Slavers","ascension_level":0}