{"gold_per_floor":[13,27,77,88,102,102,116,149,149,27,46,46,22,32,32,107,107,126,126,146,165,165,165,199,199,224,241,19,19,47,0,0,73,73,85,102,102,102,155,55,55,84,107,126,1,13,29,29],"floor_reached":48,"playtime":2157,"items_purged":["Strike_B","Defend_B","Defend_B"],"score":1060,"play_id":"415e573e-e615-4d5e-a4b2-de58f8d3886d","local_time":"20180717163200","is_ascension_mode":true,"campfire_choices":[{"data":"Zap","floor":6,"key":"SMITH"},{"data":"Tempest","floor":12,"key":"SMITH"},{"data":"Hologram","floor":15,"key":"SMITH"},{"floor":23,"key":"REST"},{"data":"Stack","floor":25,"key":"SMITH"},{"data":"Defragment","floor":29,"key":"SMITH"},{"floor":32,"key":"REST"},{"data":"Biased Cognition","floor":41,"key":"SMITH"}],"neow_cost":"NO_GOLD","seed_source_timestamp":578433709962411,"circlet_count":0,"master_deck":["Defend_B","Defend_B","Zap+1","Dualcast+1","AscendersBane","Electrodynamics","Leap","Ball Lightning","Compile Driver","Stack+1","Tempest+1","Hologram+1","Ball Lightning","Ball Lightning","Glacier","Thunder Strike","Turbo+1","Conserve Battery+1","Hello World+1","Leap","Auto Shields+1","Ball Lightning+1","Defragment+1","Glacier","Loop","Biased Cognition+1","Ball Lightning+1","Stack","Discovery","Consume+1","Redo+1"],"relics":["Cracked Core","DataDisk","Pear","Astrolabe","Pantograph","Dream Catcher","Art of War","Meat on the Bone","Runic Dome","Shovel","Centennial Puzzle","Regal Pillow"],"potions_floor_usage":[4,8,11,16,21,30,35,47],"damage_taken":[{"damage":0,"enemies":"2 Louse","floor":1,"turns":1},{"damage":0,"enemies":"Cultist","floor":2,"turns":3},{"damage":3,"enemies":"Small Slimes","floor":4,"turns":2},{"damage":7,"enemies":"Looter","floor":5,"turns":3},{"damage":0,"enemies":"2 Fungi Beasts","floor":7,"turns":2},{"damage":0,"enemies":"3 Sentries","floor":8,"turns":3},{"damage":8,"enemies":"Lots of Slimes","floor":11,"turns":3},{"damage":13,"enemies":"3 Louse","floor":14,"turns":2},{"damage":0,"enemies":"Hexaghost","floor":16,"turns":9},{"damage":0,"enemies":"3 Byrds","floor":18,"turns":1},{"damage":22,"enemies":"2 Thieves","floor":20,"turns":2},{"damage":6,"enemies":"Snake Plant","floor":21,"turns":4},{"damage":21,"enemies":"Book of Stabbing","floor":24,"turns":6},{"damage":0,"enemies":"Sentry and Sphere","floor":27,"turns":5},{"damage":23,"enemies":"Gremlin Leader","floor":30,"turns":4},{"damage":44,"enemies":"Collector","floor":33,"turns":9},{"damage":8,"enemies":"Flame Bruiser 1 Orb","floor":35,"turns":4},{"damage":22,"enemies":"3 Darklings","floor":36,"turns":4},{"damage":25,"floor":39,"turns":4},{"damage":25,"enemies":"Nemesis","floor":42,"turns":5},{"damage":9,"enemies":"4 Shapes","floor":44,"turns":2},{"damage":20,"enemies":"Maw","floor":46,"turns":6},{"damage":19,"enemies":"Spire Growth","floor":47,"turns":5},{"damage":60,"enemies":"Giant Head","floor":48,"turns":6}],"seed_played":"5462100828574143460","potions_obtained":[{"floor":2,"key":"Explosive Potion"},{"floor":4,"key":"EssenceOfSteel"},{"floor":5,"key":"EssenceOfSteel"},{"floor":8,"key":"SpeedPotion"},{"floor":20,"key":"Poison Potion"},{"floor":27,"key":"PowerPotion"},{"floor":33,"key":"Swift Potion"},{"floor":35,"key":"Swift Potion"},{"floor":46,"key":"Block Potion"}],"is_trial":false,"path_per_floor":["M","M","?","M","M","R","M","E","T","$","M","R","$","M","R","B",null,"M","?","M","M","?","R","E","R","T","M","$","R","E","?","R","B",null,"M","M","?","?","?","$","R","E","T","M","$","M","M"],"character_chosen":"DEFECT","items_purchased":["Hologram","Ball Lightning","Art of War","Glacier"],"campfire_rested":2,"item_purchase_floors":[10,13,28,28],"current_hp_per_floor":[64,64,64,61,54,54,54,54,64,64,56,56,56,43,43,43,72,72,56,34,28,28,52,31,31,31,31,31,31,8,8,32,25,67,59,49,49,91,66,66,66,53,53,56,56,48,41,0],"gold":29,"neow_bonus":"THREE_RARE_CARDS","is_prod":false,"is_daily":false,"chose_seed":false,"campfire_upgraded":6,"win_rate":0,"timestamp":1531866720,"path_taken":["M","M","?","M","M","R","M","E","T","$","M","R","?","M","R","BOSS","M","?","M","M","?","R","E","R","T","M","$","R","E","?","R","BOSS","M","?","?","?","?","$","R","E","T","M","$","M","?","E"],"build_version":"2018-07-16","purchased_purges":3,"victory":false,"max_hp_per_floor":[71,71,71,71,71,71,71,71,81,81,81,81,81,81,81,81,81,81,81,81,81,81,81,81,81,81,81,81,81,81,81,81,81,81,81,81,81,91,91,91,91,91,91,91,91,91,91,91],"card_choices":[{"not_picked":["Creative AI","Seek"],"picked":"Electrodynamics","floor":0},{"not_picked":["Barrage","Blizzard"],"picked":"Leap","floor":1},{"not_picked":["Rebound","Double Energy"],"picked":"Ball Lightning","floor":2},{"not_picked":["Steam Power","Aggregate"],"picked":"Compile Driver","floor":4},{"not_picked":["Steam","Streamline"],"picked":"Stack","floor":5},{"not_picked":["Beam Cell","Rebound"],"picked":"Rainbow","floor":7},{"not_picked":["Darkness","Redo"],"picked":"Tempest","floor":8},{"not_picked":["Sweeping Beam","Go for the Eyes"],"picked":"Ball Lightning","floor":11},{"not_picked":["Rebound","Leap"],"picked":"Glacier","floor":14},{"not_picked":["Machine Learning","All For One"],"picked":"Thunder Strike","floor":16},{"not_picked":["Streamline","Steam"],"picked":"Leap","floor":18},{"not_picked":["Reprogram","Cold Snap","Genetic Algorithm"],"picked":"SKIP","floor":20},{"not_picked":["Gash","Aggregate"],"picked":"Auto Shields+1","floor":21},{"not_picked":["Hello World","Blizzard"],"picked":"Ball Lightning+1","floor":24},{"not_picked":["Rebound","Hologram"],"picked":"Defragment","floor":27},{"not_picked":["Go for the Eyes","Scrape","Chaos"],"picked":"SKIP","floor":30},{"not_picked":["Barrage","Go for the Eyes"],"picked":"Loop","floor":32},{"not_picked":["Buffer","Machine Learning"],"picked":"Biased Cognition","floor":33},{"not_picked":["Chill","Conserve Battery"],"picked":"Ball Lightning+1","floor":35},{"not_picked":["Doom and Gloom","Barrage"],"picked":"Stack","floor":36},{"not_picked":["Blind","PanicButton"],"picked":"Discovery","floor":37},{"not_picked":["Gash+1","Buffer"],"picked":"Consume+1","floor":42},{"not_picked":["Sweeping Beam","Turbo+1","Streamline"],"picked":"SKIP","floor":44},{"not_picked":["Sweeping Beam","Beam Cell+1","Rebound"],"picked":"SKIP","floor":46},{"not_picked":["Lockon+1","Hyperbeam"],"picked":"Redo+1","floor":47}],"player_experience":790462,"relics_obtained":[{"floor":8,"key":"DataDisk"},{"floor":9,"key":"Pear"},{"floor":24,"key":"Pantograph"},{"floor":26,"key":"Dream Catcher"},{"floor":30,"key":"Meat on the Bone"},{"floor":39,"key":"Shovel"},{"floor":42,"key":"Centennial Puzzle"},{"floor":43,"key":"Regal Pillow"}],"event_choices":[{"event_name":"Golden Shrine","player_choice":"Pray","floor":3,"damage_taken":0},{"event_name":"Knowing Skull","player_choice":"POTION ","floor":19,"damage_taken":0},{"event_name":"Upgrade Shrine","player_choice":"Upgraded","floor":22,"damage_taken":0},{"event_name":"Masked Bandits","player_choice":"Paid Bandits 47 gold","floor":31,"damage_taken":0},{"event_name":"SensoryStone","player_choice":"Memory 1","floor":37,"damage_taken":0},{"event_name":"Bonfire Elementals","player_choice":"RARE","floor":38,"damage_taken":0},{"event_name":"Mysterious Sphere","player_choice":"Fight","floor":39,"damage_taken":0}],"boss_relics":[{"not_picked":["Coffee Dripper","Tiny House"],"picked":"Astrolabe"},{"not_picked":["Runic Pyramid","Calling Bell"],"picked":"Runic Dome"}],"items_purged_floors":[10,40,45],"is_endless":false,"potions_floor_spawned":[2,4,5,8,20,27,33,35,46],"killed_by":"Giant Head","ascension_level":15}