{"gold_per_floor":[359,369,147,97,111,123,148,167,193,193,212,247,247,266,266,266],"floor_reached":16,"playtime":825,"items_purged":["Strike_R"],"score":120,"play_id":"09356f71-8b2a-4d03-a2d1-574888c12afe","local_time":"20181020105701","is_ascension_mode":true,"campfire_choices":[{"data":"Clothesline","floor":10,"key":"SMITH"},{"floor":15,"key":"REST"}],"neow_cost":"TEN_PERCENT_HP_LOSS","seed_source_timestamp":10764581851148,"circlet_count":0,"master_deck":["Strike_R","Strike_R","Strike_R","Defend_R","Defend_R","Defend_R","Defend_R","Bash","Warcry","True Grit","Clothesline+1","Fiend Fire","Spot Weakness"],"relics":["Burning Blood","Vajra","Strawberry","Bronze Scales","Ancient Tea Set"],"potions_floor_usage":[16],"damage_taken":[{"damage":13,"enemies":"Jaw Worm","floor":1,"turns":3},{"damage":0,"enemies":"Small Slimes","floor":2,"turns":4},{"damage":6,"enemies":"Cultist","floor":5,"turns":4},{"damage":9,"enemies":"2 Fungi Beasts","floor":6,"turns":4},{"damage":40,"enemies":"3 Sentries","floor":7,"turns":9},{"damage":0,"enemies":"Large Slime","floor":8,"turns":3},{"damage":5,"enemies":"3 Louse","floor":11,"turns":3},{"damage":20,"enemies":"Gremlin Nob","floor":12,"turns":4},{"damage":17,"enemies":"Lots of Slimes","floor":14,"turns":4},{"damage":48,"enemies":"The Guardian","floor":16,"turns":13}],"seed_played":"8537421043072074085","potions_obtained":[{"floor":5,"key":"Swift Potion"},{"floor":8,"key":"GamblersBrew"},{"floor":11,"key":"Explosive Potion"},{"floor":12,"key":"PowerPotion"}],"is_trial":false,"path_per_floor":["M","M","$","?","M","M","E","M","T","R","M","E","?","M","R"],"character_chosen":"IRONCLAD","items_purchased":["Vajra"],"campfire_rested":1,"item_purchase_floors":[3],"current_hp_per_floor":[65,71,71,71,71,68,41,47,47,47,48,34,34,23,46,0],"gold":266,"neow_bonus":"TWO_FIFTY_GOLD","is_prod":false,"is_daily":false,"chose_seed":false,"campfire_upgraded":1,"win_rate":0,"timestamp":1540043821,"path_taken":["M","M","$","?","M","M","E","M","T","R","M","E","?","?","R","BOSS"],"build_version":"2018-10-18","purchased_purges":1,"victory":false,"max_hp_per_floor":[72,72,72,72,72,72,79,79,79,79,79,79,79,79,79,79],"card_choices":[{"not_picked":["Body Slam","Havoc"],"picked":"Warcry","floor":1},{"not_picked":["Entrench","Reckless Charge"],"picked":"True Grit","floor":2},{"not_picked":["Disarm","Second Wind"],"picked":"Clothesline","floor":5},{"not_picked":["Perfected Strike","Headbutt","Armaments"],"picked":"SKIP","floor":6},{"not_picked":["Feel No Pain","Sword Boomerang"],"picked":"Fiend Fire","floor":7},{"not_picked":["Clash","Iron Wave","Clothesline"],"picked":"SKIP","floor":8},{"not_picked":["True Grit","Twin Strike","Havoc"],"picked":"SKIP","floor":11},{"not_picked":["Flex","Warcry"],"picked":"Spot Weakness","floor":12},{"not_picked":["Carnage","Thunderclap","Clash"],"picked":"SKIP","floor":14}],"player_experience":94944,"relics_obtained":[{"floor":7,"key":"Strawberry"},{"floor":9,"key":"Bronze Scales"},{"floor":12,"key":"Ancient Tea Set"}],"event_choices":[{"cards_removed":["Strike_R"],"damage_healed":0,"gold_gain":0,"player_choice":"Card Removal","damage_taken":0,"max_hp_gain":0,"max_hp_loss":0,"event_name":"The Cleric","floor":4,"gold_loss":50},{"damage_healed":0,"gold_gain":0,"player_choice":"Ignored","damage_taken":0,"max_hp_gain":0,"max_hp_loss":0,"event_name":"Golden Idol","floor":13,"gold_loss":0}],"is_beta":false,"boss_relics":[],"items_purged_floors":[3],"is_endless":false,"potions_floor_spawned":[5,8,11,12,14],"killed_by":"The Guardian","ascension_level":1}