{"gold_per_floor":[115,25,42,42,42,42,68,68,91,91,104,139,139,166,166,166],"floor_reached":16,"playtime":567,"items_purged":[],"score":268,"play_id":"fe5c3d7f-cfb2-4777-8734-8cb1fcc6636f","local_time":"20190101211853","is_ascension_mode":true,"campfire_choices":[{"data":"Footwork","floor":6,"key":"SMITH"},{"data":"Neutralize","floor":8,"key":"SMITH"},{"floor":13,"key":"REST"},{"data":"Blur","floor":15,"key":"SMITH"}],"neow_cost":"NONE","seed_source_timestamp":783043166829114,"circlet_count":0,"master_deck":["AscendersBane","Defend_G","Defend_G","Defend_G","Defend_G","Defend_G","Strike_G","Strike_G","Strike_G","Strike_G","Strike_G","Survivor","Neutralize+1","Footwork+1","Skewer+1","Dagger Throw","Escape Plan","Poisoned Stab","Acrobatics","Blur+1"],"relics":["Ring of the Snake","NeowsBlessing","Bag of Preparation","Regal Pillow","Bottled Tornado","Blood Vial"],"potions_floor_usage":[14,16],"damage_taken":[{"damage":0,"enemies":"Small Slimes","floor":1,"turns":1},{"damage":0,"enemies":"Cultist","floor":3,"turns":1},{"damage":0,"enemies":"Gremlin Nob","floor":7,"turns":1},{"damage":0,"enemies":"2 Louse","floor":11,"turns":3},{"damage":30,"enemies":"3 Sentries","floor":12,"turns":12},{"damage":22,"enemies":"Gremlin Nob","floor":14,"turns":4},{"damage":37,"enemies":"Slime Boss","floor":16,"turns":12}],"seed_played":"-3871822942436710192","potions_obtained":[{"floor":12,"key":"Poison Potion"},{"floor":14,"key":"SteroidPotion"}],"is_trial":false,"path_per_floor":["M","$","M","?","$","R","E","R","T","?","M","E","R","E","R","B"],"character_chosen":"THE_SILENT","items_purchased":["Skewer"],"campfire_rested":1,"item_purchase_floors":[2],"current_hp_per_floor":[59,59,59,59,59,59,59,59,59,50,50,20,54,32,32,0],"gold":166,"neow_bonus":"THREE_ENEMY_KILL","is_prod":false,"is_daily":false,"chose_seed":false,"campfire_upgraded":3,"win_rate":0,"timestamp":1546402733,"path_taken":["M","$","M","?","$","R","E","R","T","?","M","E","R","E","R","BOSS"],"build_version":"2019-01-01","purchased_purges":0,"victory":false,"max_hp_per_floor":[66,66,66,66,66,66,66,66,66,66,66,66,66,66,66,66],"card_choices":[{"not_picked":["PiercingWail","Well Laid Plans"],"picked":"Footwork","floor":1},{"not_picked":["Bane","Quick Slash"],"picked":"Dagger Throw","floor":3},{"not_picked":["Bouncing Flask","Tactician"],"picked":"Escape Plan","floor":7},{"not_picked":["Choke","Deadly Poison"],"picked":"Poisoned Stab","floor":11},{"not_picked":["Concentrate","Sucker Punch"],"picked":"Acrobatics","floor":12},{"not_picked":["Acrobatics","Slice"],"picked":"Blur","floor":14}],"player_experience":1182483,"relics_obtained":[{"floor":7,"key":"Bag of Preparation"},{"floor":9,"key":"Regal Pillow"},{"floor":12,"key":"Bottled Tornado"},{"floor":14,"key":"Blood Vial"}],"event_choices":[{"damage_healed":0,"gold_gain":0,"player_choice":"Grow","damage_taken":0,"max_hp_gain":0,"max_hp_loss":0,"event_name":"Living Wall","floor":4,"gold_loss":0,"cards_upgraded":["Skewer"]},{"damage_healed":0,"gold_gain":0,"player_choice":"Damaged","damage_taken":9,"max_hp_gain":0,"max_hp_loss":0,"event_name":"Wheel of Change","floor":10,"gold_loss":0}],"is_beta":true,"boss_relics":[],"items_purged_floors":[],"is_endless":false,"potions_floor_spawned":[12,14],"killed_by":"Slime Boss","ascension_level":18}