{"path_per_floor":["M","?","?","M","M","E","R","?","T","M","M","M","$","M","R","B",null,"M","?","?","M","?","R","E","R","T","M"],"character_chosen":"IRONCLAD","items_purchased":["Inflame+1","Body Slam"],"gold_per_floor":[113,38,38,55,71,103,103,103,182,200,211,225,28,41,41,115,115,40,0,0,0,0,0,0,0,0,0,0],"floor_reached":28,"campfire_rested":1,"playtime":1086,"item_purchase_floors":[13,13],"current_hp_per_floor":[67,67,56,60,61,8,30,30,30,26,24,27,27,29,29,17,61,52,52,52,53,53,53,41,41,41,18,0],"items_purged":["Strike_R"],"gold":0,"score":420,"play_id":"41a9c4f4-a162-43ec-87b4-3ae10a12756f","local_time":"20180607234026","is_prod":false,"is_daily":false,"chose_seed":false,"is_ascension_mode":true,"campfire_upgraded":3,"win_rate":0,"timestamp":1528436426,"campfire_choices":[{"floor":7,"key":"REST"},{"data":"Body Slam","floor":15,"key":"SMITH"},{"data":"True Grit","floor":23,"key":"SMITH"},{"data":"Spot Weakness","floor":25,"key":"SMITH"}],"path_taken":["M","?","?","M","M","E","R","?","T","M","?","M","$","?","R","BOSS","M","?","?","M","?","R","E","R","T","M","M"],"build_version":"2018-06-07","seed_source_timestamp":299313914009971,"purchased_purges":1,"victory":false,"master_deck":["Strike_R","Strike_R","Defend_R","Defend_R","Defend_R","Defend_R","Bash","AscendersBane","True Grit+1","Pommel Strike","Offering","Anger","Shrug It Off","Clothesline","Metallicize+1","Inflame+1","Body Slam+1","Iron Wave","Reaper","Spot Weakness+1","Body Slam+1","Pummel","Pommel Strike+1"],"max_hp_per_floor":[75,75,75,75,75,75,75,75,75,75,75,75,75,75,75,75,75,75,75,75,75,75,75,82,82,82,82,82],"relics":["Burning Blood","Lantern","Frozen Egg 2","Ectoplasm","Strawberry","Unceasing Top"],"card_choices":[{"not_picked":["Dual Wield","Warcry"],"picked":"True Grit","floor":1},{"not_picked":["True Grit","Clash"],"picked":"Pommel Strike","floor":4},{"not_picked":["Havoc","Warcry"],"picked":"Offering","floor":5},{"not_picked":["Burning Pact","Pommel Strike"],"picked":"Anger","floor":6},{"not_picked":["Seeing Red","Body Slam"],"picked":"Shrug It Off","floor":10},{"not_picked":["Headbutt","Armaments"],"picked":"Clothesline","floor":11},{"not_picked":["Pummel","Sentinel"],"picked":"Metallicize+1","floor":12},{"not_picked":["Dropkick","Armaments"],"picked":"Iron Wave","floor":14},{"not_picked":["Dark Embrace+1","Immolate"],"picked":"Reaper","floor":16},{"not_picked":["Headbutt","Blood for Blood"],"picked":"Spot Weakness","floor":18},{"not_picked":["Armaments","Rupture+1"],"picked":"Body Slam","floor":21},{"not_picked":["Pommel Strike","Exhume"],"picked":"Pummel","floor":24},{"not_picked":["True Grit","Armaments"],"picked":"Pommel Strike+1","floor":27}],"player_experience":672930,"potions_floor_usage":[6,16,27,27],"damage_taken":[{"damage":7,"enemies":"Jaw Worm","floor":1,"turns":5},{"damage":2,"enemies":"Small Slimes","floor":4,"turns":5},{"damage":5,"enemies":"2 Louse","floor":5,"turns":4},{"damage":59,"enemies":"Lagavulin","floor":6,"turns":9},{"damage":10,"enemies":"Red Slaver","floor":10,"turns":5},{"damage":8,"enemies":"3 Louse","floor":11,"turns":3},{"damage":3,"enemies":"Looter","floor":12,"turns":4},{"damage":4,"enemies":"Blue Slaver","floor":14,"turns":1},{"damage":18,"enemies":"The Guardian","floor":16,"turns":15},{"damage":23,"enemies":"2 Thieves","floor":18,"turns":4},{"damage":15,"enemies":"3 Byrds","floor":21,"turns":6},{"damage":35,"enemies":"Book of Stabbing","floor":24,"turns":6},{"damage":33,"enemies":"Snake Plant","floor":27,"turns":5},{"damage":22,"enemies":"Slaver and Parasite","floor":28,"turns":1}],"relics_obtained":[{"floor":6,"key":"Lantern"},{"floor":9,"key":"Frozen Egg 2"},{"floor":24,"key":"Strawberry"},{"floor":26,"key":"Unceasing Top"}],"event_choices":[{"event_name":"The Cleric","player_choice":"Card Removal","floor":2,"damage_taken":0},{"event_name":"Wheel of Change","player_choice":"Damage","floor":3,"damage_taken":0},{"event_name":"Living Wall","player_choice":"Forget","floor":8,"damage_taken":0},{"event_name":"Masked Bandits","player_choice":"Paid Bandits 40 gold","floor":19,"damage_taken":0},{"event_name":"Beggar","player_choice":"Ignored","floor":20,"damage_taken":0},{"event_name":"Accursed Blacksmith","player_choice":"Forge","floor":22,"damage_taken":0}],"boss_relics":[{"not_picked":["Lizard Tail","Mark of Pain"],"picked":"Ectoplasm"}],"items_purged_floors":[13],"potions_floor_spawned":[1,5,14,16,18,24],"seed_played":"-5012212389522532028","killed_by":"Slaver and Parasite","ascension_level":15,"potions_obtained":[{"floor":1,"key":"Ancient Potion"},{"floor":5,"key":"Explosive Potion"},{"floor":14,"key":"Strength Potion"},{"floor":16,"key":"Weak Potion"},{"floor":18,"key":"SpeedPotion"},{"floor":24,"key":"PowerPotion"}],"is_trial":false}