{"gold_per_floor":[111,129,129,29,29,29,63,63,63,75,75,0,14,41,41,137,137,153,153,99,113,113,113],"floor_reached":23,"playtime":1009,"items_purged":["Shame"],"score":206,"play_id":"9b826084-4111-4e85-a546-0f5e0c2dab7f","local_time":"20190124165317","is_ascension_mode":true,"campfire_choices":[{"data":"Zap","floor":6,"key":"SMITH"},{"data":"Redo","floor":8,"key":"SMITH"},{"data":"Dualcast","floor":11,"key":"SMITH"},{"data":"Double Energy","floor":15,"key":"SMITH"}],"neow_cost":"CURSE","seed_source_timestamp":95727073893811,"circlet_count":0,"master_deck":["Strike_B","Strike_B","Strike_B","Defend_B","Defend_B","Defend_B","Defend_B","Zap+1","Dualcast+1","All For One","Tempest","Lockon","Gash","Turbo","Redo+1","Coolheaded","Double Energy+1","Turbo","Buffer","Redo","Redo","Hologram"],"relics":["Cracked Core","Happy Flower","Spirit Poop","Matryoshka","Lantern","Sundial","StoneCalendar","Black Star","Nilry\u0027s Codex"],"potions_floor_usage":[14,16,18,23],"damage_taken":[{"damage":5,"enemies":"Small Slimes","floor":1,"turns":3},{"damage":6,"enemies":"Jaw Worm","floor":2,"turns":2},{"damage":26,"enemies":"Lagavulin","floor":7,"turns":5},{"damage":0,"enemies":"Cultist","floor":10,"turns":2},{"damage":5,"enemies":"Exordium Thugs","floor":13,"turns":3},{"damage":18,"enemies":"Gremlin Nob","floor":14,"turns":4},{"damage":13,"enemies":"Hexaghost","floor":16,"turns":7},{"damage":17,"enemies":"Spheric Guardian","floor":18,"turns":4},{"damage":28,"enemies":"Shell Parasite","floor":21,"turns":5},{"damage":18,"enemies":"Gremlin Leader","floor":23,"turns":1}],"seed_played":"8333359849052932958","potions_obtained":[{"floor":1,"key":"SteroidPotion"},{"floor":2,"key":"LiquidBronze"},{"floor":16,"key":"Weak Potion"},{"floor":21,"key":"AttackPotion"}],"is_trial":false,"path_per_floor":["M","M","?","$","?","R","E","R","T","M","R","$","M","E","R","B",null,"M","?","$","M","?","E"],"character_chosen":"DEFECT","items_purchased":["Gash","Turbo","Redo"],"campfire_rested":0,"item_purchase_floors":[4,4,20],"current_hp_per_floor":[70,64,64,64,64,64,38,38,38,38,38,38,33,15,15,2,75,58,58,58,30,14,0],"gold":113,"neow_bonus":"THREE_RARE_CARDS","is_prod":false,"is_daily":false,"chose_seed":false,"campfire_upgraded":4,"win_rate":0,"timestamp":1548345197,"path_taken":["M","M","?","$","?","R","E","R","T","?","R","$","M","E","R","BOSS","M","?","$","M","?","E"],"build_version":"2019-01-23","purchased_purges":1,"victory":false,"max_hp_per_floor":[75,75,75,75,75,75,75,75,75,75,75,75,75,75,75,75,75,75,75,75,75,75,75],"card_choices":[{"not_picked":["Core Surge","Fission"],"picked":"All For One","floor":0},{"not_picked":["Double Energy","BootSequence"],"picked":"Tempest","floor":1},{"not_picked":["Auto Shields","Barrage"],"picked":"Lockon","floor":2},{"not_picked":["Fusion","Sweeping Beam"],"picked":"Redo","floor":7},{"not_picked":["Sweeping Beam","Compile Driver"],"picked":"Coolheaded","floor":10},{"not_picked":["Aggregate","Steam"],"picked":"Double Energy","floor":13},{"not_picked":["Force Field","Darkness"],"picked":"Turbo","floor":14},{"not_picked":["Electrodynamics","Core Surge"],"picked":"Buffer","floor":16},{"not_picked":["Double Energy","Turbo"],"picked":"Redo","floor":18},{"not_picked":["Stack+1","Melter"],"picked":"Hologram","floor":21}],"player_experience":34656,"relics_obtained":[{"floor":7,"key":"Matryoshka"},{"floor":9,"key":"Lantern"},{"floor":9,"key":"Sundial"},{"floor":14,"key":"StoneCalendar"},{"floor":22,"key":"Nilry\u0027s Codex"}],"event_choices":[{"damage_healed":0,"gold_gain":0,"player_choice":"Box","damage_taken":0,"relics_obtained":["Happy Flower"],"max_hp_gain":0,"max_hp_loss":0,"event_name":"Big Fish","floor":3,"gold_loss":0,"cards_obtained":["Regret"]},{"cards_removed":["Regret"],"damage_healed":0,"gold_gain":0,"player_choice":"Offered Curse","damage_taken":0,"relics_obtained":["Spirit Poop"],"max_hp_gain":0,"max_hp_loss":0,"event_name":"Bonfire Elementals","floor":5,"gold_loss":0},{"cards_removed":["Strike_B"],"damage_healed":0,"gold_gain":0,"player_choice":"Elegance","damage_taken":0,"max_hp_gain":0,"max_hp_loss":0,"event_name":"Back to Basics","floor":19,"gold_loss":0},{"damage_healed":0,"gold_gain":0,"player_choice":"Obtained Book","damage_taken":16,"max_hp_gain":0,"max_hp_loss":0,"event_name":"Cursed Tome","floor":22,"gold_loss":0}],"is_beta":false,"boss_relics":[{"not_picked":["Eternal Feather","Cursed Key"],"picked":"Black Star"}],"items_purged_floors":[12],"is_endless":false,"potions_floor_spawned":[1,2,16,21],"killed_by":"Gremlin Leader","ascension_level":1}