{"gold_per_floor":[110,122,122,139,152,152,177,177,177,197,214,224,299,327,327,422,422,438,452,367,367,8,8,39,64,112,112,112,66,86,97,97,97],"floor_reached":33,"playtime":1170,"items_purged":[],"score":291,"play_id":"41e1fec4-4d7e-45ff-b650-a4cc82b3857d","local_time":"20181214162132","is_ascension_mode":true,"campfire_choices":[{"data":"Zap","floor":6,"key":"SMITH"},{"data":"Dualcast","floor":8,"key":"SMITH"},{"data":"Go for the Eyes","floor":15,"key":"SMITH"},{"data":"Hologram","floor":23,"key":"SMITH"},{"floor":27,"key":"REST"},{"floor":32,"key":"REST"}],"neow_cost":"NONE","seed_source_timestamp":13979457367854,"circlet_count":0,"master_deck":["Strike_B","Strike_B+1","Defend_B","Defend_B","Defend_B","Defend_B","Zap+1","Dualcast+1","Rebound","Leap","Gash+1","Conserve Battery","Ball Lightning","Rebound","Go for the Eyes+1","Stack","Hologram+1","Stack+1","Go for the Eyes","Turbo","Compile Driver","Sweeping Beam+1","Beam Cell+1","Gash","Ball Lightning","Coolheaded","Leap"],"relics":["Cracked Core","Whetstone","Dodecahedron","Prayer Wheel","Sozu","Gremlin Horn","Runic Capacitor","Bag of Preparation","Red Mask","Art of War","Oddly Smooth Stone"],"potions_floor_usage":[33],"damage_taken":[{"damage":2,"enemies":"2 Louse","floor":1,"turns":2},{"damage":0,"enemies":"Cultist","floor":2,"turns":3},{"damage":0,"enemies":"Jaw Worm","floor":4,"turns":3},{"damage":4,"enemies":"Exordium Wildlife","floor":5,"turns":3},{"damage":6,"enemies":"Lagavulin","floor":7,"turns":7},{"damage":0,"enemies":"3 Louse","floor":10,"turns":2},{"damage":0,"enemies":"Large Slime","floor":11,"turns":3},{"damage":5,"enemies":"Looter","floor":12,"turns":2},{"damage":11,"enemies":"Gremlin Nob","floor":14,"turns":4},{"damage":28,"enemies":"Hexaghost","floor":16,"turns":10},{"damage":20,"enemies":"2 Thieves","floor":18,"turns":4},{"damage":0,"enemies":"Spheric Guardian","floor":19,"turns":3},{"damage":3,"enemies":"Masked Bandits","floor":24,"turns":4},{"damage":40,"enemies":"Slavers","floor":25,"turns":6},{"damage":0,"enemies":"Centurion and Healer","floor":30,"turns":5},{"damage":8,"enemies":"Snake Plant","floor":31,"turns":6},{"damage":44,"enemies":"Collector","floor":33,"turns":6}],"seed_played":"9182612646461833489","potions_obtained":[{"floor":4,"key":"FocusPotion"},{"floor":7,"key":"Swift Potion"},{"floor":12,"key":"FocusPotion"}],"is_trial":false,"path_per_floor":["M","M","?","M","M","R","E","R","T","M","M","M","?","E","R","B",null,"M","M","?","?","$","R","?","E","T","R","?","$","M","M","R","B"],"character_chosen":"DEFECT","items_purchased":["Runic Capacitor","Bag of Preparation","Gash"],"campfire_rested":2,"item_purchase_floors":[22,22,29],"current_hp_per_floor":[73,73,73,73,69,69,63,63,63,63,63,58,47,36,36,8,75,55,55,55,55,55,55,52,12,12,34,20,20,20,12,36,0],"gold":97,"neow_bonus":"REMOVE_CARD","is_prod":false,"is_daily":false,"chose_seed":false,"campfire_upgraded":4,"win_rate":0,"timestamp":1544811692,"path_taken":["M","M","?","M","M","R","E","R","T","?","M","?","?","E","R","BOSS","M","M","?","?","$","R","?","E","T","R","?","?","?","M","R","BOSS"],"build_version":"2018-12-13","purchased_purges":0,"victory":false,"max_hp_per_floor":[75,75,75,75,75,75,75,75,75,75,75,75,75,75,75,75,75,75,75,75,75,75,75,75,75,75,75,80,80,80,80,80,80],"card_choices":[{"not_picked":["Ball Lightning","Reinforced Body"],"picked":"Rebound","floor":1},{"not_picked":["Sweeping Beam","Rebound"],"picked":"Leap","floor":2},{"not_picked":["Rip and Tear","Hologram"],"picked":"Gash","floor":4},{"not_picked":["Glacier","Darkness"],"picked":"Conserve Battery","floor":5},{"not_picked":["Capacitor","Undo"],"picked":"Ball Lightning","floor":7},{"not_picked":["Static Discharge","Redo"],"picked":"Rebound","floor":10},{"not_picked":["Compile Driver","Rip and Tear"],"picked":"Go for the Eyes","floor":11},{"not_picked":["Melter","Rip and Tear"],"picked":"Stack","floor":12},{"not_picked":["Cold Snap","Multi-Cast"],"picked":"Hologram","floor":14},{"not_picked":["Force Field","Storm"],"picked":"Stack+1","floor":18},{"not_picked":["Steam Power","Streamline"],"picked":"Go for the Eyes","floor":18},{"not_picked":["BootSequence+1","Rebound"],"picked":"Turbo","floor":19},{"not_picked":["Lockon","Barrage+1"],"picked":"Compile Driver","floor":19},{"not_picked":["Chaos","Stack"],"picked":"Sweeping Beam+1","floor":24},{"not_picked":["Darkness+1","Reboot"],"picked":"Beam Cell+1","floor":25},{"not_picked":["Steam Power","Redo"],"picked":"Ball Lightning","floor":30},{"not_picked":["Redo","Beam Cell","Static Discharge+1"],"picked":"SKIP","floor":30},{"not_picked":["Hologram","Turbo"],"picked":"Coolheaded","floor":31},{"not_picked":["Aggregate","Cold Snap"],"picked":"Leap","floor":31}],"player_experience":243231,"relics_obtained":[{"floor":7,"key":"Whetstone"},{"floor":9,"key":"Dodecahedron"},{"floor":14,"key":"Prayer Wheel"},{"floor":24,"key":"Red Mask"},{"floor":25,"key":"Art of War"},{"floor":26,"key":"Oddly Smooth Stone"}],"event_choices":[{"cards_removed":["Strike_B"],"damage_healed":0,"gold_gain":0,"player_choice":"Purged","damage_taken":0,"max_hp_gain":0,"max_hp_loss":0,"event_name":"Purifier","floor":3,"gold_loss":0},{"damage_healed":0,"gold_gain":75,"player_choice":"Gather Gold","damage_taken":11,"max_hp_gain":0,"max_hp_loss":0,"event_name":"World of Goop","floor":13,"gold_loss":0},{"damage_healed":0,"gold_gain":0,"player_choice":"Obtained Relic","damage_taken":0,"relics_obtained":["Gremlin Horn"],"max_hp_gain":0,"max_hp_loss":0,"event_name":"Addict","floor":20,"gold_loss":85},{"damage_healed":0,"gold_gain":0,"player_choice":"Ignored","damage_taken":0,"max_hp_gain":0,"max_hp_loss":0,"event_name":"Vampires","floor":21,"gold_loss":0},{"damage_healed":0,"gold_gain":0,"player_choice":"Fought Bandits","damage_taken":0,"max_hp_gain":0,"max_hp_loss":0,"event_name":"Masked Bandits","floor":24,"gold_loss":0},{"damage_healed":0,"gold_gain":0,"player_choice":"Shed Blood","damage_taken":19,"max_hp_gain":5,"max_hp_loss":0,"event_name":"Forgotten Altar","floor":28,"gold_loss":0}],"is_beta":false,"boss_relics":[{"not_picked":["Philosopher\u0027s Stone","Busted Crown"],"picked":"Sozu"}],"items_purged_floors":[],"is_endless":false,"potions_floor_spawned":[4,7,12,25,30],"killed_by":"Collector","ascension_level":1}