{"gold_per_floor":[119,194,39,39,50,50,78,78,78,94,94,12,12,30,30,30],"floor_reached":16,"playtime":761,"items_purged":["Strike_B"],"score":137,"play_id":"490c845e-00c6-42a5-b6a8-d01082ac1b6c","local_time":"20190214144801","is_ascension_mode":true,"campfire_choices":[{"data":"Gash","floor":6.0,"key":"SMITH"},{"floor":8.0,"key":"REST"},{"data":"FTL","floor":11.0,"key":"SMITH"},{"data":"Swift Strike","floor":13.0,"key":"SMITH"},{"data":"Zap","floor":15.0,"key":"SMITH"}],"neow_cost":"NONE","seed_source_timestamp":0,"circlet_count":0,"master_deck":["Strike_B","Strike_B","Strike_B","Defend_B","Defend_B","Defend_B","Defend_B","Zap+1","Dualcast","Gash+1","FTL+1","Beam Cell","Reprogram","Steam","Swift Strike+1","Reprogram"],"special_seed":0,"relics":["Eternal Feather","Potion Belt","Omamori","Ginger"],"potions_floor_usage":[],"damage_taken":[{"damage":5.0,"enemies":"Small Slimes","floor":1.0,"turns":3.0},{"damage":7.0,"enemies":"Jaw Worm","floor":5.0,"turns":4.0},{"damage":35.0,"enemies":"3 Sentries","floor":7.0,"turns":9.0},{"damage":5.0,"enemies":"2 Louse","floor":10.0,"turns":2.0},{"damage":11.0,"enemies":"Lots of Slimes","floor":14.0,"turns":4.0},{"damage":47,"enemies":"Slime Boss","floor":16,"turns":8}],"seed_played":"-7321654540243453430","potions_obtained":[{"floor":7.0,"key":"Energy Potion"}],"is_trial":false,"path_per_floor":["M","?","$","?","M","R","E","R","T","M","R","$","R","M","R","B"],"character_chosen":"DEFECT","items_purchased":["FTL","Swift Strike"],"campfire_rested":1,"item_purchase_floors":[3,12],"current_hp_per_floor":[63,52,52,45,38,44,9,37,37,32,38,38,47,36,45,0],"gold":30,"neow_bonus":"BOSS_RELIC","is_prod":false,"is_daily":false,"chose_seed":false,"campfire_upgraded":4,"win_rate":0,"timestamp":1550152081,"path_taken":["M","?","$","?","M","R","E","R","T","M","R","$","R","M","R","BOSS"],"build_version":"2019-01-23","purchased_purges":1,"victory":false,"max_hp_per_floor":[75,75,75,75,75,75,75,75,75,75,75,75,75,75,75,75],"card_choices":[{"not_picked":["Conserve Battery","Auto Shields"],"picked":"Gash","floor":1.0},{"not_picked":["Tempest","Hologram"],"picked":"Beam Cell","floor":5.0},{"not_picked":["Rainbow","Streamline"],"picked":"Reprogram","floor":7.0},{"not_picked":["Genetic Algorithm","Redo"],"picked":"Steam","floor":10.0},{"not_picked":["Defragment","Turbo"],"picked":"Reprogram","floor":14.0}],"player_experience":179156,"relics_obtained":[{"floor":7.0,"key":"Omamori"},{"floor":9.0,"key":"Ginger"}],"event_choices":[{"damage_healed":0.0,"max_hp_gain":0.0,"max_hp_loss":0.0,"gold_gain":75.0,"event_name":"World of Goop","player_choice":"Gather Gold","floor":2.0,"gold_loss":0.0,"damage_taken":11.0},{"damage_healed":0.0,"max_hp_gain":0.0,"max_hp_loss":0.0,"gold_gain":0.0,"event_name":"Scrap Ooze","player_choice":"Success","floor":4.0,"gold_loss":0.0,"damage_taken":7.0,"relics_obtained":["Potion Belt"]}],"is_beta":false,"boss_relics":[],"items_purged_floors":[3],"is_endless":false,"potions_floor_spawned":[7],"killed_by":"Slime Boss","ascension_level":8}