{"gold_per_floor":[111,128,78,78,97,122,122,122,148,148,47,47,67,87,87,208,208,233,56,70,70,94,138,138,181,238,238,238,262,25,49,49,178,178,191,212,122,141,162,198,217,217,240,2,83,11,45,69,69,69,69,69,42,80,80],"floor_reached":55,"playtime":8093,"items_purged":["Strike_R","Strike_R","Defend_R"],"score":742,"play_id":"989b5bb2-bbf1-4457-9c33-312b5ad23a08","local_time":"20190207235749","is_ascension_mode":false,"campfire_choices":[{"floor":8,"key":"REST"},{"floor":15,"key":"RECALL"}],"neow_cost":"NONE","seed_source_timestamp":1692180521855889,"circlet_count":0,"master_deck":["Strike_R","Defend_R","Defend_R+1","Bash","Pommel Strike","True Grit","Armaments+1","Battle Trance","Havoc","True Grit","Anger","Double Tap","Pummel","Rage+1","Feel No Pain","Iron Wave","Seeing Red","Seeing Red","Rampage+1","Magnetism","Feel No Pain","Shrug It Off","Double Tap","Battle Trance","Spot Weakness+1","Whirlwind+1","Body Slam+1","Havoc+1","Iron Wave","Spot Weakness","Dual Wield","Heavy Blade","Entrench","Shrug It Off","Rage","Pommel Strike+1"],"relics":["Fusion Hammer","Bag of Marbles","Centennial Puzzle","Golden Idol","Coffee Dripper","Bronze Scales","Calipers","Tiny Chest","Sozu","The Courier","MawBank","Red Skull","Bottled Lightning","Omamori","Letter Opener"],"potions_floor_usage":[22,22,29,33,33,36,48],"damage_taken":[{"damage":1,"enemies":"2 Louse","floor":1,"turns":3},{"damage":0,"enemies":"Small Slimes","floor":2,"turns":2},{"damage":0,"enemies":"Cultist","floor":5,"turns":2},{"damage":32,"enemies":"Lagavulin","floor":6,"turns":10},{"damage":0,"enemies":"3 Louse","floor":13,"turns":3},{"damage":3,"enemies":"Exordium Thugs","floor":14,"turns":4},{"damage":27,"enemies":"Slime Boss","floor":16,"turns":10},{"damage":9,"enemies":"Shell Parasite","floor":18,"turns":4},{"damage":0,"enemies":"3 Byrds","floor":20,"turns":6},{"damage":16,"enemies":"Snake Plant","floor":22,"turns":5},{"damage":2,"enemies":"Book of Stabbing","floor":23,"turns":5},{"damage":13,"enemies":"Gremlin Leader","floor":25,"turns":6},{"damage":4,"enemies":"Centurion and Healer","floor":29,"turns":5},{"damage":0,"enemies":"Snecko","floor":31,"turns":5},{"damage":9,"enemies":"Collector","floor":33,"turns":12},{"damage":18,"enemies":"3 Darklings","floor":35,"turns":6},{"damage":1,"enemies":"Orb Walker","floor":36,"turns":4},{"damage":4,"enemies":"Transient","floor":38,"turns":5},{"damage":9,"enemies":"Sphere and 2 Shapes","floor":39,"turns":3},{"damage":6,"enemies":"Reptomancer","floor":40,"turns":3},{"damage":15,"enemies":"4 Shapes","floor":41,"turns":2},{"damage":6,"enemies":"Nemesis","floor":47,"turns":5},{"damage":10,"enemies":"Jaw Worm Horde","floor":48,"turns":3},{"damage":4,"enemies":"Donu and Deca","floor":50,"turns":8},{"damage":53,"enemies":"Shield and Spear","floor":54,"turns":4},{"damage":55,"enemies":"The Heart","floor":55,"turns":2}],"seed_played":"-3875871248866588146","potions_obtained":[{"floor":2,"key":"BloodPotion"},{"floor":5,"key":"SpeedPotion"},{"floor":13,"key":"FearPotion"},{"floor":16,"key":"GamblersBrew"},{"floor":25,"key":"Weak Potion"},{"floor":29,"key":"Regen Potion"},{"floor":31,"key":"GamblersBrew"},{"floor":33,"key":"LiquidBronze"}],"is_trial":false,"path_per_floor":["M","M","?","?","M","E","?","R","T","?","$","$","M","M","R","B",null,"M","$","M","?","M","E","R","E","T","R","?","M","$","M","R","B",null,"M","M","?","M","M","E","M","?","T","$","T","$","E","M","R","B",null,"R","$","E","B"],"character_chosen":"IRONCLAD","items_purchased":["Havoc","Rage","Magnetism","Feel No Pain","Red Skull","Spot Weakness","Dual Wield","Heavy Blade","Rage"],"campfire_rested":1,"item_purchase_floors":[11,19,30,30,44,44,46,46,53],"current_hp_per_floor":[79,79,79,67,67,35,19,43,43,43,43,43,43,40,40,13,74,65,65,65,65,56,54,54,41,41,41,41,37,37,37,37,43,74,56,55,55,51,42,36,21,21,21,21,21,21,15,5,5,1,74,74,74,21,0],"gold":80,"neow_bonus":"BOSS_RELIC","is_prod":false,"is_daily":false,"chose_seed":false,"campfire_upgraded":0,"win_rate":0,"timestamp":1549583869,"path_taken":["M","M","?","?","M","E","?","R","T","?","?","$","M","M","R","BOSS","M","$","M","?","M","E","R","E","T","R","?","M","$","?","R","BOSS","M","M","?","M","M","E","?","?","T","$","?","?","E","M","R","BOSS","R","$","E","BOSS"],"build_version":"2019-01-23","purchased_purges":3,"victory":false,"max_hp_per_floor":[80,80,80,80,80,80,80,80,80,74,74,74,74,74,74,74,74,74,74,74,74,74,74,74,74,74,74,74,74,74,74,74,74,74,74,74,74,74,74,74,74,74,74,74,74,74,74,74,74,74,74,74,74,74,74],"card_choices":[{"not_picked":["Sword Boomerang","True Grit"],"picked":"Pommel Strike","floor":1},{"not_picked":["Clash","Anger"],"picked":"True Grit","floor":2},{"not_picked":["Flame Barrier","Power Through"],"picked":"Armaments","floor":5},{"not_picked":["Body Slam","Fiend Fire"],"picked":"Battle Trance","floor":6},{"not_picked":["Thunderclap","Dropkick"],"picked":"True Grit","floor":13},{"not_picked":["Warcry","Flex"],"picked":"Anger","floor":14},{"not_picked":["Barricade","Juggernaut"],"picked":"Double Tap","floor":16},{"not_picked":["Pommel Strike","Rampage"],"picked":"Pummel","floor":18},{"not_picked":["Armaments","Clash"],"picked":"Feel No Pain","floor":20},{"not_picked":["Blood for Blood","Bloodletting"],"picked":"Iron Wave","floor":22},{"not_picked":["Reckless Charge","Heavy Blade"],"picked":"Seeing Red","floor":23},{"not_picked":["Infernal Blade","Barricade"],"picked":"Seeing Red","floor":25},{"not_picked":["Carnage","Combust","Havoc"],"picked":"SKIP","floor":29},{"not_picked":["Anger+1","True Grit"],"picked":"Shrug It Off","floor":31},{"not_picked":["Berserk","Brutality"],"picked":"Double Tap","floor":33},{"not_picked":["Heavy Blade+1","Armaments+1"],"picked":"Battle Trance","floor":35},{"not_picked":["Perfected Strike","Flex"],"picked":"Spot Weakness+1","floor":36},{"not_picked":["Headbutt","Pommel Strike"],"picked":"Whirlwind+1","floor":38},{"not_picked":["Fiend Fire","Shrug It Off"],"picked":"Body Slam+1","floor":39},{"not_picked":["Battle Trance+1","Heavy Blade+1"],"picked":"Havoc+1","floor":40},{"not_picked":["Blood for Blood+1","Wild Strike"],"picked":"Iron Wave","floor":41},{"not_picked":["Rage","Sentinel+1"],"picked":"Entrench","floor":47},{"not_picked":["Shockwave+1","Battle Trance"],"picked":"Shrug It Off","floor":48},{"not_picked":["Sword Boomerang+1","Anger+1"],"picked":"Pommel Strike+1","floor":54}],"player_experience":369099,"relics_obtained":[{"floor":6,"key":"Centennial Puzzle"},{"floor":23,"key":"Bronze Scales"},{"floor":25,"key":"Calipers"},{"floor":26,"key":"Tiny Chest"},{"floor":40,"key":"The Courier"},{"floor":43,"key":"MawBank"},{"floor":45,"key":"Bottled Lightning"},{"floor":47,"key":"Omamori"},{"floor":54,"key":"Letter Opener"}],"event_choices":[{"cards_removed":["Strike_R"],"damage_healed":0,"gold_gain":0,"player_choice":"Card Removal","damage_taken":0,"max_hp_gain":0,"max_hp_loss":0,"event_name":"The Cleric","floor":3,"gold_loss":50},{"damage_healed":0,"gold_gain":0,"player_choice":"Success","damage_taken":12,"relics_obtained":["Bag of Marbles"],"max_hp_gain":0,"max_hp_loss":0,"event_name":"Scrap Ooze","floor":4,"gold_loss":0},{"damage_healed":0,"gold_gain":0,"player_choice":"Entered Light","damage_taken":16,"max_hp_gain":0,"max_hp_loss":0,"event_name":"Shining Light","floor":7,"gold_loss":0,"cards_upgraded":["Armaments","Defend_R"]},{"damage_healed":0,"gold_gain":0,"player_choice":"Lose Max HP","damage_taken":0,"relics_obtained":["Golden Idol"],"max_hp_gain":0,"max_hp_loss":6,"event_name":"Golden Idol","floor":10,"gold_loss":0},{"damage_healed":0,"gold_gain":0,"player_choice":"Ignored","damage_taken":0,"max_hp_gain":0,"max_hp_loss":0,"event_name":"Beggar","floor":21,"gold_loss":0},{"damage_healed":0,"gold_gain":0,"cards_transformed":["Strike_R"],"player_choice":"Transformed","damage_taken":0,"max_hp_gain":0,"max_hp_loss":0,"event_name":"Transmorgrifier","floor":28,"gold_loss":0,"cards_obtained":["Rampage"]},{"cards_removed":["Defend_R"],"damage_healed":0,"gold_gain":0,"player_choice":"Upgrade and Remove","damage_taken":0,"max_hp_gain":0,"max_hp_loss":0,"event_name":"Designer","floor":37,"gold_loss":90,"cards_upgraded":["Rage"]},{"damage_healed":0,"gold_gain":0,"player_choice":"Upgraded","damage_taken":0,"max_hp_gain":0,"max_hp_loss":0,"event_name":"Upgrade Shrine","floor":42,"gold_loss":0,"cards_upgraded":["Rampage"]}],"is_beta":false,"boss_relics":[{"not_picked":["Empty Cage","Snecko Eye"],"picked":"Coffee Dripper"},{"not_picked":["Tiny House","Runic Pyramid"],"picked":"Sozu"}],"items_purged_floors":[11,19,44],"is_endless":false,"potions_floor_spawned":[2,5,13,16,18,25,29,31,33,39,41,48,54],"killed_by":"The Heart","ascension_level":0}