{"gold_per_floor":[210,220,232,71,146,146,162,176,176,176,186,220,51,62,62,138,138,149,149,24,41,41,41,41,66,66,66,66,81,81,110,110,110],"floor_reached":33,"playtime":1309,"items_purged":["Strike_R","Strike_R","Strike_R+1"],"score":524,"play_id":"2b79387c-1628-4b59-8ebc-a47373caee91","local_time":"20180730062559","is_ascension_mode":true,"campfire_choices":[{"data":"Bash","floor":6,"key":"SMITH"},{"data":"True Grit","floor":10,"key":"SMITH"},{"data":"Inflame","floor":15,"key":"SMITH"},{"data":"Whirlwind","floor":23,"key":"SMITH"},{"data":"Shrug It Off","floor":27,"key":"SMITH"},{"data":"Pommel Strike","floor":32,"key":"SMITH"}],"neow_cost":"NONE","seed_source_timestamp":419367765000181,"circlet_count":0,"master_deck":["Strike_R+1","Defend_R+1","Defend_R+1","Defend_R+1","Defend_R+1","Bash+1","AscendersBane","Shrug It Off+1","Reaper","Shockwave","Shrug It Off","Pummel","True Grit+1","Inflame+1","Whirlwind+1","Clothesline","Shrug It Off","Shrug It Off","Iron Wave","Heavy Blade","Pommel Strike+1"],"relics":["Burning Blood","Mercury Hourglass","Pear","Coffee Dripper","Blood Vial","Strawberry","Regal Pillow"],"potions_floor_usage":[12,16,18,31],"damage_taken":[{"damage":6,"enemies":"Jaw Worm","floor":1,"turns":5},{"damage":6,"enemies":"Cultist","floor":2,"turns":3},{"damage":1,"enemies":"2 Louse","floor":3,"turns":4},{"damage":24,"enemies":"Large Slime","floor":7,"turns":8},{"damage":3,"enemies":"Looter","floor":8,"turns":4},{"damage":4,"enemies":"3 Louse","floor":11,"turns":3},{"damage":6,"enemies":"3 Sentries","floor":12,"turns":8},{"damage":3,"enemies":"Blue Slaver","floor":14,"turns":5},{"damage":1,"enemies":"Slime Boss","floor":16,"turns":7},{"damage":7,"enemies":"Chosen","floor":18,"turns":4},{"damage":0,"enemies":"3 Byrds","floor":21,"turns":3},{"damage":12,"enemies":"Slavers","floor":25,"turns":4},{"damage":0,"enemies":"Centurion and Healer","floor":29,"turns":5},{"damage":26,"enemies":"Book of Stabbing","floor":31,"turns":11},{"damage":55,"enemies":"Automaton","floor":33,"turns":12}],"seed_played":"103618237756011133","potions_obtained":[{"floor":7,"key":"Strength Potion"},{"floor":8,"key":"Energy Potion"},{"floor":12,"key":"SteroidPotion"},{"floor":29,"key":"PowerPotion"},{"floor":31,"key":"Ancient Potion"}],"is_trial":false,"path_per_floor":["M","M","M","$","?","R","M","M","T","R","M","E","$","M","R","B",null,"M","?","$","M","?","R","$","E","T","R","?","M","?","E","R"],"character_chosen":"IRONCLAD","items_purchased":["Shrug It Off","Pummel","Whirlwind"],"campfire_rested":0,"item_purchase_floors":[4,4,13],"current_hp_per_floor":[68,68,75,75,64,64,54,57,57,57,59,81,81,84,84,85,85,84,84,84,85,85,85,85,83,90,90,90,92,92,86,86,40],"gold":110,"neow_bonus":"HUNDRED_GOLD","is_prod":false,"is_daily":false,"chose_seed":false,"campfire_upgraded":6,"win_rate":0,"timestamp":1532953559,"path_taken":["M","M","M","$","?","R","M","M","T","R","M","E","$","M","R","BOSS","M","?","$","M","?","R","$","E","T","R","?","M","?","E","R","BOSS"],"build_version":"2018-07-26","purchased_purges":3,"victory":false,"max_hp_per_floor":[75,75,75,75,75,75,75,75,75,75,75,85,85,85,85,85,85,85,85,85,85,85,85,85,85,92,92,92,92,92,92,92,92],"card_choices":[{"not_picked":["Havoc","Cleave"],"picked":"Shrug It Off","floor":1},{"not_picked":["Headbutt","Rupture"],"picked":"Reaper","floor":2},{"not_picked":["Perfected Strike","Infernal Blade"],"picked":"Shockwave","floor":3},{"not_picked":["Havoc","Headbutt"],"picked":"True Grit","floor":7},{"not_picked":["Sentinel","Shockwave","Sever Soul"],"picked":"SKIP","floor":8},{"not_picked":["Wild Strike","Heavy Blade","True Grit"],"picked":"SKIP","floor":11},{"not_picked":["Fire Breathing","Reckless Charge"],"picked":"Inflame","floor":12},{"not_picked":["Searing Blow","Flex","True Grit"],"picked":"SKIP","floor":14},{"not_picked":["True Grit","Rupture"],"picked":"Clothesline","floor":18},{"not_picked":["Ghostly Armor","Infernal Blade"],"picked":"Shrug It Off","floor":21},{"not_picked":["Bloodletting","Warcry"],"picked":"Shrug It Off","floor":25},{"not_picked":["Heavy Blade","Shockwave"],"picked":"Iron Wave","floor":29},{"not_picked":["Clash+1","Uppercut"],"picked":"Pommel Strike","floor":31}],"player_experience":870136,"relics_obtained":[{"floor":9,"key":"Mercury Hourglass"},{"floor":12,"key":"Pear"},{"floor":25,"key":"Blood Vial"},{"floor":26,"key":"Strawberry"},{"floor":31,"key":"Regal Pillow"}],"event_choices":[{"event_name":"World of Goop","player_choice":"Gather Gold","floor":5,"damage_taken":0},{"event_name":"Back to Basics","player_choice":"Simplicity","floor":19,"damage_taken":0},{"event_name":"The Mausoleum","player_choice":"No","floor":22,"damage_taken":0},{"event_name":"Ghosts","player_choice":"Ignored","floor":28,"damage_taken":0},{"event_name":"Transmorgrifier","player_choice":"Transform","floor":30,"damage_taken":0}],"is_beta":true,"boss_relics":[{"not_picked":["Philosopher\u0027s Stone","Runic Cube"],"picked":"Coffee Dripper"}],"items_purged_floors":[4,13,20],"is_endless":false,"potions_floor_spawned":[7,8,12,29,31],"killed_by":"Automaton","ascension_level":15}