{"gold_per_floor":[111,111,111,126,126,126,157,157,204,215,215,249,259,286,286,363,363,377,377,377,394,412,412,422,455,455,63,82,82,109,126,126,205,205,223,223,269,120,140,166,166,178,205,205,240,250,279,289,289,289],"floor_reached":51,"playtime":2949,"items_purged":["Strike_B","Strike_B"],"score":1685,"play_id":"155773d1-faf8-4eb2-9ac8-9cc4206ba982","local_time":"20180803085532","is_ascension_mode":true,"campfire_choices":[{"data":"Streamline","floor":6,"key":"SMITH"},{"data":"Consume","floor":8,"key":"SMITH"},{"data":"Hologram","floor":11,"key":"SMITH"},{"data":"Go for the Eyes","floor":15,"key":"SMITH"},{"data":"Capacitor","floor":23,"key":"SMITH"},{"data":"Sunder","floor":29,"key":"SMITH"},{"data":"Double Energy","floor":32,"key":"SMITH"},{"data":"Seek","floor":41,"key":"SMITH"},{"data":"Sunder","floor":44,"key":"SMITH"},{"data":"Meteor Strike","floor":49,"key":"SMITH"}],"neow_cost":"NONE","seed_source_timestamp":772291832788409,"circlet_count":0,"master_deck":["Strike_B","Defend_B","Defend_B","Defend_B","Defend_B","Zap+1","Dualcast","AscendersBane","Streamline+1","Hologram+1","Consume+1","Capacitor+1","Auto Shields","Go for the Eyes+1","Reinforced Body","Echo Form","Steam","Necronomicurse","Ghostly","Ghostly","Ghostly","Ghostly","Ghostly","White Noise","Undo","Conserve Battery","Sunder+1","Chill","Meteor Strike+1","Double Energy+1","Seek+1","Ball Lightning","Sunder+1","Hologram","Hologram","Compile Driver+1","Glacier"],"relics":["Cracked Core","Ginger","Blue Candle","Anchor","Dead Branch","Bird Faced Urn","Nuclear Battery","Necronomicon","Matryoshka","MawBank","Ornamental Fan","Sundial","Ancient Tea Set","Runic Dome","Thread and Needle","Gremlin Horn","Letter Opener","Strawberry","Prayer Wheel","Happy Flower"],"potions_floor_usage":[7,7,16,18,25,28,30,33,33,42,50],"damage_taken":[{"damage":2,"enemies":"2 Louse","floor":1,"turns":3},{"damage":7,"enemies":"Jaw Worm","floor":4,"turns":2},{"damage":9,"enemies":"3 Sentries","floor":7,"turns":5},{"damage":1,"enemies":"Cultist","floor":10,"turns":3},{"damage":18,"enemies":"Gremlin Nob","floor":12,"turns":4},{"damage":0,"enemies":"Exordium Thugs","floor":13,"turns":4},{"damage":1,"enemies":"3 Sentries","floor":14,"turns":5},{"damage":0,"enemies":"The Guardian","floor":16,"turns":9},{"damage":13,"enemies":"Spheric Guardian","floor":18,"turns":4},{"damage":0,"enemies":"2 Thieves","floor":21,"turns":4},{"damage":3,"enemies":"Slaver and Parasite","floor":22,"turns":7},{"damage":0,"enemies":"Centurion and Healer","floor":24,"turns":7},{"damage":2,"enemies":"Book of Stabbing","floor":25,"turns":7},{"damage":0,"enemies":"Cultist and Chosen","floor":28,"turns":7},{"damage":2,"enemies":"Gremlin Leader","floor":30,"turns":5},{"damage":0,"enemies":"3 Cultists","floor":31,"turns":4},{"damage":15,"enemies":"Collector","floor":33,"turns":9},{"damage":0,"enemies":"Flame Bruiser 1 Orb","floor":35,"turns":3},{"damage":0,"floor":37,"turns":3},{"damage":0,"enemies":"Orb Walker","floor":39,"turns":3},{"damage":0,"enemies":"Nemesis","floor":40,"turns":5},{"damage":0,"enemies":"Maw","floor":42,"turns":5},{"damage":0,"enemies":"Giant Head","floor":45,"turns":8},{"damage":0,"enemies":"Flame Bruiser 2 Orb","floor":46,"turns":5},{"damage":0,"enemies":"Nemesis","floor":47,"turns":7},{"damage":0,"enemies":"4 Shapes","floor":48,"turns":6},{"damage":0,"enemies":"Time Eater","floor":50,"turns":8}],"seed_played":"5759488631551632652","potions_obtained":[{"floor":3,"key":"AttackPotion"},{"floor":3,"key":"Swift Potion"},{"floor":7,"key":"SmokeBomb"},{"floor":12,"key":"GamblersBrew"},{"floor":13,"key":"Block Potion"},{"floor":14,"key":"PowerPotion"},{"floor":21,"key":"Block Potion"},{"floor":22,"key":"GamblersBrew"},{"floor":25,"key":"AttackPotion"},{"floor":28,"key":"EssenceOfSteel"},{"floor":30,"key":"SteroidPotion"},{"floor":33,"key":"Dexterity Potion"},{"floor":35,"key":"Block Potion"},{"floor":47,"key":"Swift Potion"}],"is_trial":false,"path_per_floor":["M","?","?","M","?","R","E","R","T","M","R","E","M","E","R","B",null,"M","?","?","M","M","R","M","E","T","$","M","R","E","M","R","B",null,"M","?","?","$","M","E","R","M","T","R","E","M","E","M","R","B"],"character_chosen":"DEFECT","items_purchased":["Sundial","Sunder","Hologram"],"campfire_rested":0,"item_purchase_floors":[27,27,38],"current_hp_per_floor":[62,57,57,50,50,50,41,41,41,40,40,22,22,21,21,27,60,51,30,30,34,35,35,35,35,35,35,35,35,35,35,35,29,34,35,35,35,35,35,35,35,35,42,42,42,42,42,42,42,42],"gold":289,"neow_bonus":"UPGRADE_CARD","is_prod":false,"is_daily":false,"chose_seed":false,"campfire_upgraded":10,"win_rate":0,"timestamp":1533308132,"path_taken":["M","?","?","M","?","R","E","R","T","?","R","E","M","E","R","BOSS","M","?","?","M","M","R","M","E","T","$","M","R","E","M","R","BOSS","M","?","?","$","M","E","R","M","T","R","E","M","E","M","R","BOSS"],"build_version":"2018-08-01","purchased_purges":2,"victory":true,"max_hp_per_floor":[71,71,71,71,71,71,71,71,71,71,71,71,71,71,71,71,71,71,71,35,35,35,35,35,35,35,35,35,35,35,35,35,35,35,35,35,35,35,35,35,35,35,42,42,42,42,42,42,42,42],"card_choices":[{"not_picked":["Turbo","Hello World"],"picked":"Streamline","floor":1},{"not_picked":["Reprogram","Steam Power"],"picked":"Hologram","floor":4},{"not_picked":["Amplify","Biased Cognition"],"picked":"Consume","floor":7},{"not_picked":["Blizzard","Coolheaded"],"picked":"Capacitor","floor":10},{"not_picked":["Recycle","Go for the Eyes"],"picked":"Auto Shields","floor":12},{"not_picked":["Stack","Rebound"],"picked":"Go for the Eyes","floor":13},{"not_picked":["Loop","Storm"],"picked":"Reinforced Body","floor":14},{"not_picked":["Thunder Strike","Machine Learning"],"picked":"Echo Form","floor":16},{"not_picked":["Streamline","Gash"],"picked":"Steam","floor":18},{"not_picked":["Coolheaded","Compile Driver"],"picked":"White Noise","floor":21},{"not_picked":["Barrage","Turbo+1"],"picked":"Undo","floor":22},{"not_picked":["Streamline","Turbo"],"picked":"Conserve Battery","floor":24},{"not_picked":["Stack","Aggregate","Leap"],"picked":"SKIP","floor":25},{"not_picked":["Beam Cell","Go for the Eyes"],"picked":"Chill","floor":28},{"not_picked":["Darkness+1","Heatsinks"],"picked":"Meteor Strike","floor":30},{"not_picked":["Streamline","Beam Cell"],"picked":"Double Energy","floor":31},{"not_picked":["Thunder Strike","Amplify"],"picked":"Seek","floor":33},{"not_picked":["Redo","Go for the Eyes"],"picked":"Ball Lightning","floor":35},{"not_picked":["Fission","Ball Lightning"],"picked":"Sunder","floor":37},{"not_picked":["Auto Shields","Stack"],"picked":"Hologram","floor":39},{"not_picked":["Hologram","Genetic Algorithm"],"picked":"Compile Driver+1","floor":40},{"not_picked":["Scrape","Force Field","Cold Snap"],"picked":"SKIP","floor":42},{"not_picked":["Hologram","Multi-Cast","Cold Snap"],"picked":"SKIP","floor":45},{"not_picked":["Consume","Go for the Eyes","Gash"],"picked":"SKIP","floor":46},{"not_picked":["Capacitor","Sweeping Beam+1","Redo"],"picked":"SKIP","floor":46},{"not_picked":["Scrape","Fusion","Rebound"],"picked":"SKIP","floor":47},{"not_picked":["Stack","Scrape"],"picked":"Glacier","floor":48},{"not_picked":["Recycle+1","Turbo","Self Repair"],"picked":"SKIP","floor":48}],"player_experience":922216,"relics_obtained":[{"floor":7,"key":"Blue Candle"},{"floor":9,"key":"Anchor"},{"floor":12,"key":"Dead Branch"},{"floor":14,"key":"Bird Faced Urn"},{"floor":19,"key":"Necronomicon"},{"floor":25,"key":"Matryoshka"},{"floor":26,"key":"MawBank"},{"floor":26,"key":"Ornamental Fan"},{"floor":30,"key":"Ancient Tea Set"},{"floor":37,"key":"Thread and Needle"},{"floor":40,"key":"Gremlin Horn"},{"floor":43,"key":"Letter Opener"},{"floor":43,"key":"Strawberry"},{"floor":45,"key":"Prayer Wheel"},{"floor":47,"key":"Happy Flower"}],"event_choices":[{"event_name":"Scrap Ooze","player_choice":"success","floor":2,"damage_taken":5},{"event_name":"The Lab","player_choice":"Got Potions","floor":3,"damage_taken":0},{"event_name":"Living Wall","player_choice":"Forget","floor":5,"damage_taken":0},{"event_name":"Cursed Tome","player_choice":"Obtained Book","floor":19,"damage_taken":0},{"event_name":"Ghosts","player_choice":"Became a Ghost","floor":20,"damage_taken":0},{"event_name":"Tomb of Lord Red Mask","player_choice":"Ignored","floor":36,"damage_taken":0},{"event_name":"Mysterious Sphere","player_choice":"Fight","floor":37,"damage_taken":0}],"is_beta":true,"boss_relics":[{"not_picked":["Philosopher\u0027s Stone","Eternal Feather"],"picked":"Nuclear Battery"},{"not_picked":["White Beast Statue","FrozenCore"],"picked":"Runic Dome"}],"items_purged_floors":[27,38],"is_endless":false,"potions_floor_spawned":[7,12,13,14,21,22,25,28,30,33,35,39,40,47],"ascension_level":15}