{"gold_per_floor":[110,110,121,134,152,152,183,108,186,186,199,224,113,113,113,191,191,209,159,65,84,98,98],"floor_reached":23,"playtime":934,"items_purged":[],"score":396,"play_id":"4dac3f6b-e85f-49a5-a337-851aad06882f","local_time":"20181205215955","is_ascension_mode":true,"campfire_choices":[{"data":"True Grit","floor":6,"key":"SMITH"},{"data":"Demon Form","floor":10,"key":"SMITH"},{"data":"Heavy Blade","floor":15,"key":"SMITH"}],"neow_cost":"NONE","seed_source_timestamp":1913689346356725,"circlet_count":0,"master_deck":["AscendersBane","Strike_R","Strike_R","Strike_R","Strike_R","Defend_R","Defend_R","Defend_R","Defend_R","Bash+1","Clothesline","Disarm","Pommel Strike","True Grit+1","Demon Form+1","Cleave","Spot Weakness","Heavy Blade+1","Parasite","Fiend Fire","Headbutt","Feel No Pain","Feel No Pain","Heavy Blade","Disarm"],"relics":["Burning Blood","Calipers","Bottled Flame","Oddly Smooth Stone","Runic Dome"],"potions_floor_usage":[7,11,16,19,21],"damage_taken":[{"damage":6,"enemies":"2 Louse","floor":1,"turns":3},{"damage":9,"enemies":"Jaw Worm","floor":3,"turns":4},{"damage":0,"enemies":"Cultist","floor":4,"turns":3},{"damage":4,"enemies":"Large Slime","floor":5,"turns":6},{"damage":16,"enemies":"Gremlin Nob","floor":7,"turns":4},{"damage":1,"enemies":"2 Fungi Beasts","floor":11,"turns":6},{"damage":50,"enemies":"3 Sentries","floor":12,"turns":10},{"damage":10,"enemies":"Slime Boss","floor":16,"turns":6},{"damage":24,"enemies":"Chosen","floor":18,"turns":6},{"damage":26,"enemies":"2 Thieves","floor":19,"turns":5},{"damage":6,"enemies":"Snecko","floor":21,"turns":5},{"damage":16,"enemies":"Snake Plant","floor":22,"turns":7},{"damage":25,"enemies":"Book of Stabbing","floor":23,"turns":2}],"seed_played":"6160434388371388928","potions_obtained":[{"floor":4,"key":"Ancient Potion"},{"floor":7,"key":"SkillPotion"},{"floor":16,"key":"GamblersBrew"},{"floor":18,"key":"SkillPotion"}],"is_trial":false,"path_per_floor":["M","?","M","M","M","R","E","?","T","R","M","E","$","?","R","B",null,"M","M","$","M","M","E"],"character_chosen":"IRONCLAD","items_purchased":["Heavy Blade","SkillPotion","Feel No Pain","Heavy Blade"],"campfire_rested":0,"item_purchase_floors":[13,13,20,20],"current_hp_per_floor":[68,73,70,76,78,78,68,68,68,68,73,29,29,49,49,45,71,53,33,33,33,23,0],"gold":98,"neow_bonus":"UPGRADE_CARD","is_prod":false,"is_daily":false,"chose_seed":false,"campfire_upgraded":3,"win_rate":0,"timestamp":1544072395,"path_taken":["M","?","M","M","M","R","E","?","T","R","M","E","$","?","R","BOSS","M","M","$","M","M","E"],"build_version":"2018-12-05","purchased_purges":0,"victory":false,"max_hp_per_floor":[75,80,80,80,80,80,80,80,80,80,80,80,80,80,80,80,80,80,80,80,80,80,80],"card_choices":[{"not_picked":["Pommel Strike","Rupture"],"picked":"Clothesline","floor":1},{"not_picked":["True Grit","Metallicize"],"picked":"Disarm","floor":3},{"not_picked":["Armaments","Bloodletting"],"picked":"Pommel Strike","floor":4},{"not_picked":["Evolve","Intimidate"],"picked":"True Grit","floor":5},{"not_picked":["Blood for Blood","Armaments"],"picked":"Demon Form","floor":7},{"not_picked":["Body Slam","Evolve"],"picked":"Cleave","floor":11},{"not_picked":["Wild Strike","Juggernaut"],"picked":"Spot Weakness","floor":12},{"not_picked":["Demon Form","Immolate"],"picked":"Fiend Fire","floor":16},{"not_picked":["Cleave","Warcry"],"picked":"Headbutt","floor":18},{"not_picked":["Twin Strike","Corruption"],"picked":"Feel No Pain","floor":19},{"not_picked":["Iron Wave","Wild Strike"],"picked":"Disarm","floor":21},{"not_picked":["Heavy Blade","Infernal Blade","Flex"],"picked":"SKIP","floor":22}],"player_experience":1171131,"relics_obtained":[{"floor":7,"key":"Calipers"},{"floor":9,"key":"Bottled Flame"},{"floor":12,"key":"Oddly Smooth Stone"}],"event_choices":[{"damage_healed":0,"gold_gain":0,"player_choice":"Donut","damage_taken":0,"max_hp_gain":5,"max_hp_loss":0,"event_name":"Big Fish","floor":2,"gold_loss":0},{"cards_removed":["Strike_R"],"damage_healed":0,"gold_gain":0,"player_choice":"Card Removal","damage_taken":0,"max_hp_gain":0,"max_hp_loss":0,"event_name":"The Cleric","floor":8,"gold_loss":75},{"damage_healed":20,"gold_gain":0,"player_choice":"Healed and dodged fight","damage_taken":0,"max_hp_gain":0,"max_hp_loss":0,"event_name":"Mushrooms","floor":14,"gold_loss":0,"cards_obtained":["Parasite"]}],"is_beta":true,"boss_relics":[{"not_picked":["Calling Bell","Pandora\u0027s Box"],"picked":"Runic Dome"}],"items_purged_floors":[],"is_endless":false,"potions_floor_spawned":[4,7,16,18],"killed_by":"Book of Stabbing","ascension_level":19}