{"gold_per_floor":[112,129,141,156,174,202,202,236,284,284,317,392,392,403,403,508,508,528,189,200,214,214,139,139,155,155,155,155,155,165,178,178,281,281,297,307,407,68,78,78,93,93,93,118,118,172,172,184,184,184],"floor_reached":51,"playtime":3904,"items_purged":["Strike_B"],"score":791,"play_id":"8b6d6429-19b5-4d87-9125-3aaf2a3639a8","local_time":"20181028225111","is_ascension_mode":true,"campfire_choices":[{"data":"Dualcast","floor":7.0,"key":"SMITH"},{"floor":13.0,"key":"REST"},{"data":"Double Energy","floor":15.0,"key":"SMITH"},{"data":"Hologram","floor":24.0,"key":"SMITH"},{"data":"Turbo","floor":27.0,"key":"SMITH"},{"data":"Echo Form","floor":29.0,"key":"SMITH"},{"data":"Beam Cell","floor":32.0,"key":"SMITH"},{"data":"Seek","floor":40,"key":"SMITH"},{"data":"Go for the Eyes","floor":42,"key":"SMITH"},{"data":"Rainbow","floor":45,"key":"SMITH"},{"data":"Capacitor","floor":47,"key":"SMITH"},{"data":"Capacitor","floor":49,"key":"SMITH"}],"neow_cost":"NONE","seed_source_timestamp":0,"circlet_count":0,"master_deck":["Defend_B","Defend_B","Defend_B","Defend_B","Zap+1","Dualcast+1","Coolheaded+1","Glacier+1","Hologram+1","Sweeping Beam","Go for the Eyes+1","Echo Form+1","Double Energy+1","Turbo+1","Capacitor+1","All For One","Chill","Capacitor+1","Skim","Genetic Algorithm","Skim","Chill+1","Ghostly","Ghostly","Ghostly","Ghostly","Ghostly","Beam Cell+1","Gash","Rainbow+1","FTL+1","Go for the Eyes+1","Seek+1","Steam","Redo+1","Gash+1","Steam+1","Hologram+1"],"special_seed":0,"relics":["Cracked Core","Letter Opener","Ornamental Fan","War Paint","Pantograph","Pen Nib","Eternal Feather","Ancient Tea Set","Singing Bowl","Empty Cage","Unceasing Top","DataDisk","Question Card","Regal Pillow","Torii"],"potions_floor_usage":[50,50],"damage_taken":[{"damage":2.0,"enemies":"Jaw Worm","floor":1.0,"turns":3.0},{"damage":0.0,"enemies":"2 Louse","floor":2.0,"turns":2.0},{"damage":0.0,"enemies":"Cultist","floor":3.0,"turns":3.0},{"damage":7.0,"enemies":"2 Fungi Beasts","floor":4.0,"turns":3.0},{"damage":2.0,"enemies":"Looter","floor":5.0,"turns":4.0},{"damage":26.0,"enemies":"Gremlin Nob","floor":6.0,"turns":5.0},{"damage":1.0,"enemies":"Lagavulin","floor":8.0,"turns":5.0},{"damage":7.0,"enemies":"3 Sentries","floor":11.0,"turns":6.0},{"damage":0.0,"enemies":"Large Slime","floor":14.0,"turns":5.0},{"damage":11.0,"enemies":"The Guardian","floor":16.0,"turns":11.0},{"damage":13.0,"enemies":"3 Byrds","floor":18.0,"turns":4.0},{"damage":7.0,"enemies":"Spheric Guardian","floor":20.0,"turns":6.0},{"damage":36.0,"enemies":"Chosen and Byrds","floor":21.0,"turns":11.0},{"damage":1.0,"enemies":"Centurion and Healer","floor":25.0,"turns":9.0},{"damage":2.0,"enemies":"Cultist and Chosen","floor":30.0,"turns":8.0},{"damage":0.0,"enemies":"Snecko","floor":31.0,"turns":6.0},{"damage":4.0,"enemies":"Collector","floor":33.0,"turns":11.0},{"damage":0.0,"enemies":"3 Shapes","floor":35.0,"turns":6.0},{"damage":0.0,"enemies":"Orb Walker","floor":36.0,"turns":6.0},{"damage":12,"enemies":"Mind Bloom Boss Battle","floor":37,"turns":9},{"damage":0,"enemies":"4 Shapes","floor":39,"turns":6},{"damage":0,"enemies":"Maw","floor":41,"turns":8},{"damage":0,"enemies":"Nemesis","floor":44,"turns":9},{"damage":0,"enemies":"2 Orb Walkers","floor":46,"turns":6},{"damage":0,"enemies":"Jaw Worm Horde","floor":48,"turns":4},{"damage":36,"enemies":"Time Eater","floor":50,"turns":13}],"seed_played":"-2977122452779141389","potions_obtained":[{"floor":2.0,"key":"Strength Potion"},{"floor":5.0,"key":"Explosive Potion"},{"floor":6.0,"key":"Dexterity Potion"},{"floor":14.0,"key":"SpeedPotion"},{"floor":16.0,"key":"Fruit Juice"},{"floor":20.0,"key":"SpeedPotion"},{"floor":25.0,"key":"SpeedPotion"}],"is_trial":false,"path_per_floor":["M","M","M","M","M","E","R","E","T","?","E","?","R","M","R","B",null,"M","$","M","M","?","?","R","M","T","R","?","R","M","M","R","B",null,"M","M","?","$","M","R","M","R","T","E","R","?","R","M","R","B"],"character_chosen":"DEFECT","items_purchased":["Capacitor","Ancient Tea Set","Skim","DataDisk","Seek","Steam"],"campfire_rested":1,"item_purchase_floors":[19,19,19,38,38,38],"current_hp_per_floor":[73,73,73,66,64,38,38,37,37,37,30,19,41,41,41,55,75,67,67,60,24,9,9,21,20,20,32,32,42,40,40,42,38,42,42,44,32,32,32,44,46,46,46,46,46,46,46,46,46,10],"gold":184,"neow_bonus":"UPGRADE_CARD","is_prod":false,"is_daily":false,"chose_seed":false,"campfire_upgraded":11,"win_rate":0,"timestamp":1540774271,"path_taken":["M","M","M","M","M","E","R","E","T","?","E","?","R","?","R","BOSS","M","$","M","M","?","?","R","M","T","R","?","R","M","M","R","BOSS","M","?","?","$","M","R","M","R","T","E","R","?","R","M","R","BOSS"],"build_version":"2018-10-25v2","purchased_purges":1,"victory":true,"max_hp_per_floor":[75,75,75,75,75,75,75,75,75,75,75,75,75,75,75,75,75,80,80,80,80,85,85,85,85,85,85,42,42,42,42,42,42,42,42,44,44,44,44,44,46,46,46,46,46,46,46,46,46,46],"card_choices":[{"not_picked":["Rebound","Streamline"],"picked":"Coolheaded","floor":1.0},{"not_picked":["Rip and Tear","Streamline"],"picked":"Glacier","floor":2.0},{"not_picked":["Skim","Self Repair"],"picked":"Hologram","floor":3.0},{"not_picked":["Loop","Rebound"],"picked":"Sweeping Beam","floor":4.0},{"not_picked":["Sweeping Beam","Buffer"],"picked":"Go for the Eyes","floor":5.0},{"not_picked":["Doom and Gloom","Beam Cell"],"picked":"Echo Form","floor":6.0},{"not_picked":["Streamline","Storm"],"picked":"Double Energy","floor":8.0},{"not_picked":["Recycle","Chaos"],"picked":"Turbo","floor":11.0},{"not_picked":["Rebound","Consume"],"picked":"Capacitor","floor":14.0},{"not_picked":["Core Surge","Biased Cognition"],"picked":"All For One","floor":16.0},{"not_picked":["Barrage","Coolheaded"],"picked":"Chill","floor":18.0},{"not_picked":["Doom and Gloom","Recycle"],"picked":"Genetic Algorithm","floor":20.0},{"not_picked":["Cold Snap","Consume"],"picked":"Skim","floor":21.0},{"not_picked":["Tempest+1","Darkness"],"picked":"Chill+1","floor":25.0},{"not_picked":["Ball Lightning","Rip and Tear"],"picked":"Beam Cell","floor":30.0},{"not_picked":["Chill","Fusion"],"picked":"Gash","floor":31.0},{"not_picked":["Fission","Creative AI"],"picked":"Rainbow","floor":33.0},{"not_picked":["Scrape+1","Barrage"],"picked":"FTL+1","floor":35.0},{"not_picked":["Beam Cell","Coolheaded","Leap"],"picked":"Singing Bowl","floor":36.0},{"not_picked":["Ball Lightning","Doom and Gloom"],"picked":"Go for the Eyes+1","floor":37},{"not_picked":["Force Field+1","Static Discharge"],"picked":"Redo+1","floor":39},{"not_picked":["Leap","Conserve Battery","Barrage"],"picked":"Singing Bowl","floor":41},{"not_picked":["Turbo+1","Blizzard+1","Streamline"],"picked":"Gash+1","floor":44},{"not_picked":["Barrage+1","Compile Driver+1","Static Discharge+1"],"picked":"Steam+1","floor":46},{"not_picked":["Leap","Compile Driver","Chill"],"picked":"Hologram+1","floor":48}],"player_experience":117373,"relics_obtained":[{"floor":6.0,"key":"Letter Opener"},{"floor":8.0,"key":"Ornamental Fan"},{"floor":9.0,"key":"War Paint"},{"floor":11.0,"key":"Pen Nib"},{"floor":26.0,"key":"Singing Bowl"},{"floor":37,"key":"Unceasing Top"},{"floor":43,"key":"Question Card"},{"floor":44,"key":"Regal Pillow"},{"floor":46,"key":"Torii"}],"event_choices":[{"damage_healed":0.0,"max_hp_gain":0.0,"max_hp_loss":0.0,"gold_gain":0.0,"event_name":"Dead Adventurer","player_choice":"Searched \u00271\u0027 times","floor":10.0,"gold_loss":0.0,"damage_taken":0.0,"relics_obtained":["Pantograph"]},{"damage_healed":0.0,"max_hp_gain":0.0,"max_hp_loss":0.0,"gold_gain":75.0,"event_name":"World of Goop","player_choice":"Gather Gold","floor":12.0,"gold_loss":0.0,"damage_taken":11.0},{"damage_healed":0.0,"max_hp_gain":5.0,"max_hp_loss":0.0,"gold_gain":0.0,"event_name":"Forgotten Altar","player_choice":"Shed Blood","floor":22.0,"gold_loss":0.0,"damage_taken":20.0},{"cards_removed":["Strike_B"],"damage_healed":0.0,"max_hp_gain":0.0,"max_hp_loss":0.0,"gold_gain":0.0,"event_name":"Beggar","player_choice":"Gave Gold","floor":23.0,"gold_loss":75.0,"damage_taken":0.0},{"damage_healed":0.0,"max_hp_gain":0.0,"max_hp_loss":43.0,"gold_gain":0.0,"event_name":"Ghosts","player_choice":"Became a Ghost","floor":28.0,"gold_loss":0.0,"damage_taken":0.0,"cards_obtained":["Ghostly","Ghostly","Ghostly","Ghostly","Ghostly"]},{"damage_healed":0,"gold_gain":0,"player_choice":"Fight","damage_taken":0,"max_hp_gain":0,"max_hp_loss":0,"event_name":"MindBloom","floor":37,"gold_loss":0},{"damage_healed":0,"gold_gain":0,"player_choice":"Fight","damage_taken":0,"max_hp_gain":0,"max_hp_loss":0,"event_name":"Mysterious Sphere","floor":46,"gold_loss":0}],"is_beta":false,"boss_relics":[{"not_picked":["Runic Dome","Runic Pyramid"],"picked":"Eternal Feather"},{"not_picked":["Fusion Hammer","Snecko Eye"],"picked":"Empty Cage"}],"items_purged_floors":[19],"is_endless":false,"potions_floor_spawned":[2,5,6,14,16,20,25,33,35,39,44],"ascension_level":2}