{"gold_per_floor":[119,119,119,140,154,154,169,169,247,247,266,310,324,347,347,347],"floor_reached":16,"playtime":621,"items_purged":[],"score":308,"play_id":"b10d59f0-2add-4c2b-98d5-57a3282dcbac","local_time":"20190131175916","is_ascension_mode":true,"campfire_choices":[{"data":"Anger","floor":6,"key":"SMITH"},{"data":"Bash","floor":8,"key":"SMITH"},{"data":"Shrug It Off","floor":10,"key":"SMITH"},{"data":"Whirlwind","floor":15,"key":"SMITH"}],"neow_cost":"NONE","seed_source_timestamp":81524806570782,"circlet_count":0,"master_deck":["AscendersBane","Strike_R","Strike_R","Strike_R","Strike_R","Defend_R","Defend_R","Defend_R","Defend_R","Bash+1","Shrug It Off+1","Offering","Anger+1","Shrug It Off","Feel No Pain","Flame Barrier","Whirlwind+1","Impervious"],"special_seed":0,"relics":["Burning Blood","Golden Idol","Pantograph","Lantern"],"potions_floor_usage":[5,11,12,12,16],"damage_taken":[{"damage":9,"enemies":"2 Louse","floor":1,"turns":3},{"damage":0,"enemies":"Small Slimes","floor":4,"turns":4},{"damage":6,"enemies":"Cultist","floor":5,"turns":3},{"damage":19,"enemies":"Large Slime","floor":7,"turns":7},{"damage":6,"enemies":"Gremlin Gang","floor":11,"turns":4},{"damage":14,"enemies":"Gremlin Nob","floor":12,"turns":3},{"damage":0,"enemies":"Blue Slaver","floor":13,"turns":4},{"damage":0,"enemies":"Looter","floor":14,"turns":2},{"damage":68,"enemies":"Slime Boss","floor":16,"turns":9}],"seed_played":"6819422387750860604","potions_obtained":[{"floor":1,"key":"Poison Potion"},{"floor":4,"key":"Fruit Juice"},{"floor":7,"key":"Block Potion"},{"floor":11,"key":"FearPotion"},{"floor":12,"key":"Energy Potion"}],"is_trial":false,"path_per_floor":["M","?","?","M","M","R","M","R","T","R","M","E","M","M","R","B"],"character_chosen":"IRONCLAD","items_purchased":[],"campfire_rested":0,"item_purchase_floors":[],"current_hp_per_floor":[72,44,37,43,48,48,35,35,35,35,35,27,33,39,39,0],"gold":347,"neow_bonus":"TEN_PERCENT_HP_BONUS","is_prod":false,"is_daily":false,"chose_seed":false,"campfire_upgraded":4,"win_rate":0,"timestamp":1548982756,"path_taken":["M","?","?","M","M","R","M","R","T","R","M","E","M","M","R","BOSS"],"build_version":"2019-01-23","purchased_purges":0,"victory":false,"max_hp_per_floor":[82,82,82,82,87,87,87,87,87,87,87,87,87,87,87,87],"card_choices":[{"not_picked":["Rage","Pommel Strike"],"picked":"Shrug It Off","floor":1},{"not_picked":["Anger","Hemokinesis"],"picked":"Offering","floor":4},{"not_picked":["Power Through","Wild Strike"],"picked":"Anger","floor":5},{"not_picked":["Armaments","Heavy Blade"],"picked":"Shrug It Off","floor":7},{"not_picked":["Power Through","Thunderclap"],"picked":"Feel No Pain","floor":11},{"not_picked":["Disarm","True Grit"],"picked":"Flame Barrier","floor":12},{"not_picked":["Rage","True Grit"],"picked":"Whirlwind","floor":13},{"not_picked":["True Grit","Pommel Strike"],"picked":"Impervious","floor":14}],"player_experience":1279897,"relics_obtained":[{"floor":9,"key":"Pantograph"},{"floor":12,"key":"Lantern"}],"event_choices":[{"damage_healed":0,"gold_gain":0,"player_choice":"Take Damage","damage_taken":28,"relics_obtained":["Golden Idol"],"max_hp_gain":0,"max_hp_loss":0,"event_name":"Golden Idol","floor":2,"gold_loss":0},{"cards_removed":["Strike_R"],"damage_healed":0,"gold_gain":0,"player_choice":"Card Removal","damage_taken":7,"max_hp_gain":0,"max_hp_loss":0,"event_name":"Golden Wing","floor":3,"gold_loss":0}],"is_beta":true,"boss_relics":[],"items_purged_floors":[],"is_endless":false,"potions_floor_spawned":[1,4,7,11,12],"killed_by":"Slime Boss","ascension_level":20}