{"gold_per_floor":[117,131,151,165,179,179,179,213,261,245,245,256,269,300,300,300],"floor_reached":16,"playtime":611,"items_purged":[],"score":139,"play_id":"5a7d4f3e-8837-4361-ab83-84c5724f4d87","local_time":"20181128190130","is_ascension_mode":true,"campfire_choices":[{"data":"Zap","floor":6.0,"key":"SMITH"},{"floor":11.0,"key":"REST"},{"data":"Dualcast","floor":15.0,"key":"SMITH"}],"neow_cost":"NONE","seed_source_timestamp":0,"circlet_count":0,"master_deck":["Strike_B","Strike_B","Strike_B","Strike_B","Defend_B","Defend_B","Defend_B","Defend_B","Zap+1","Dualcast+1","Turbo","Conserve Battery","FTL","Auto Shields","Steam","Decay","Chill","Seek","Compile Driver","Gash"],"special_seed":0,"relics":["Cracked Core","Ice Cream","PreservedInsect","Question Card"],"potions_floor_usage":[16,16],"damage_taken":[{"damage":1.0,"enemies":"Cultist","floor":1.0,"turns":3.0},{"damage":0.0,"enemies":"2 Louse","floor":2.0,"turns":1.0},{"damage":2.0,"enemies":"Small Slimes","floor":3.0,"turns":3.0},{"damage":9.0,"enemies":"Blue Slaver","floor":4.0,"turns":4.0},{"damage":0.0,"enemies":"Exordium Wildlife","floor":5.0,"turns":5.0},{"damage":37.0,"enemies":"Gremlin Nob","floor":8.0,"turns":4.0},{"damage":7.0,"enemies":"Exordium Thugs","floor":10.0,"turns":4.0},{"damage":7.0,"enemies":"Looter","floor":12.0,"turns":3.0},{"damage":0.0,"enemies":"2 Fungi Beasts","floor":13.0,"turns":4.0},{"damage":4.0,"enemies":"Lagavulin","floor":14.0,"turns":6.0},{"damage":39,"enemies":"Hexaghost","floor":16,"turns":11}],"seed_played":"-6450151848291957627","potions_obtained":[{"floor":2.0,"key":"Fire Potion"},{"floor":5.0,"key":"SmokeBomb"},{"floor":10.0,"key":"LiquidBronze"},{"floor":13.0,"key":"Swift Potion"}],"is_trial":false,"path_per_floor":["M","M","M","M","M","R","?","E","T","M","R","M","M","E","R","B"],"character_chosen":"DEFECT","items_purchased":[],"campfire_rested":1,"item_purchase_floors":[],"current_hp_per_floor":[81,81,79,70,70,70,70,33,33,26,50,43,43,39,39,0],"gold":300,"neow_bonus":"TEN_PERCENT_HP_BONUS","is_prod":false,"is_daily":false,"chose_seed":false,"campfire_upgraded":2,"win_rate":0,"timestamp":1543438890,"path_taken":["M","M","M","M","M","R","?","E","T","M","R","M","M","E","R","BOSS"],"build_version":"2018-11-15","purchased_purges":0,"victory":false,"max_hp_per_floor":[82,82,82,82,82,82,82,82,82,82,82,82,82,82,82,82],"card_choices":[{"not_picked":["Redo","Streamline"],"picked":"Turbo","floor":1.0},{"not_picked":["Streamline","Stack"],"picked":"Conserve Battery","floor":2.0},{"not_picked":["Steam","Hologram"],"picked":"FTL","floor":3.0},{"not_picked":["Redo","Cold Snap"],"picked":"Auto Shields","floor":4.0},{"not_picked":["Scrape","Compile Driver"],"picked":"Steam","floor":5.0},{"not_picked":["Blizzard","Chaos"],"picked":"Chill","floor":8.0},{"not_picked":["Storm","Sweeping Beam"],"picked":"Seek","floor":10.0},{"not_picked":["Reinforced Body","Rebound"],"picked":"Compile Driver","floor":12.0},{"not_picked":["Rip and Tear","Chaos","Heatsinks"],"picked":"SKIP","floor":13.0},{"not_picked":["Cold Snap","Streamline"],"picked":"Gash","floor":14.0}],"player_experience":181266,"relics_obtained":[{"floor":8.0,"key":"Ice Cream"},{"floor":9.0,"key":"PreservedInsect"},{"floor":14.0,"key":"Question Card"}],"event_choices":[{"damage_healed":0.0,"max_hp_gain":0.0,"max_hp_loss":0.0,"gold_gain":0.0,"event_name":"Wheel of Change","player_choice":"Cursed","floor":7.0,"gold_loss":0.0,"damage_taken":0.0,"cards_obtained":["Decay"]}],"is_beta":false,"boss_relics":[],"items_purged_floors":[],"is_endless":false,"potions_floor_spawned":[2,5,10,13,14],"killed_by":"Hexaghost","ascension_level":4}