{"gold_per_floor":[20,30,30,79,32,64,90,90,90,119,119,23,23,52,52,52],"floor_reached":16,"playtime":1065,"items_purged":["Strike_B"],"score":131,"play_id":"a8086644-3624-490a-84a3-2c73f20f6be6","local_time":"20190127192718","is_ascension_mode":true,"campfire_choices":[{"floor":11,"key":"REST"},{"data":"Forethought","floor":13,"key":"SMITH"},{"floor":15,"key":"REST"}],"neow_cost":"NO_GOLD","seed_source_timestamp":364123339100169,"circlet_count":0,"master_deck":["Strike_B","Strike_B","Strike_B","Defend_B","Defend_B","Defend_B","Defend_B","Zap","Dualcast+1","Forethought+1","Secret Technique+1","Ball Lightning","White Noise","Go for the Eyes","Electrodynamics","Chill","Machine Learning","Go for the Eyes","Storm"],"relics":["Cracked Core","Juzu Bracelet","Pen Nib","The Courier","Odd Mushroom","Question Card","Sundial","Du-Vu Doll"],"potions_floor_usage":[6,10],"damage_taken":[{"damage":1,"enemies":"Small Slimes","floor":1,"turns":3},{"damage":7,"enemies":"Jaw Worm","floor":2,"turns":3},{"damage":30,"enemies":"3 Sentries","floor":6,"turns":6},{"damage":7,"enemies":"The Mushroom Lair","floor":7,"turns":2},{"damage":16,"enemies":"Gremlin Nob","floor":10,"turns":3},{"damage":18,"enemies":"3 Sentries","floor":14,"turns":4},{"damage":33,"enemies":"The Guardian","floor":16,"turns":10}],"seed_played":"-1187307216120127734","potions_obtained":[{"floor":2,"key":"Regen Potion"},{"floor":6,"key":"Fire Potion"},{"floor":14,"key":"Energy Potion"}],"is_trial":false,"path_per_floor":["M","M","?","T","$","E","?","?","T","E","R","$","R","E","R","B"],"character_chosen":"DEFECT","items_purchased":["Go for the Eyes","Go for the Eyes"],"campfire_rested":2,"item_purchase_floors":[5,12],"current_hp_per_floor":[74,67,60,60,60,45,38,23,23,7,29,29,29,11,33,0],"gold":52,"neow_bonus":"RANDOM_COLORLESS_2","is_prod":false,"is_daily":false,"chose_seed":false,"campfire_upgraded":1,"win_rate":0,"timestamp":1548613638,"path_taken":["M","M","?","?","$","E","?","?","T","E","R","$","R","E","R","BOSS"],"build_version":"2019-01-23","purchased_purges":1,"victory":false,"max_hp_per_floor":[75,75,75,75,75,75,75,75,75,75,75,75,75,75,75,75],"card_choices":[{"not_picked":["Steam","Hologram"],"picked":"Ball Lightning","floor":1},{"not_picked":["Hologram","Sweeping Beam"],"picked":"White Noise","floor":2},{"not_picked":["White Noise","Gash"],"picked":"Electrodynamics","floor":6},{"not_picked":["Gash","Barrage"],"picked":"Chill","floor":7},{"not_picked":["Leap","Rebound","Beam Cell"],"picked":"Machine Learning","floor":10},{"not_picked":["Force Field","Ball Lightning","Chaos"],"picked":"Storm","floor":14}],"player_experience":99162,"relics_obtained":[{"floor":4,"key":"Pen Nib"},{"floor":6,"key":"The Courier"},{"floor":7,"key":"Odd Mushroom"},{"floor":9,"key":"Question Card"},{"floor":10,"key":"Sundial"},{"floor":14,"key":"Du-Vu Doll"}],"event_choices":[{"damage_healed":0,"gold_gain":0,"player_choice":"Success","damage_taken":7,"relics_obtained":["Juzu Bracelet"],"max_hp_gain":0,"max_hp_loss":0,"event_name":"Scrap Ooze","floor":3,"gold_loss":0},{"damage_healed":0,"gold_gain":0,"player_choice":"Fought Mushrooms","damage_taken":0,"max_hp_gain":0,"max_hp_loss":0,"event_name":"Mushrooms","floor":7,"gold_loss":0},{"damage_healed":0,"gold_gain":0,"player_choice":"Entered Light","damage_taken":15,"max_hp_gain":0,"max_hp_loss":0,"event_name":"Shining Light","floor":8,"gold_loss":0,"cards_upgraded":["Dualcast","Secret Technique"]}],"is_beta":false,"boss_relics":[],"items_purged_floors":[12],"is_endless":false,"potions_floor_spawned":[2,6,14],"killed_by":"The Guardian","ascension_level":3}