{"gold_per_floor":[110,121,121,121,71,97,97,108,159,16,16,16],"floor_reached":12,"playtime":434,"items_purged":["Strike_B"],"score":105,"play_id":"d9a6000d-c15e-4788-a9e5-c17bab3c34a6","local_time":"20190213183502","is_ascension_mode":true,"campfire_choices":[{"data":"Gash","floor":7,"key":"SMITH"},{"data":"Storm","floor":11,"key":"SMITH"}],"neow_cost":"NONE","seed_source_timestamp":193435941442010,"circlet_count":0,"master_deck":["Strike_B+1","Strike_B","Strike_B+1","Defend_B","Defend_B","Defend_B","Zap","Dualcast","Gash+1","Defragment","Machine Learning","Storm+1","Capacitor"],"relics":["Cracked Core","NeowsBlessing","Darkstone Periapt","PreservedInsect"],"potions_floor_usage":[],"damage_taken":[{"damage":0,"enemies":"Cultist","floor":1,"turns":1},{"damage":0,"enemies":"2 Louse","floor":2,"turns":1},{"damage":0,"enemies":"Small Slimes","floor":4,"turns":1},{"damage":26,"enemies":"Gremlin Nob","floor":6,"turns":4},{"damage":14,"enemies":"Exordium Wildlife","floor":8,"turns":4},{"damage":18,"enemies":"Lots of Slimes","floor":12,"turns":1}],"seed_played":"-5177801880543878194","potions_obtained":[{"floor":8,"key":"FocusPotion"}],"is_trial":false,"path_per_floor":["M","M","?","M","?","E","R","M","T","$","R","M"],"character_chosen":"DEFECT","items_purchased":["Capacitor"],"campfire_rested":0,"item_purchase_floors":[10],"current_hp_per_floor":[68,68,53,53,53,27,27,13,13,13,13,0],"gold":16,"neow_bonus":"THREE_ENEMY_KILL","is_prod":false,"is_daily":false,"chose_seed":false,"campfire_upgraded":2,"win_rate":0,"timestamp":1550079302,"path_taken":["M","?","?","M","?","E","R","M","T","?","R","?"],"build_version":"2019-01-23","purchased_purges":1,"victory":false,"max_hp_per_floor":[75,75,75,75,75,75,75,75,75,75,75,75],"card_choices":[{"not_picked":["Turbo","Stack"],"picked":"Gash","floor":1},{"not_picked":["Ball Lightning","Sweeping Beam"],"picked":"Defragment","floor":2},{"not_picked":["White Noise","Go for the Eyes","Reinforced Body"],"picked":"SKIP","floor":4},{"not_picked":["Turbo","Steam"],"picked":"Machine Learning","floor":6},{"not_picked":["Stack","Hologram"],"picked":"Storm","floor":8}],"player_experience":167158,"relics_obtained":[{"floor":6,"key":"Darkstone Periapt"},{"floor":9,"key":"PreservedInsect"}],"event_choices":[{"damage_healed":0,"gold_gain":0,"player_choice":"Entered Light","damage_taken":15,"max_hp_gain":0,"max_hp_loss":0,"event_name":"Shining Light","floor":3,"gold_loss":0,"cards_upgraded":["Strike_B","Strike_B"]},{"cards_removed":["Defend_B"],"damage_healed":0,"gold_gain":0,"player_choice":"Card Removal","damage_taken":0,"max_hp_gain":0,"max_hp_loss":0,"event_name":"The Cleric","floor":5,"gold_loss":50}],"is_beta":false,"boss_relics":[],"items_purged_floors":[10],"is_endless":false,"potions_floor_spawned":[4,8],"killed_by":"Lots of Slimes","ascension_level":7}