{"gold_per_floor":[111,286,131,131,146,174,174,174,253,253,253,108,123,123,123,123],"floor_reached":16,"playtime":798,"items_purged":["Doubt","Strike_R"],"score":96,"play_id":"d09f6c6b-91c4-4863-b816-b1ad35b50239","local_time":"20181013150900","is_ascension_mode":false,"campfire_choices":[{"data":"Heavy Blade","floor":7,"key":"SMITH"},{"data":"Inflame","floor":10,"key":"SMITH"},{"floor":15,"key":"REST"}],"neow_cost":"NONE","seed_source_timestamp":641908696090,"circlet_count":0,"master_deck":["Strike_R","Strike_R","Strike_R","Defend_R","Defend_R","Defend_R","Bash","Heavy Blade+1","Thunderclap","Inflame+1","Shrug It Off","Feel No Pain"],"relics":["Burning Blood","WingedGreaves","Golden Idol","Kunai"],"potions_floor_usage":[16],"damage_taken":[{"damage":5,"enemies":"Small Slimes","floor":1,"turns":3},{"damage":6,"enemies":"Jaw Worm","floor":5,"turns":3},{"damage":26,"enemies":"Lagavulin","floor":6,"turns":7},{"damage":1,"enemies":"2 Louse","floor":13,"turns":2},{"damage":68,"enemies":"Hexaghost","floor":16,"turns":11}],"seed_played":"973427198280798982","potions_obtained":[{"floor":13,"key":"Block Potion"}],"is_trial":false,"path_per_floor":["M","?","$","?","M","E","R","?","T","R","$","$","M","?","R"],"character_chosen":"IRONCLAD","items_purchased":["Inflame","Shrug It Off"],"campfire_rested":1,"item_purchase_floors":[3,12],"current_hp_per_floor":[80,80,80,73,73,53,53,33,33,33,33,33,38,38,62,0],"gold":123,"neow_bonus":"THREE_CARDS","is_prod":false,"is_daily":false,"chose_seed":false,"campfire_upgraded":2,"win_rate":0.0,"timestamp":1539454140,"path_taken":["M","?","$","?","M","E","R","?","T","R","?","$","?","?","R","BOSS"],"build_version":"2018-10-11","purchased_purges":2,"victory":false,"max_hp_per_floor":[80,80,80,80,80,80,80,80,80,80,80,80,80,80,80,80],"card_choices":[{"not_picked":["Thunderclap","Shrug It Off"],"picked":"Heavy Blade","floor":0},{"not_picked":["Rupture","Reckless Charge"],"picked":"Thunderclap","floor":1},{"not_picked":["Iron Wave","Sword Boomerang","Cleave"],"picked":"SKIP","floor":5},{"not_picked":["Twin Strike","Ghostly Armor","Fiend Fire"],"picked":"SKIP","floor":6},{"not_picked":["Entrench","Carnage","Disarm"],"picked":"SKIP","floor":13}],"player_experience":35156,"relics_obtained":[{"floor":6,"key":"WingedGreaves"},{"floor":9,"key":"Kunai"}],"event_choices":[{"event_name":"Liars Game","player_choice":"agreed","floor":2,"damage_taken":0},{"event_name":"Golden Wing","player_choice":"Card Removal","floor":4,"damage_taken":0},{"event_name":"Golden Idol","player_choice":"Take Damage","floor":8,"damage_taken":0},{"event_name":"Living Wall","player_choice":"Change","floor":14,"damage_taken":0}],"is_beta":false,"boss_relics":[],"items_purged_floors":[3,12],"is_endless":false,"potions_floor_spawned":[13],"killed_by":"Hexaghost","ascension_level":0}