{"path_per_floor":["M","M","?","M","?","R","M","R","T","E","?","R","M","E","R","B",null,"M","M","$","M","T","R","M","R","T","R","?","?","M","?","R","B",null,"M","$","?","M","M","R","E","M","T","?","M","?","R","$","R","B"],"character_chosen":"DEFECT","items_purchased":["Capacitor","Weak Potion","Self Repair","Block Potion","GamblersBrew"],"gold_per_floor":[109,125,125,139,139,139,155,155,155,189,154,154,171,199,199,275,275,248,260,88,99,99,99,113,113,113,113,113,113,124,124,124,202,202,213,91,91,103,121,121,154,167,167,212,232,232,232,58,58,58],"floor_reached":51,"campfire_rested":5,"playtime":3610,"item_purchase_floors":[20,20,36,48,48],"current_hp_per_floor":[64,64,54,52,45,45,28,49,49,22,39,39,33,33,33,26,60,30,20,20,18,18,39,18,18,18,39,31,31,16,16,37,8,55,55,55,55,57,64,64,52,42,42,34,33,33,33,33,54,41],"items_purged":["Strike_B","Strike_B","Injury"],"gold":58,"score":1199,"play_id":"25468fcd-1612-4fd4-a3aa-d9e6b8338e89","local_time":"20180529160706","is_prod":false,"is_daily":false,"chose_seed":true,"is_ascension_mode":true,"campfire_upgraded":6,"win_rate":0,"timestamp":1527631626,"campfire_choices":[{"data":"Zap","floor":6,"key":"SMITH"},{"floor":8,"key":"REST"},{"data":"Blizzard","floor":12,"key":"SMITH"},{"data":"Redo","floor":15,"key":"SMITH"},{"floor":23,"key":"REST"},{"data":"Creative AI","floor":25,"key":"SMITH"},{"floor":27,"key":"REST"},{"floor":32,"key":"REST"},{"data":"Hologram","floor":40,"key":"SMITH"},{"data":"Defragment","floor":47,"key":"SMITH"},{"floor":49,"key":"REST"}],"path_taken":["M","M","?","M","?","R","M","R","T","E","?","R","?","E","R","BOSS","M","M","$","M","?","R","M","R","T","R","?","?","M","?","R","BOSS","M","$","?","M","?","R","E","M","T","?","M","?","R","?","R","BOSS"],"build_version":"2018-05-28","seed_source_timestamp":433291793388329,"purchased_purges":3,"victory":true,"master_deck":["Defend_B","Defend_B","Defend_B","Zap+1","AscendersBane","Glacier","Redo+1","Sweeping Beam","Blizzard+1","Glacier","Cold Snap","Steam","Creative AI+1","Leap","Loop","Capacitor","Leap","Hologram+1","BootSequence+1","Glacier","Cold Snap","Seek","Coolheaded","Self Repair","Creative AI","Leap","Capacitor","Coolheaded+1","Defragment+1","Coolheaded+1","Compile Driver+1","Compile Driver"],"max_hp_per_floor":[71,71,71,71,71,71,71,71,71,71,71,71,71,71,71,71,71,71,71,71,71,71,71,71,71,71,71,71,71,71,71,71,71,71,71,71,71,71,71,71,71,71,71,71,71,71,71,71,71,71],"relics":["Cracked Core","Smiling Mask","Emotion Chip","Dream Catcher","Cursed Key","Darkstone Periapt","White Beast Statue","Orichalcum","Sundial"],"card_choices":[{"not_picked":["Aggregate","Self Repair"],"picked":"Glacier","floor":1},{"not_picked":["Recycle","Sweeping Beam"],"picked":"Redo","floor":2},{"not_picked":["Aggregate","Stack"],"picked":"Sweeping Beam","floor":4},{"not_picked":["Coolheaded","Compile Driver"],"picked":"Blizzard","floor":7},{"not_picked":["Ball Lightning","Go for the Eyes"],"picked":"Glacier","floor":10},{"not_picked":["Chill","Go for the Eyes"],"picked":"Cold Snap","floor":13},{"not_picked":["Sunder","Thunder Strike"],"picked":"Steam","floor":14},{"not_picked":["Amplify","Reboot"],"picked":"Creative AI","floor":16},{"not_picked":["Rebound","Steam"],"picked":"Leap","floor":18},{"not_picked":["Turbo","Gash"],"picked":"Loop","floor":19},{"not_picked":["Sweeping Beam","Barrage"],"picked":"Leap","floor":21},{"not_picked":["Streamline+1","Beam Cell"],"picked":"Hologram","floor":23},{"not_picked":["Heatsinks","White Noise"],"picked":"BootSequence+1","floor":24},{"not_picked":["Go for the Eyes","Hologram"],"picked":"Glacier","floor":27},{"not_picked":["Leap","Loop"],"picked":"Cold Snap","floor":30},{"not_picked":["Biased Cognition","Core Surge"],"picked":"Seek","floor":33},{"not_picked":["Fusion+1","Steam"],"picked":"Coolheaded","floor":35},{"not_picked":["Beam Cell","Barrage"],"picked":"Leap","floor":38},{"not_picked":["Reprogram","Rebound"],"picked":"Capacitor","floor":39},{"not_picked":["Cold Snap","Rainbow"],"picked":"Coolheaded+1","floor":41},{"not_picked":["Streamline","Beam Cell"],"picked":"Defragment","floor":42},{"not_picked":["Scrape+1","Cold Snap"],"picked":"Coolheaded+1","floor":44},{"not_picked":["Rebound+1","Static Discharge+1"],"picked":"Compile Driver+1","floor":45},{"not_picked":["Sweeping Beam","Steam"],"picked":"Compile Driver","floor":49}],"player_experience":638520,"potions_floor_usage":[13,16,21,21,24,33,33,38,42,44,45,45,50,50,50],"damage_taken":[{"damage":0,"enemies":"2 Louse","floor":1,"turns":3},{"damage":0,"enemies":"Cultist","floor":2,"turns":4},{"damage":2,"enemies":"Jaw Worm","floor":4,"turns":4},{"damage":17,"enemies":"Exordium Thugs","floor":7,"turns":5},{"damage":27,"enemies":"Gremlin Nob","floor":10,"turns":5},{"damage":6,"enemies":"3 Louse","floor":13,"turns":3},{"damage":0,"enemies":"3 Sentries","floor":14,"turns":6},{"damage":7,"enemies":"Slime Boss","floor":16,"turns":10},{"damage":30,"enemies":"2 Thieves","floor":18,"turns":5},{"damage":10,"enemies":"Chosen","floor":19,"turns":8},{"damage":2,"enemies":"Snecko","floor":21,"turns":7},{"damage":21,"enemies":"Cultist and Chosen","floor":24,"turns":7},{"damage":15,"enemies":"Snake Plant","floor":30,"turns":6},{"damage":29,"enemies":"Collector","floor":33,"turns":14},{"damage":0,"enemies":"3 Shapes","floor":35,"turns":8},{"damage":5,"enemies":"3 Darklings","floor":38,"turns":9},{"damage":0,"enemies":"Spire Growth","floor":39,"turns":11},{"damage":19,"enemies":"Giant Head","floor":41,"turns":11},{"damage":17,"enemies":"Maw","floor":42,"turns":13},{"damage":15,"enemies":"Mysterious Sphere","floor":44,"turns":7},{"damage":8,"enemies":"Flame Bruiser 2 Orb","floor":45,"turns":14},{"damage":20,"enemies":"Time Eater","floor":50,"turns":15}],"relics_obtained":[{"floor":9,"key":"Smiling Mask"},{"floor":10,"key":"Emotion Chip"},{"floor":14,"key":"Dream Catcher"},{"floor":22,"key":"Darkstone Periapt"},{"floor":41,"key":"Orichalcum"},{"floor":44,"key":"Sundial"}],"event_choices":[{"event_name":"Wheel of Change","player_choice":"Damage","floor":3,"damage_taken":0},{"event_name":"Golden Wing","player_choice":"Card Removal","floor":5,"damage_taken":0},{"event_name":"The Cleric","player_choice":"Healed","floor":11,"damage_taken":0},{"event_name":"Knowing Skull","player_choice":"","floor":28,"damage_taken":0},{"event_name":"Match and Keep!","player_choice":"0 cards matched","floor":29,"damage_taken":0},{"event_name":"Cursed Tome","player_choice":"Ignored","floor":31,"damage_taken":0},{"event_name":"Transmorgrifier","player_choice":"Transform","floor":37,"damage_taken":0},{"event_name":"Mysterious Sphere","player_choice":"Fight","floor":44,"damage_taken":0}],"boss_relics":[{"not_picked":["Astrolabe","Runic Pyramid"],"picked":"Cursed Key"},{"not_picked":["Nuclear Battery","Calling Bell"],"picked":"White Beast Statue"}],"items_purged_floors":[20,36,48],"potions_floor_spawned":[1,4,13,16,19,21,30,33,35,38,39,41,42,44,45],"seed_played":"373001309596331593","ascension_level":15,"potions_obtained":[{"floor":1,"key":"Ancient Potion"},{"floor":4,"key":"SneckoOil"},{"floor":13,"key":"AttackPotion"},{"floor":16,"key":"FocusPotion"},{"floor":19,"key":"Strength Potion"},{"floor":21,"key":"Explosive Potion"},{"floor":30,"key":"SkillPotion"},{"floor":33,"key":"Strength Potion"},{"floor":35,"key":"EssenceOfSteel"},{"floor":38,"key":"FearPotion"},{"floor":39,"key":"FearPotion"},{"floor":41,"key":"Block Potion"},{"floor":42,"key":"EssenceOfSteel"},{"floor":44,"key":"PowerPotion"},{"floor":45,"key":"Block Potion"}],"is_trial":false}