{"gold_per_floor":[109,122,222,236,252,282,282,39,39,54,54,71,71,87,87,190,190,202,220,220,220,15,46,46,46,71,95,113,127,127,144,144,244,244,256,256,273,100,100,132,145,163,215,235,235,285,84,98,98,98],"floor_reached":51,"playtime":3664,"items_purged":["Turbo","Meteor Strike","Fission"],"score":726,"play_id":"cbda050f-f253-475d-b9ea-c7617ae0bfb8","local_time":"20190219011636","is_ascension_mode":false,"campfire_choices":[{"data":"Chill","floor":7,"key":"SMITH"},{"data":"Sunder","floor":11,"key":"SMITH"},{"data":"Machine Learning","floor":13,"key":"SMITH"},{"floor":15,"key":"REST"},{"data":"Defragment","floor":25,"key":"SMITH"},{"data":"Echo Form","floor":30,"key":"SMITH"},{"floor":32,"key":"REST"},{"data":"Defragment","floor":45,"key":"SMITH"},{"floor":49,"key":"REST"}],"neow_cost":"NONE","seed_source_timestamp":6314019439700,"circlet_count":0,"master_deck":["Zap","Dualcast","Cold Snap","Conserve Battery","Sunder+1","Ball Lightning","Chill+1","Machine Learning+1","Go for the Eyes","Echo Form+1","Lockon","Barrage","Beam Cell","Machine Learning","Coolheaded","Conserve Battery+1","Hologram+1","Loop","Leap+1","Defragment+1","Chill+1","Blizzard+1","Defragment+1","Beam Cell+1","Defragment+1","Cold Snap","Capacitor"],"relics":["Cracked Core","Calipers","Gremlin Horn","Mercury Hourglass","Pandora\u0027s Box","MutagenicStrength","Toxic Egg 2","Letter Opener","War Paint","Potion Belt","Busted Crown","Regal Pillow","Oddly Smooth Stone","Prayer Wheel"],"potions_floor_usage":[6,23,33,33,33,33,41,46,50],"damage_taken":[{"damage":1,"enemies":"Jaw Worm","floor":1,"turns":3},{"damage":0,"enemies":"Cultist","floor":2,"turns":3},{"damage":0,"enemies":"Small Slimes","floor":4,"turns":3},{"damage":7,"enemies":"Exordium Wildlife","floor":5,"turns":2},{"damage":15,"enemies":"Lagavulin","floor":6,"turns":6},{"damage":0,"enemies":"3 Louse","floor":10,"turns":2},{"damage":1,"enemies":"Looter","floor":12,"turns":3},{"damage":0,"enemies":"Exordium Wildlife","floor":14,"turns":3},{"damage":13,"enemies":"Slime Boss","floor":16,"turns":9},{"damage":6,"enemies":"Chosen","floor":18,"turns":2},{"damage":11,"enemies":"2 Thieves","floor":19,"turns":3},{"damage":21,"enemies":"Slavers","floor":23,"turns":4},{"damage":9,"enemies":"Snake Plant","floor":28,"turns":4},{"damage":0,"enemies":"Centurion and Healer","floor":29,"turns":5},{"damage":0,"enemies":"3 Cultists","floor":31,"turns":4},{"damage":0,"enemies":"Champ","floor":33,"turns":11},{"damage":0,"enemies":"3 Shapes","floor":35,"turns":2},{"damage":0,"enemies":"3 Darklings","floor":37,"turns":4},{"damage":0,"enemies":"Giant Head","floor":40,"turns":7},{"damage":23,"enemies":"Transient","floor":41,"turns":5},{"damage":0,"enemies":"Maw","floor":42,"turns":7},{"damage":11,"enemies":"3 Darklings","floor":44,"turns":7},{"damage":9,"enemies":"2 Orb Walkers","floor":46,"turns":6},{"damage":11,"enemies":"Jaw Worm Horde","floor":48,"turns":5},{"damage":18,"enemies":"Awakened One","floor":50,"turns":10}],"seed_played":"-5809595838928838004","potions_obtained":[{"floor":1,"key":"FearPotion"},{"floor":2,"key":"Ancient Potion"},{"floor":6,"key":"Poison Potion"},{"floor":14,"key":"SpeedPotion"},{"floor":18,"key":"LiquidBronze"},{"floor":23,"key":"SkillPotion"},{"floor":29,"key":"Ancient Potion"},{"floor":31,"key":"LiquidBronze"},{"floor":37,"key":"Explosive Potion"},{"floor":44,"key":"Block Potion"}],"is_trial":false,"path_per_floor":["M","M","?","M","M","E","R","$","T","M","R","M","R","M","R","B",null,"M","M","?","T","$","E","?","R","T","T","M","M","R","M","R","B",null,"M","?","M","$","?","E","M","M","T","M","R","?","$","M","R","B",null],"character_chosen":"DEFECT","items_purchased":["Gremlin Horn","Loop","Leap+1","Defragment","Capacitor"],"campfire_rested":3,"item_purchase_floors":[8,22,22,38,47],"current_hp_per_floor":[81,81,81,81,74,59,59,59,59,59,59,58,58,58,82,69,82,76,65,65,65,65,44,44,44,44,44,35,35,35,35,59,59,82,82,82,82,82,82,82,59,59,59,48,48,39,39,28,67,49],"gold":98,"neow_bonus":"TEN_PERCENT_HP_BONUS","is_prod":false,"is_daily":false,"chose_seed":false,"campfire_upgraded":6,"win_rate":0.0,"timestamp":1550567796,"path_taken":["M","M","?","M","M","E","R","$","T","?","R","M","R","M","R","BOSS","M","M","?","?","$","E","?","R","T","?","?","M","R","M","R","BOSS","M","?","M","$","?","E","M","M","T","M","R","?","$","M","R","BOSS"],"build_version":"2019-01-23","purchased_purges":3,"victory":true,"max_hp_per_floor":[82,82,82,82,82,82,82,82,82,82,82,82,82,82,82,82,82,82,82,82,82,82,82,82,82,82,82,82,82,82,82,82,82,82,82,82,82,82,82,82,82,82,82,82,82,82,82,82,82,82],"card_choices":[{"not_picked":["Gash","Force Field"],"picked":"Cold Snap","floor":1},{"not_picked":["Storm","Leap"],"picked":"Conserve Battery","floor":2},{"not_picked":["Gash","Barrage"],"picked":"Sunder","floor":4},{"not_picked":["Recycle","Turbo"],"picked":"Ball Lightning","floor":5},{"not_picked":["Ball Lightning","Coolheaded"],"picked":"Chill","floor":6},{"not_picked":["Sunder","Compile Driver"],"picked":"Auto Shields","floor":10},{"not_picked":["Ball Lightning","Barrage"],"picked":"Machine Learning","floor":12},{"not_picked":["Streamline","Hello World"],"picked":"Go for the Eyes","floor":14},{"not_picked":["Seek","Rainbow"],"picked":"Echo Form","floor":16},{"not_picked":["Melter+1","Turbo+1"],"picked":"Conserve Battery","floor":18},{"not_picked":["Aggregate+1","Storm"],"picked":"Hologram","floor":19},{"not_picked":["Sunder+1","Reinforced Body+1"],"picked":"Defragment","floor":23},{"not_picked":["Beam Cell","Static Discharge"],"picked":"Chill+1","floor":28},{"not_picked":["Scrape","Cold Snap"],"picked":"Blizzard+1","floor":29},{"not_picked":["Gash+1","Coolheaded+1"],"picked":"Defragment","floor":31},{"not_picked":["Barrage"],"picked":"SKIP","floor":35},{"not_picked":[],"picked":"Beam Cell+1","floor":37},{"not_picked":["Go for the Eyes"],"picked":"SKIP","floor":40},{"not_picked":[],"picked":"Cold Snap","floor":41},{"not_picked":["Force Field+1"],"picked":"SKIP","floor":42},{"not_picked":["Barrage+1"],"picked":"SKIP","floor":44},{"not_picked":["Doom and Gloom+1"],"picked":"SKIP","floor":48},{"not_picked":["Static Discharge+1"],"picked":"SKIP","floor":48}],"player_experience":171776,"relics_obtained":[{"floor":6,"key":"Calipers"},{"floor":9,"key":"Mercury Hourglass"},{"floor":21,"key":"Toxic Egg 2"},{"floor":23,"key":"Letter Opener"},{"floor":26,"key":"War Paint"},{"floor":27,"key":"Potion Belt"},{"floor":40,"key":"Regal Pillow"},{"floor":43,"key":"Oddly Smooth Stone"},{"floor":46,"key":"Prayer Wheel"}],"event_choices":[{"damage_healed":0,"gold_gain":100,"player_choice":"Gold","damage_taken":0,"max_hp_gain":0,"max_hp_loss":0,"event_name":"Wheel of Change","floor":3,"gold_loss":0},{"damage_healed":0,"gold_gain":0,"player_choice":"Inject Mutagens","damage_taken":0,"relics_obtained":["MutagenicStrength"],"max_hp_gain":0,"max_hp_loss":0,"event_name":"Drug Dealer","floor":20,"gold_loss":0},{"damage_healed":0,"gold_gain":0,"player_choice":"Ignored","damage_taken":0,"max_hp_gain":0,"max_hp_loss":0,"event_name":"Ghosts","floor":24,"gold_loss":0},{"damage_healed":0,"gold_gain":0,"player_choice":"Forge","damage_taken":0,"max_hp_gain":0,"max_hp_loss":0,"event_name":"Accursed Blacksmith","floor":36,"gold_loss":0,"cards_upgraded":["Defragment"]},{"cards_removed":["Auto Shields"],"damage_healed":0,"gold_gain":0,"player_choice":"Removed Skill","damage_taken":0,"max_hp_gain":0,"max_hp_loss":0,"event_name":"Falling","floor":39,"gold_loss":0},{"damage_healed":0,"gold_gain":0,"player_choice":"Fight","damage_taken":0,"max_hp_gain":0,"max_hp_loss":0,"event_name":"Mysterious Sphere","floor":46,"gold_loss":0}],"is_beta":false,"boss_relics":[{"not_picked":["Nuclear Battery","Sozu"],"picked":"Pandora\u0027s Box"},{"not_picked":["Snecko Eye","Runic Dome"],"picked":"Busted Crown"}],"items_purged_floors":[22,38,47],"is_endless":false,"potions_floor_spawned":[1,2,6,14,16,18,23,29,31,37,44],"ascension_level":0}