{"gold_per_floor":[114,114,132,132,142,142,167,178,178,178,196,216,245,260,260,332,332,349,87,103,103,23,23,50,50,50,50,68,86,86,98,98,172,172,185,185,185,204,70,70,85,85,108,108,40,109,138,148,148,148],"floor_reached":51,"playtime":2274,"items_purged":["Strike_B","Strike_B"],"score":1400,"play_id":"60bfb128-005a-425d-8402-ea2f3e7e3e87","local_time":"20180801223443","is_ascension_mode":true,"campfire_choices":[{"data":"Defragment","floor":6,"key":"SMITH"},{"data":"Loop","floor":10,"key":"SMITH"},{"data":"Conserve Battery","floor":15,"key":"SMITH"},{"data":"Defragment","floor":23,"key":"SMITH"},{"data":"Seek","floor":25,"key":"SMITH"},{"data":"Loop","floor":27,"key":"SMITH"},{"data":"Capacitor","floor":30,"key":"SMITH"},{"floor":32,"key":"REST"},{"data":"Mayhem","floor":40,"key":"SMITH"},{"floor":42,"key":"REST"},{"data":"Dualcast","floor":44,"key":"SMITH"},{"data":"BootSequence","floor":49,"key":"SMITH"}],"neow_cost":"NONE","seed_source_timestamp":649316658948798,"circlet_count":0,"master_deck":["Strike_B","Strike_B","Defend_B","Defend_B","Defend_B","Defend_B","Zap+1","Dualcast+1","AscendersBane","Compile Driver+1","Defragment+1","Conserve Battery+1","Echo Form","Loop+1","Ball Lightning","Conserve Battery","Doom and Gloom","Leap","Echo Form","BootSequence+1","Cold Snap+1","Coolheaded","Undo","Leap","Loop+1","Seek+1","Defragment+1","Capacitor+1","Darkness+1","Cold Snap+1","Rainbow","Self Repair+1","Mayhem+1","Go for the Eyes+1","Capacitor","Compile Driver+1","Reboot","Hologram+1","Glacier"],"relics":["FrozenCore","Emotion Chip","Matryoshka","Lantern","Shuriken","Bottled Flame","Orrery","Anchor","DataDisk","Happy Flower","Molten Egg 2","Ancient Tea Set","Bottled Tornado","Whetstone"],"potions_floor_usage":[11,12,13,13,16,18,24,33,38,38,48,50],"damage_taken":[{"damage":2,"enemies":"2 Louse","floor":1,"turns":3},{"damage":2,"enemies":"Jaw Worm","floor":3,"turns":3},{"damage":1,"enemies":"Cultist","floor":5,"turns":3},{"damage":17,"enemies":"3 Sentries","floor":7,"turns":6},{"damage":0,"enemies":"Large Slime","floor":8,"turns":4},{"damage":4,"enemies":"Blue Slaver","floor":11,"turns":3},{"damage":14,"enemies":"Exordium Thugs","floor":12,"turns":5},{"damage":4,"enemies":"Gremlin Nob","floor":13,"turns":4},{"damage":0,"enemies":"Large Slime","floor":14,"turns":3},{"damage":0,"enemies":"The Guardian","floor":16,"turns":8},{"damage":0,"enemies":"Spheric Guardian","floor":18,"turns":4},{"damage":8,"enemies":"Shell Parasite","floor":20,"turns":7},{"damage":17,"enemies":"Slavers","floor":24,"turns":6},{"damage":0,"enemies":"Snecko","floor":28,"turns":4},{"damage":0,"enemies":"Centurion and Healer","floor":29,"turns":6},{"damage":3,"enemies":"Snake Plant","floor":31,"turns":5},{"damage":42,"enemies":"Champ","floor":33,"turns":8},{"damage":0,"enemies":"Orb Walker","floor":35,"turns":4},{"damage":1,"enemies":"3 Shapes","floor":38,"turns":6},{"damage":43,"enemies":"Flame Bruiser 2 Orb","floor":41,"turns":7},{"damage":0,"enemies":"2 Orb Walkers","floor":47,"turns":5},{"damage":11,"enemies":"Transient","floor":48,"turns":5},{"damage":15,"enemies":"Awakened One","floor":50,"turns":13}],"seed_played":"-2458809879220789969","potions_obtained":[{"floor":8,"key":"EntropicBrew"},{"floor":12,"key":"Block Potion"},{"floor":13,"key":"SpeedPotion"},{"floor":14,"key":"SteroidPotion"},{"floor":16,"key":"Dexterity Potion"},{"floor":28,"key":"LiquidBronze"},{"floor":29,"key":"EssenceOfSteel"},{"floor":35,"key":"Swift Potion"},{"floor":41,"key":"SkillPotion"},{"floor":47,"key":"Swift Potion"}],"is_trial":false,"path_per_floor":["M","?","M","?","M","R","E","M","T","R","M","M","E","M","R","B",null,"M","$","M","?","$","R","E","R","T","R","M","M","R","M","R","B",null,"M","?","?","M","$","R","M","R","T","R","$","T","E","M","R","B"],"character_chosen":"DEFECT","items_purchased":["Loop","Anchor","Defragment","Capacitor","Reboot"],"campfire_rested":2,"item_purchase_floors":[19,19,22,39,45],"current_hp_per_floor":[62,57,55,71,70,70,53,53,53,53,49,35,31,31,31,31,61,61,61,53,53,53,53,36,36,36,36,36,36,36,33,54,12,56,56,56,56,71,71,71,38,59,59,59,59,59,59,68,68,53],"gold":148,"neow_bonus":"UPGRADE_CARD","is_prod":false,"is_daily":false,"chose_seed":false,"campfire_upgraded":10,"win_rate":0,"timestamp":1533184483,"path_taken":["M","?","M","?","M","R","E","M","T","R","M","?","E","M","R","BOSS","M","$","M","?","$","R","E","R","T","R","M","M","R","M","R","BOSS","M","?","?","M","$","R","M","R","T","R","$","?","E","?","R","BOSS"],"build_version":"2018-07-31","purchased_purges":2,"victory":true,"max_hp_per_floor":[71,71,71,71,71,71,71,71,71,71,71,71,71,71,71,71,71,71,71,71,71,71,71,71,71,71,71,71,71,71,71,71,71,71,71,71,71,71,71,71,71,71,71,71,71,71,71,71,71,71],"card_choices":[{"not_picked":["Redo","Double Energy"],"picked":"Compile Driver","floor":1},{"not_picked":["Heatsinks","Capacitor"],"picked":"Defragment","floor":3},{"not_picked":["Scrape","Beam Cell"],"picked":"Conserve Battery","floor":5},{"not_picked":["Storm","Capacitor"],"picked":"Echo Form","floor":7},{"not_picked":["Rebound","Turbo"],"picked":"Loop","floor":8},{"not_picked":["Go for the Eyes","Barrage"],"picked":"Ball Lightning","floor":11},{"not_picked":["White Noise","Hologram"],"picked":"Conserve Battery","floor":12},{"not_picked":["Double Energy","Fission"],"picked":"Doom and Gloom","floor":13},{"not_picked":["Melter","Stack"],"picked":"Leap","floor":14},{"not_picked":["Meteor Strike","Hyperbeam"],"picked":"Echo Form","floor":16},{"not_picked":["Heatsinks","Redo"],"picked":"BootSequence","floor":17},{"not_picked":["Genetic Algorithm","Force Field"],"picked":"Cold Snap","floor":17},{"not_picked":["Stack","Hello World"],"picked":"Coolheaded","floor":17},{"not_picked":["Redo","Beam Cell"],"picked":"Undo","floor":17},{"not_picked":["Gash+1","Coolheaded"],"picked":"Leap","floor":18},{"not_picked":["Conserve Battery","Reprogram"],"picked":"Seek","floor":20},{"not_picked":["Ball Lightning","Turbo+1"],"picked":"Capacitor","floor":24},{"not_picked":["Coolheaded","Barrage+1","Rebound+1"],"picked":"SKIP","floor":28},{"not_picked":["Static Discharge","Rebound+1"],"picked":"Darkness+1","floor":29},{"not_picked":["Turbo","Leap"],"picked":"Cold Snap+1","floor":31},{"not_picked":["Hyperbeam+1","Meteor Strike+1"],"picked":"Rainbow","floor":33},{"not_picked":["Redo+1","Gash+1"],"picked":"Self Repair+1","floor":35},{"not_picked":["Forethought","Impatience"],"picked":"Mayhem","floor":36},{"not_picked":["Ball Lightning+1","Static Discharge"],"picked":"Go for the Eyes+1","floor":38},{"not_picked":["Go for the Eyes+1","Barrage+1"],"picked":"Compile Driver+1","floor":41},{"not_picked":["Streamline+1","Loop"],"picked":"Hologram+1","floor":47},{"not_picked":["Genetic Algorithm","Beam Cell+1"],"picked":"Glacier","floor":48}],"player_experience":907081,"relics_obtained":[{"floor":7,"key":"Matryoshka"},{"floor":9,"key":"Lantern"},{"floor":9,"key":"Shuriken"},{"floor":13,"key":"Bottled Flame"},{"floor":24,"key":"DataDisk"},{"floor":26,"key":"Happy Flower"},{"floor":26,"key":"Molten Egg 2"},{"floor":43,"key":"Ancient Tea Set"},{"floor":46,"key":"Bottled Tornado"},{"floor":47,"key":"Whetstone"}],"event_choices":[{"event_name":"Scrap Ooze","player_choice":"success","floor":2,"damage_taken":5},{"event_name":"Big Fish","player_choice":"Banana","floor":4,"damage_taken":0},{"event_name":"Vampires","player_choice":"Ignored","floor":21,"damage_taken":0},{"event_name":"SensoryStone","player_choice":"Memory 1","floor":36,"damage_taken":0},{"event_name":"Tomb of Lord Red Mask","player_choice":"Ignored","floor":37,"damage_taken":0}],"is_beta":true,"boss_relics":[{"not_picked":["Eternal Feather","Calling Bell"],"picked":"Orrery"},{"not_picked":["Inserter","Runic Dome"],"picked":"FrozenCore"}],"items_purged_floors":[19,39],"is_endless":false,"potions_floor_spawned":[8,12,13,14,16,28,29,35,41,47],"ascension_level":15}