{"gold_per_floor":[112,126,48,48,58,58,87,87,87,121,135,153,163,182,182,182],"floor_reached":16,"playtime":647,"items_purged":[],"score":222,"play_id":"0e7a5c05-94f9-439b-aab2-99117dd89160","local_time":"20190113145933","is_ascension_mode":true,"campfire_choices":[{"data":"True Grit","floor":6,"key":"SMITH"},{"data":"Anger","floor":8,"key":"SMITH"},{"data":"1","floor":15,"key":"LIFT"}],"neow_cost":"NONE","seed_source_timestamp":335217870210601,"circlet_count":0,"master_deck":["AscendersBane","Strike_R","Strike_R","Strike_R","Strike_R","Strike_R","Defend_R","Defend_R","Defend_R","Defend_R","Bash","Reaper","Twin Strike","Sword Boomerang","Flame Barrier","True Grit+1","Anger+1","Clothesline","Thunderclap","Cleave","Headbutt"],"relics":["Burning Blood","Matryoshka","FossilizedHelix","Art of War","Ginger","Girya"],"potions_floor_usage":[7,10,16],"damage_taken":[{"damage":12,"enemies":"Cultist","floor":1,"turns":4},{"damage":9,"enemies":"Jaw Worm","floor":2,"turns":4},{"damage":7,"enemies":"Small Slimes","floor":5,"turns":3},{"damage":47,"enemies":"Gremlin Nob","floor":7,"turns":5},{"damage":26,"enemies":"3 Sentries","floor":10,"turns":11},{"damage":0,"enemies":"3 Louse","floor":11,"turns":4},{"damage":0,"enemies":"Large Slime","floor":12,"turns":7},{"damage":18,"enemies":"Gremlin Gang","floor":13,"turns":3},{"damage":6,"enemies":"2 Fungi Beasts","floor":14,"turns":3},{"damage":50,"enemies":"The Guardian","floor":16,"turns":11}],"seed_played":"-6945208934986389181","potions_obtained":[{"floor":2,"key":"Dexterity Potion"},{"floor":5,"key":"EssenceOfSteel"},{"floor":13,"key":"LiquidBronze"},{"floor":14,"key":"SkillPotion"}],"is_trial":false,"path_per_floor":["M","M","$","T","M","R","E","R","T","E","M","M","M","M","R","B"],"character_chosen":"IRONCLAD","items_purchased":["Flame Barrier"],"campfire_rested":0,"item_purchase_floors":[3],"current_hp_per_floor":[68,71,71,71,70,70,29,29,29,21,30,40,44,56,56,13],"gold":182,"neow_bonus":"ONE_RANDOM_RARE_CARD","is_prod":false,"is_daily":false,"chose_seed":false,"campfire_upgraded":2,"win_rate":0,"timestamp":1547416773,"path_taken":["M","M","?","?","M","R","E","R","T","E","M","?","M","M","R","BOSS"],"build_version":"2019-01-10","purchased_purges":0,"victory":false,"max_hp_per_floor":[75,75,75,75,75,75,75,75,75,75,75,75,75,75,75,75],"card_choices":[{"not_picked":["Thunderclap","Searing Blow"],"picked":"Twin Strike","floor":1},{"not_picked":["Headbutt","Body Slam"],"picked":"Sword Boomerang","floor":2},{"not_picked":["Thunderclap","Dark Embrace"],"picked":"True Grit","floor":5},{"not_picked":["Rage","Perfected Strike"],"picked":"Anger","floor":7},{"not_picked":["Body Slam","Wild Strike"],"picked":"Clothesline","floor":10},{"not_picked":["Perfected Strike","Twin Strike","Rupture"],"picked":"SKIP","floor":11},{"not_picked":["Feel No Pain","Iron Wave"],"picked":"Thunderclap","floor":12},{"not_picked":["Carnage","Iron Wave"],"picked":"Cleave","floor":13},{"not_picked":["Bloodletting","Hemokinesis"],"picked":"Headbutt","floor":14}],"player_experience":1202473,"relics_obtained":[{"floor":4,"key":"Matryoshka"},{"floor":7,"key":"FossilizedHelix"},{"floor":9,"key":"Art of War"},{"floor":9,"key":"Ginger"},{"floor":10,"key":"Girya"}],"event_choices":[],"is_beta":true,"boss_relics":[],"items_purged_floors":[],"is_endless":false,"potions_floor_spawned":[2,5,13,14],"killed_by":"The Guardian","ascension_level":19}