{"gold_per_floor":[211,26,26,26,26,26,61,38,114,46,64,64,40,58,58,160,160,177,23,23,34,53,53,88,103,103,28,28,28,28,42,42,138,138,149,149,160,85,185,220,220,253,253,23,23,23,51,51,51,51],"floor_reached":50,"playtime":2696,"items_purged":["Strike_B"],"score":542,"play_id":"5b58acff-639a-40b9-927c-243f169c3ba4","local_time":"20190216215650","is_ascension_mode":false,"campfire_choices":[{"data":"Self Repair","floor":6,"key":"SMITH"},{"floor":12,"key":"REST"},{"data":"Static Discharge","floor":15,"key":"SMITH"},{"floor":23,"key":"REST"},{"floor":28,"key":"REST"},{"floor":30,"key":"REST"},{"floor":32,"key":"REST"},{"floor":41,"key":"REST"},{"data":"Loop","floor":49,"key":"SMITH"}],"neow_cost":"NONE","seed_source_timestamp":25272062160500,"circlet_count":0,"master_deck":["Strike_B","Defend_B+1","Defend_B","Defend_B+1","Defend_B","Zap","Dualcast","Go for the Eyes","Self Repair+1","Static Discharge+1","Hologram+1","Redo+1","Conserve Battery+1","Buffer","Static Discharge","Redo+1","Capacitor+1","Lockon","Ball Lightning","Static Discharge+1","Creative AI","Leap+1","Go for the Eyes","Electrodynamics","Defragment+1","Loop+1"],"relics":["Cracked Core","Dream Catcher","Pantograph","Vajra","Toxic Egg 2","Lizard Tail","Blood Vial","Matryoshka","War Paint","Du-Vu Doll","Eternal Feather","Torii","Orichalcum","Regal Pillow","Art of War","Bottled Tornado","Juzu Bracelet","Letter Opener"],"potions_floor_usage":[24,24,33,39,39,40,48],"damage_taken":[{"damage":2,"enemies":"Cultist","floor":1,"turns":5},{"damage":33,"enemies":"3 Sentries","floor":7,"turns":9},{"damage":12,"enemies":"2 Louse","floor":11,"turns":3},{"damage":3,"enemies":"Jaw Worm","floor":14,"turns":2},{"damage":30,"enemies":"Slime Boss","floor":16,"turns":8},{"damage":16,"enemies":"3 Byrds","floor":18,"turns":3},{"damage":21,"enemies":"Shell Parasite","floor":21,"turns":4},{"damage":32,"enemies":"Centurion and Healer","floor":22,"turns":8},{"damage":15,"enemies":"Book of Stabbing","floor":24,"turns":4},{"damage":31,"enemies":"Snake Plant","floor":25,"turns":3},{"damage":36,"enemies":"3 Cultists","floor":31,"turns":3},{"damage":53,"enemies":"Champ","floor":33,"turns":10},{"damage":26,"enemies":"3 Darklings","floor":35,"turns":4},{"damage":18,"enemies":"3 Shapes","floor":37,"turns":2},{"damage":32,"enemies":"Mind Bloom Boss Battle","floor":39,"turns":7},{"damage":43,"enemies":"Nemesis","floor":40,"turns":7},{"damage":99,"enemies":"Giant Head","floor":42,"turns":8},{"damage":18,"enemies":"Reptomancer","floor":47,"turns":6},{"damage":0,"enemies":"Transient","floor":48,"turns":1},{"damage":67,"enemies":"Awakened One","floor":50,"turns":5}],"seed_played":"-1681457247928108136","potions_obtained":[{"floor":7,"key":"LiquidBronze"},{"floor":11,"key":"Dexterity Potion"},{"floor":14,"key":"Poison Potion"},{"floor":18,"key":"Dexterity Potion"},{"floor":22,"key":"Regen Potion"},{"floor":33,"key":"Swift Potion"},{"floor":35,"key":"FocusPotion"},{"floor":39,"key":"Swift Potion"},{"floor":42,"key":"SmokeBomb"}],"is_trial":false,"path_per_floor":["M","$","?","$","?","R","E","?","T","$","M","R","$","M","R","B",null,"M","$","$","M","M","R","E","M","T","?","R","?","R","M","R","B",null,"M","?","M","$","?","E","R","E","T","$","?","?","E","M","R","B"],"character_chosen":"DEFECT","items_purchased":["Self Repair","Dream Catcher","Static Discharge","Redo+1","Blood Vial","Loop","Juzu Bracelet"],"campfire_rested":6,"item_purchase_floors":[2,2,10,13,19,44,44],"current_hp_per_floor":[73,73,61,61,61,61,38,38,38,38,36,58,58,65,65,55,75,69,69,69,60,40,62,64,45,45,45,67,67,75,39,61,32,75,59,59,43,43,48,17,54,20,20,20,20,66,58,60,66,0],"gold":51,"neow_bonus":"HUNDRED_GOLD","is_prod":false,"is_daily":false,"chose_seed":false,"campfire_upgraded":3,"win_rate":0.0,"timestamp":1550383010,"path_taken":["M","?","?","$","?","R","E","?","T","?","M","R","$","M","R","BOSS","M","?","$","M","M","R","E","M","T","?","R","?","R","M","R","BOSS","M","?","M","$","?","E","R","E","T","?","?","?","E","M","R","BOSS"],"build_version":"2019-01-23","purchased_purges":1,"victory":false,"max_hp_per_floor":[75,75,75,75,75,75,75,75,75,75,75,75,75,75,75,75,75,75,75,75,75,75,75,75,75,75,75,75,75,75,75,75,75,75,75,75,75,75,75,75,75,75,75,75,75,66,66,66,66,66],"card_choices":[{"not_picked":["Rebound","Steam"],"picked":"Go for the Eyes","floor":1},{"not_picked":["Core Surge","Force Field","Chaos"],"picked":"SKIP","floor":7},{"not_picked":["BootSequence+1","Redo+1"],"picked":"Hologram+1","floor":11},{"not_picked":["Go for the Eyes","Redo+1"],"picked":"Conserve Battery+1","floor":14},{"not_picked":["All For One","Meteor Strike"],"picked":"Buffer","floor":16},{"not_picked":["Cold Snap","Conserve Battery+1"],"picked":"Static Discharge","floor":18},{"not_picked":["Beam Cell","Stack+1"],"picked":"Redo+1","floor":21},{"not_picked":["White Noise+1","Leap+1"],"picked":"Capacitor+1","floor":22},{"not_picked":["Aggregate+1","Coolheaded+1"],"picked":"Lockon","floor":24},{"not_picked":["Tempest+1","Compile Driver","Chaos+1"],"picked":"SKIP","floor":25},{"not_picked":["Steam+1","Streamline"],"picked":"Ball Lightning","floor":28},{"not_picked":["Hologram+1","Turbo+1"],"picked":"Creative AI","floor":30},{"not_picked":["Darkness+1","Hologram+1"],"picked":"Leap+1","floor":31},{"not_picked":["Doom and Gloom","Rebound+1"],"picked":"Go for the Eyes","floor":32},{"not_picked":["Fission+1","Amplify+1"],"picked":"Electrodynamics","floor":33},{"not_picked":["Barrage","Scrape","Conserve Battery+1"],"picked":"SKIP","floor":35},{"not_picked":["Steam+1","Steam Power+1","Compile Driver+1"],"picked":"SKIP","floor":37},{"not_picked":["Lockon","Barrage+1"],"picked":"Defragment+1","floor":39},{"not_picked":["Blizzard","Compile Driver","Heatsinks"],"picked":"SKIP","floor":40},{"not_picked":["Barrage+1","Machine Learning","Rip and Tear"],"picked":"SKIP","floor":42},{"not_picked":["Turbo+1","Redo+1","Sweeping Beam+1"],"picked":"SKIP","floor":47}],"player_experience":147671,"relics_obtained":[{"floor":7,"key":"Vajra"},{"floor":9,"key":"Toxic Egg 2"},{"floor":24,"key":"Matryoshka"},{"floor":26,"key":"War Paint"},{"floor":26,"key":"Du-Vu Doll"},{"floor":39,"key":"Torii"},{"floor":40,"key":"Orichalcum"},{"floor":42,"key":"Regal Pillow"},{"floor":43,"key":"Art of War"},{"floor":43,"key":"Bottled Tornado"},{"floor":47,"key":"Letter Opener"}],"event_choices":[{"damage_healed":0,"gold_gain":0,"player_choice":"Success","damage_taken":12,"relics_obtained":["Pantograph"],"max_hp_gain":0,"max_hp_loss":0,"event_name":"Scrap Ooze","floor":3,"gold_loss":0},{"damage_healed":0,"gold_gain":0,"player_choice":"Ignored","damage_taken":0,"max_hp_gain":0,"max_hp_loss":0,"event_name":"Shining Light","floor":5,"gold_loss":0},{"damage_healed":0,"gold_gain":0,"player_choice":"Left Gold","damage_taken":0,"max_hp_gain":0,"max_hp_loss":0,"event_name":"World of Goop","floor":8,"gold_loss":23},{"cards_removed":["Strike_B"],"damage_healed":0,"gold_gain":0,"player_choice":"Gave Gold","damage_taken":0,"max_hp_gain":0,"max_hp_loss":0,"event_name":"Beggar","floor":27,"gold_loss":75},{"damage_healed":0,"gold_gain":0,"player_choice":"Copied","damage_taken":0,"max_hp_gain":0,"max_hp_loss":0,"event_name":"Duplicator","floor":29,"gold_loss":0,"cards_obtained":["Static Discharge"]},{"cards_removed":["Strike_B"],"damage_healed":0,"gold_gain":0,"player_choice":"Removed Attack","damage_taken":0,"max_hp_gain":0,"max_hp_loss":0,"event_name":"Falling","floor":36,"gold_loss":0},{"damage_healed":0,"gold_gain":0,"player_choice":"Fight","damage_taken":0,"max_hp_gain":0,"max_hp_loss":0,"event_name":"MindBloom","floor":39,"gold_loss":0},{"damage_healed":0,"gold_gain":0,"player_choice":"Ignored","damage_taken":0,"max_hp_gain":0,"max_hp_loss":0,"event_name":"Mysterious Sphere","floor":45,"gold_loss":0},{"damage_healed":66,"gold_gain":0,"player_choice":"Heal","damage_taken":0,"max_hp_gain":0,"max_hp_loss":9,"event_name":"The Moai Head","floor":46,"gold_loss":0}],"is_beta":false,"boss_relics":[{"not_picked":["Fusion Hammer","Runic Dome"],"picked":"Lizard Tail"},{"not_picked":["Snecko Eye","Nuclear Battery"],"picked":"Eternal Feather"}],"items_purged_floors":[38],"is_endless":false,"potions_floor_spawned":[7,11,14,18,22,33,35,39,42,48],"killed_by":"Awakened One","ascension_level":0}