{"gold_per_floor":[118,118,118,136,136,172,192,230,230,230,269,269,269,290,290,409,409,433,130,130],"floor_reached":20,"playtime":1344,"items_purged":["Strike_B"],"score":269,"play_id":"008a9351-a619-41ff-a4f6-8454d3e75df2","local_time":"20190202213807","is_ascension_mode":true,"campfire_choices":[{"data":"Heatsinks","floor":10,"key":"SMITH"},{"floor":13,"key":"REST"},{"data":"Conserve Battery","floor":15,"key":"SMITH"}],"neow_cost":"NONE","seed_source_timestamp":890116431973681,"circlet_count":0,"master_deck":["Strike_B","Strike_B","Strike_B","Defend_B","Defend_B","Defend_B","Zap+1","Dualcast","Heatsinks+1","Recycle","Hello World+1","Reinforced Body","Cold Snap","Capacitor","Conserve Battery+1","Reboot","Hello World","Magnetism","Static Discharge"],"relics":["Cracked Core","NeowsBlessing","Golden Idol","Ice Cream","Art of War","Cables","Ginger","Bottled Tornado","Black Star"],"potions_floor_usage":[8,8,14,18],"damage_taken":[{"damage":0,"enemies":"Jaw Worm","floor":1,"turns":1},{"damage":0,"enemies":"2 Louse","floor":4,"turns":1},{"damage":0,"enemies":"Lagavulin","floor":6,"turns":1},{"damage":3,"enemies":"Small Slimes","floor":7,"turns":3},{"damage":25,"enemies":"3 Sentries","floor":8,"turns":6},{"damage":23,"enemies":"Gremlin Nob","floor":11,"turns":5},{"damage":11,"enemies":"Looter","floor":14,"turns":2},{"damage":9,"enemies":"The Guardian","floor":16,"turns":15},{"damage":42,"enemies":"3 Byrds","floor":18,"turns":5},{"damage":16,"enemies":"Chosen","floor":20,"turns":4}],"seed_played":"6918868935758910557","potions_obtained":[{"floor":1,"key":"Strength Potion"},{"floor":6,"key":"PowerPotion"},{"floor":11,"key":"Poison Potion"},{"floor":14,"key":"Energy Potion"}],"is_trial":false,"path_per_floor":["M","?","?","M","T","E","M","E","T","R","E","?","R","M","R","B",null,"M","$","M"],"character_chosen":"DEFECT","items_purchased":["Magnetism","Static Discharge"],"campfire_rested":1,"item_purchase_floors":[19,19],"current_hp_per_floor":[75,69,69,69,69,69,66,41,41,41,18,4,24,13,13,4,53,11,11,0],"gold":130,"neow_bonus":"THREE_ENEMY_KILL","is_prod":false,"is_daily":false,"chose_seed":false,"campfire_upgraded":2,"win_rate":0,"timestamp":1549139887,"path_taken":["M","?","?","M","?","E","M","E","T","R","E","?","R","?","R","BOSS","M","$","M"],"build_version":"2019-01-23","purchased_purges":1,"victory":false,"max_hp_per_floor":[75,69,69,69,69,69,69,69,69,69,69,69,69,69,69,69,69,69,69,69],"card_choices":[{"not_picked":["Aggregate","Redo"],"picked":"Heatsinks","floor":1},{"not_picked":["Beam Cell","Steam"],"picked":"Hello World","floor":4},{"not_picked":["Streamline","Rainbow","Compile Driver"],"picked":"SKIP","floor":6},{"not_picked":["BootSequence","Sweeping Beam"],"picked":"Reinforced Body","floor":7},{"not_picked":["Stack","Rebound"],"picked":"Cold Snap","floor":8},{"not_picked":["Steam","Melter"],"picked":"Capacitor","floor":11},{"not_picked":["Cold Snap","Coolheaded"],"picked":"Conserve Battery","floor":14},{"not_picked":["Rainbow","Multi-Cast"],"picked":"Reboot","floor":16},{"not_picked":["Go for the Eyes","Sunder"],"picked":"Hello World","floor":18}],"player_experience":138373,"relics_obtained":[{"floor":5,"key":"Ice Cream"},{"floor":6,"key":"Art of War"},{"floor":8,"key":"Cables"},{"floor":9,"key":"Ginger"},{"floor":11,"key":"Bottled Tornado"}],"event_choices":[{"damage_healed":0,"gold_gain":0,"player_choice":"Lose Max HP","damage_taken":0,"relics_obtained":["Golden Idol"],"max_hp_gain":0,"max_hp_loss":6,"event_name":"Golden Idol","floor":2,"gold_loss":0},{"damage_healed":0,"gold_gain":0,"cards_transformed":["Defend_B"],"player_choice":"Change","damage_taken":0,"max_hp_gain":0,"max_hp_loss":0,"event_name":"Living Wall","floor":3,"gold_loss":0,"cards_obtained":["Recycle"]},{"damage_healed":0,"gold_gain":0,"player_choice":"Entered Light","damage_taken":14,"max_hp_gain":0,"max_hp_loss":0,"event_name":"Shining Light","floor":12,"gold_loss":0,"cards_upgraded":["Hello World","Zap"]}],"is_beta":false,"boss_relics":[{"not_picked":["Lizard Tail","Runic Pyramid"],"picked":"Black Star"}],"items_purged_floors":[19],"is_endless":false,"potions_floor_spawned":[1,6,11,14],"killed_by":"Chosen","ascension_level":5}