{"gold_per_floor":[116,116,132,16,91,91,124,143,167,167,14,14,30,43,43,43],"floor_reached":16,"playtime":497,"items_purged":["Strike_B"],"score":175,"play_id":"353dfb00-e0ca-4910-8dde-532f06255216","local_time":"20180801131752","is_ascension_mode":true,"campfire_choices":[{"data":"Go for the Eyes","floor":6,"key":"SMITH"},{"data":"Zap","floor":10,"key":"SMITH"},{"data":"Storm","floor":15,"key":"SMITH"}],"neow_cost":"NONE","seed_source_timestamp":617693810501436,"circlet_count":0,"master_deck":["Strike_B","Defend_B","Defend_B","Defend_B","Defend_B","Zap+1","Dualcast","AscendersBane","Storm+1","Go for the Eyes+1","Steam","Storm","Reinforced Body","All For One","Hello World","Storm","Static Discharge","Conserve Battery"],"relics":["Cracked Core","Strawberry","Ancient Tea Set"],"potions_floor_usage":[8],"damage_taken":[{"damage":0,"enemies":"2 Louse","floor":1,"turns":2},{"damage":3,"enemies":"Cultist","floor":3,"turns":4},{"damage":14,"enemies":"Lagavulin","floor":7,"turns":9},{"damage":0,"enemies":"Jaw Worm","floor":8,"turns":3},{"damage":9,"enemies":"Exordium Thugs","floor":13,"turns":4},{"damage":4,"enemies":"2 Fungi Beasts","floor":14,"turns":2},{"damage":41,"enemies":"Hexaghost","floor":16,"turns":7}],"seed_played":"6887127238492969152","potions_obtained":[{"floor":7,"key":"AttackPotion"}],"is_trial":false,"path_per_floor":["M","?","M","$","?","R","E","M","T","R","$","?","M","M","R"],"character_chosen":"DEFECT","items_purchased":["Storm","Reinforced Body","Storm"],"campfire_rested":0,"item_purchase_floors":[4,4,11],"current_hp_per_floor":[71,71,68,68,57,57,50,50,50,50,50,50,41,37,37,0],"gold":43,"neow_bonus":"TEN_PERCENT_HP_BONUS","is_prod":false,"is_daily":false,"chose_seed":false,"campfire_upgraded":3,"win_rate":0,"timestamp":1533151072,"path_taken":["M","?","M","?","?","R","E","M","T","R","?","?","?","M","R","BOSS"],"build_version":"2018-07-31","purchased_purges":1,"victory":false,"max_hp_per_floor":[78,78,78,78,78,78,85,85,85,85,85,85,85,85,85,85],"card_choices":[{"not_picked":["Hologram","Barrage"],"picked":"Storm","floor":1},{"not_picked":["Redo","Rebound"],"picked":"Steam","floor":3},{"not_picked":["Genetic Algorithm","Fusion"],"picked":"All For One","floor":7},{"not_picked":["Streamline","Rebound"],"picked":"Hello World","floor":8},{"not_picked":["Fusion","Rebound"],"picked":"Static Discharge","floor":13},{"not_picked":["Cold Snap","Ball Lightning"],"picked":"Conserve Battery","floor":14}],"player_experience":898747,"relics_obtained":[{"floor":7,"key":"Strawberry"},{"floor":9,"key":"Ancient Tea Set"}],"event_choices":[{"event_name":"Transmorgrifier","player_choice":"Transform","floor":2,"damage_taken":0},{"event_name":"World of Goop","player_choice":"Gather Gold","floor":5,"damage_taken":0},{"event_name":"Bonfire Elementals","player_choice":"BASIC","floor":12,"damage_taken":0}],"is_beta":true,"boss_relics":[],"items_purged_floors":[11],"is_endless":false,"potions_floor_spawned":[7],"killed_by":"Hexaghost","ascension_level":15}