{"gold_per_floor":[109,109,129,145,70,70,104,117,162,162],"floor_reached":10,"playtime":478,"items_purged":["Strike_G"],"score":133,"play_id":"5cf25e66-3c27-4958-8f14-a21473c31c7b","local_time":"20190125185613","is_ascension_mode":true,"campfire_choices":[{"data":"Noxious Fumes","floor":6,"key":"SMITH"}],"neow_cost":"NONE","seed_source_timestamp":1386387247855447,"circlet_count":0,"master_deck":["AscendersBane","Defend_G","Defend_G","Defend_G","Defend_G","Defend_G","Strike_G","Strike_G","Strike_G","Strike_G","Survivor","Neutralize","Poisoned Stab","Catalyst","Noxious Fumes+1","PiercingWail","Footwork"],"relics":["Ring of the Snake","Oddly Smooth Stone","Ninja Scroll","Smiling Mask"],"potions_floor_usage":[7],"damage_taken":[{"damage":2,"enemies":"Cultist","floor":1,"turns":4},{"damage":0,"enemies":"2 Louse","floor":3,"turns":4},{"damage":2,"enemies":"Small Slimes","floor":4,"turns":4},{"damage":9,"enemies":"3 Sentries","floor":7,"turns":7},{"damage":5,"enemies":"3 Louse","floor":8,"turns":4},{"damage":31,"enemies":"Gremlin Gang","floor":10,"turns":4}],"seed_played":"414664180670425050","potions_obtained":[{"floor":3,"key":"GamblersBrew"},{"floor":7,"key":"Ancient Potion"}],"is_trial":false,"path_per_floor":["M","?","M","M","$","R","E","M","T","M"],"character_chosen":"THE_SILENT","items_purchased":[],"campfire_rested":0,"item_purchase_floors":[],"current_hp_per_floor":[57,57,57,55,55,55,46,41,41,10],"gold":162,"neow_bonus":"RANDOM_COMMON_RELIC","is_prod":false,"is_daily":false,"chose_seed":false,"campfire_upgraded":1,"win_rate":0,"timestamp":1548467773,"path_taken":["M","?","M","M","$","R","E","?","T","M"],"build_version":"2019-01-23","purchased_purges":1,"victory":false,"max_hp_per_floor":[66,66,66,66,66,66,66,66,66,66],"card_choices":[{"not_picked":["Acrobatics","Deadly Poison"],"picked":"Poisoned Stab","floor":1},{"not_picked":["Prepared","Underhanded Strike"],"picked":"Noxious Fumes","floor":3},{"not_picked":["Outmaneuver","Underhanded Strike"],"picked":"PiercingWail","floor":4},{"not_picked":["Dagger Throw","Infinite Blades","Storm of Steel"],"picked":"SKIP","floor":7},{"not_picked":["Cloak And Dagger","Prepared"],"picked":"Footwork","floor":8}],"player_experience":1249074,"relics_obtained":[{"floor":7,"key":"Ninja Scroll"},{"floor":9,"key":"Smiling Mask"}],"event_choices":[{"damage_healed":0,"gold_gain":0,"player_choice":"1 cards matched","damage_taken":0,"max_hp_gain":0,"max_hp_loss":0,"event_name":"Match and Keep!","floor":2,"gold_loss":0,"cards_obtained":["Catalyst"]}],"is_beta":true,"boss_relics":[],"items_purged_floors":[5],"is_endless":false,"potions_floor_spawned":[3,7],"killed_by":"Gremlin Gang","ascension_level":19}