{"gold_per_floor":[119,137,137,137,22,22,53,53,121,121,155,170,194,217,217,217],"floor_reached":16,"playtime":386,"items_purged":[],"score":270,"play_id":"2a857e4c-d710-4b19-a349-745ef717daef","local_time":"20190219161851","is_ascension_mode":true,"campfire_choices":[{"floor":6.0,"key":"REST"},{"data":"Fiend Fire","floor":10.0,"key":"SMITH"},{"floor":15.0,"key":"REST"}],"neow_cost":"NONE","seed_source_timestamp":367828713629553,"circlet_count":0,"master_deck":["AscendersBane","Strike_R+1","Strike_R","Strike_R","Strike_R","Strike_R+1","Defend_R","Defend_R+1","Defend_R","Defend_R+1","Bash+1","Carnage","Metallicize","Inflame","True Grit","Fiend Fire+1","Sword Boomerang","Shrug It Off","Body Slam"],"special_seed":0,"relics":["Burning Blood","NeowsBlessing","Strawberry","Whetstone","Golden Idol","Ornamental Fan","War Paint"],"potions_floor_usage":[],"damage_taken":[{"damage":0.0,"enemies":"Cultist","floor":1.0,"turns":1.0},{"damage":0.0,"enemies":"Jaw Worm","floor":2.0,"turns":1.0},{"damage":0.0,"enemies":"Lagavulin","floor":7.0,"turns":1.0},{"damage":33.0,"enemies":"3 Sentries","floor":11.0,"turns":6.0},{"damage":0.0,"enemies":"2 Louse","floor":12.0,"turns":2.0},{"damage":19.0,"enemies":"Gremlin Gang","floor":13.0,"turns":5.0},{"damage":16.0,"enemies":"Exordium Thugs","floor":14.0,"turns":6.0},{"damage":52,"enemies":"Hexaghost","floor":16,"turns":7}],"seed_played":"5731013751417976655","potions_obtained":[{"floor":1.0,"key":"BloodPotion"},{"floor":7.0,"key":"EssenceOfSteel"}],"is_trial":false,"path_per_floor":["M","M","?","?","$","R","E","?","T","R","E","M","M","M","R","B"],"character_chosen":"IRONCLAD","items_purchased":["Inflame","True Grit"],"campfire_rested":2,"item_purchase_floors":[5,5],"current_hp_per_floor":[74,75,37,37,37,61,67,67,67,67,47,53,40,30,52,0],"gold":217,"neow_bonus":"THREE_ENEMY_KILL","is_prod":false,"is_daily":false,"chose_seed":false,"campfire_upgraded":1,"win_rate":0,"timestamp":1550618331,"path_taken":["M","?","?","?","$","R","E","?","T","R","E","M","M","M","R","BOSS"],"build_version":"2019-01-23","purchased_purges":0,"victory":false,"max_hp_per_floor":[75,75,82,82,82,82,82,74,74,74,74,74,74,74,74,74],"card_choices":[{"not_picked":["Rampage","Havoc"],"picked":"Carnage","floor":1.0},{"not_picked":["Warcry","Sentinel"],"picked":"Metallicize","floor":2.0},{"not_picked":["Feel No Pain","Wild Strike"],"picked":"Fiend Fire","floor":7.0},{"not_picked":["Corruption","Cleave"],"picked":"Sword Boomerang","floor":11.0},{"not_picked":["Shockwave","Clothesline"],"picked":"Shrug It Off","floor":12.0},{"not_picked":["Sword Boomerang","Warcry","Rupture"],"picked":"SKIP","floor":13.0},{"not_picked":["Cleave","Burning Pact"],"picked":"Body Slam","floor":14.0}],"player_experience":849096,"relics_obtained":[{"floor":7.0,"key":"Whetstone"},{"floor":9.0,"key":"Ornamental Fan"},{"floor":11.0,"key":"War Paint"}],"event_choices":[{"damage_healed":0.0,"max_hp_gain":0.0,"max_hp_loss":0.0,"gold_gain":0.0,"event_name":"Scrap Ooze","player_choice":"Success","floor":3.0,"gold_loss":0.0,"damage_taken":45.0,"relics_obtained":["Strawberry"]},{"damage_healed":0.0,"max_hp_gain":0.0,"max_hp_loss":0.0,"gold_gain":0.0,"event_name":"Living Wall","player_choice":"Grow","floor":4.0,"gold_loss":0.0,"damage_taken":0.0,"cards_upgraded":["Bash"]},{"damage_healed":0.0,"max_hp_gain":0.0,"max_hp_loss":8.0,"gold_gain":0.0,"event_name":"Golden Idol","player_choice":"Lose Max HP","floor":8.0,"gold_loss":0.0,"damage_taken":0.0,"relics_obtained":["Golden Idol"]}],"is_beta":false,"boss_relics":[],"items_purged_floors":[],"is_endless":false,"potions_floor_spawned":[1,7],"killed_by":"Hexaghost","ascension_level":20}