{"gold_per_floor":[117,16,31,31,31,58,58,90,115,290,303,303,323,323,323,419,419,429,120,140,15,15,41,41,61,61,61,77,88,116,134,134,230,230,243,153,23,35,50,82,82,82],"floor_reached":42,"playtime":3726,"items_purged":["Defend_B","Doom and Gloom","Blizzard"],"score":882,"play_id":"d1ac40df-be54-4466-8258-5f23406ccccc","local_time":"20190219024538","is_ascension_mode":true,"campfire_choices":[{"data":"Barrage","floor":7.0,"key":"SMITH"},{"data":"Rainbow","floor":12.0,"key":"SMITH"},{"data":"Zap","floor":15.0,"key":"SMITH"},{"data":"Hologram","floor":24.0,"key":"SMITH"},{"floor":27.0,"key":"REST"},{"floor":32.0,"key":"REST"},{"floor":41,"key":"REST"}],"neow_cost":"NONE","seed_source_timestamp":425291072961454,"circlet_count":0,"master_deck":["AscendersBane","Zap+1","Dualcast","Coolheaded","Barrage+1","BootSequence+1","Rainbow+1","Buffer","Defragment","Thunder Strike","Hologram+1","Steam Power","Undo","Coolheaded","Cold Snap","Skim","Turbo+1","Hologram","Biased Cognition","Go for the Eyes","Multi-Cast","Turbo","Defragment","Ball Lightning","Coolheaded","Ball Lightning+1","Tempest"],"special_seed":0,"relics":["Cracked Core","NeowsBlessing","DataDisk","Centennial Puzzle","Bronze Scales","Pandora\u0027s Box","Runic Capacitor","Mango","Calipers","Runic Pyramid","Bag of Marbles"],"potions_floor_usage":[33,40],"damage_taken":[{"damage":0.0,"enemies":"Cultist","floor":1.0,"turns":1.0},{"damage":0.0,"enemies":"Small Slimes","floor":3.0,"turns":1.0},{"damage":0.0,"enemies":"Lagavulin","floor":6.0,"turns":1.0},{"damage":21.0,"enemies":"3 Sentries","floor":8.0,"turns":6.0},{"damage":0.0,"enemies":"2 Louse","floor":11.0,"turns":2.0},{"damage":0.0,"enemies":"Large Slime","floor":13.0,"turns":4.0},{"damage":14.0,"enemies":"Slime Boss","floor":16.0,"turns":7.0},{"damage":12.0,"enemies":"2 Thieves","floor":18.0,"turns":2.0},{"damage":12.0,"enemies":"Chosen","floor":20.0,"turns":5.0},{"damage":10.0,"enemies":"Colosseum Slavers","floor":22.0,"turns":3.0},{"damage":29.0,"enemies":"Slavers","floor":23.0,"turns":5.0},{"damage":1.0,"enemies":"Snecko","floor":25.0,"turns":4.0},{"damage":15.0,"enemies":"Snake Plant","floor":28.0,"turns":3.0},{"damage":4.0,"enemies":"Centurion and Healer","floor":29.0,"turns":6.0},{"damage":19.0,"enemies":"Book of Stabbing","floor":30.0,"turns":4.0},{"damage":0.0,"enemies":"Snecko","floor":31.0,"turns":4.0},{"damage":0,"enemies":"Automaton","floor":33,"turns":12},{"damage":18,"enemies":"3 Darklings","floor":35,"turns":6},{"damage":5,"enemies":"Orb Walker","floor":38,"turns":3},{"damage":0,"enemies":"Spire Growth","floor":39,"turns":4},{"damage":33,"enemies":"Giant Head","floor":40,"turns":9}],"seed_played":"1458105274234081471","potions_obtained":[{"floor":11.0,"key":"FearPotion"},{"floor":13.0,"key":"SkillPotion"},{"floor":16.0,"key":"PowerPotion"},{"floor":23.0,"key":"GamblersBrew"},{"floor":25.0,"key":"Energy Potion"},{"floor":29.0,"key":"Strength Potion"},{"floor":31.0,"key":"SpeedPotion"},{"floor":35,"key":"SteroidPotion"}],"is_trial":false,"path_per_floor":["M","$","M","?","$","E","R","E","T","?","M","R","M","?","R","B",null,"M","$","M","$","?","E","R","M","T","R","M","M","E","M","R","B",null,"M","?","$","M","M","E","R","M"],"character_chosen":"DEFECT","items_purchased":["Barrage","Runic Capacitor","Defragment","Ball Lightning"],"campfire_rested":3,"item_purchase_floors":[2,19,37,37],"current_hp_per_floor":[68,68,68,73,73,73,73,52,52,52,52,52,52,52,52,38,66,54,54,42,42,32,17,17,16,16,42,27,23,4,4,30,30,74,56,56,56,51,51,18,44,0],"gold":82,"neow_bonus":"THREE_ENEMY_KILL","is_prod":false,"is_daily":false,"chose_seed":false,"campfire_upgraded":4,"win_rate":0,"timestamp":1550540738,"path_taken":["M","$","?","?","?","E","R","E","T","?","M","R","M","?","R","BOSS","M","$","?","$","?","E","R","M","T","R","M","M","E","M","R","BOSS","M","?","$","M","M","E","R","?"],"build_version":"2019-01-23","purchased_purges":3,"victory":false,"max_hp_per_floor":[75,75,75,75,75,75,75,75,75,75,75,75,75,75,75,75,75,75,75,75,75,75,89,89,89,89,89,89,89,89,89,89,89,89,89,89,89,89,89,89,89,89],"card_choices":[{"not_picked":["Sweeping Beam","Turbo"],"picked":"Coolheaded","floor":1.0},{"not_picked":["Hello World","Stack"],"picked":"Rebound","floor":3.0},{"not_picked":["All For One","Beam Cell"],"picked":"BootSequence","floor":6.0},{"not_picked":["Rebound","Lockon"],"picked":"Rainbow","floor":8.0},{"not_picked":["Consume","Auto Shields"],"picked":"Rebound","floor":11.0},{"not_picked":["Gash","Turbo","Stack"],"picked":"SKIP","floor":13.0},{"not_picked":["Core Surge","All For One"],"picked":"Buffer","floor":16.0},{"not_picked":["Darkness","Genetic Algorithm"],"picked":"Coolheaded","floor":18.0},{"not_picked":["Conserve Battery","Skim"],"picked":"Cold Snap","floor":20.0},{"not_picked":["Streamline","Undo"],"picked":"Skim","floor":23.0},{"not_picked":["Sunder+1","Undo","Rebound"],"picked":"SKIP","floor":25.0},{"not_picked":["Streamline","Static Discharge"],"picked":"Turbo+1","floor":28.0},{"not_picked":["Blizzard","Sweeping Beam"],"picked":"Hologram","floor":29.0},{"not_picked":["Redo","Doom and Gloom"],"picked":"Biased Cognition","floor":30.0},{"not_picked":["Streamline","Turbo"],"picked":"Go for the Eyes","floor":31.0},{"not_picked":["Seek","Creative AI"],"picked":"Multi-Cast","floor":33},{"not_picked":["Storm+1","Sweeping Beam+1"],"picked":"Turbo","floor":35},{"not_picked":["Beam Cell+1","Scrape"],"picked":"Coolheaded","floor":38},{"not_picked":["Hologram+1","Doom and Gloom"],"picked":"Ball Lightning+1","floor":39},{"not_picked":["Conserve Battery","Rip and Tear"],"picked":"Tempest","floor":40}],"player_experience":206854,"relics_obtained":[{"floor":6.0,"key":"DataDisk"},{"floor":8.0,"key":"Centennial Puzzle"},{"floor":9.0,"key":"Bronze Scales"},{"floor":23.0,"key":"Mango"},{"floor":30.0,"key":"Calipers"},{"floor":40,"key":"Bag of Marbles"}],"event_choices":[{"cards_removed":["Rebound"],"damage_healed":5.0,"max_hp_gain":0.0,"max_hp_loss":0.0,"gold_gain":0.0,"event_name":"Bonfire Elementals","player_choice":"Offered Common","floor":4.0,"gold_loss":0.0,"damage_taken":0.0},{"cards_removed":["Rebound"],"damage_healed":5.0,"max_hp_gain":0.0,"max_hp_loss":0.0,"gold_gain":0.0,"event_name":"Bonfire Elementals","player_choice":"Offered Special","floor":4.0,"gold_loss":0.0,"damage_taken":0.0},{"damage_healed":0.0,"max_hp_gain":0.0,"max_hp_loss":0.0,"gold_gain":175.0,"event_name":"Liars Game","player_choice":"AGREE","floor":10.0,"gold_loss":0.0,"damage_taken":0.0,"cards_obtained":["Doubt"]},{"cards_removed":["Doubt"],"damage_healed":0.0,"max_hp_gain":0.0,"max_hp_loss":0.0,"gold_gain":0.0,"event_name":"Purifier","player_choice":"Purged","floor":14.0,"gold_loss":0.0,"damage_taken":0.0},{"damage_healed":0.0,"max_hp_gain":0.0,"max_hp_loss":0.0,"gold_gain":0.0,"event_name":"Colosseum","player_choice":"Fight","floor":22.0,"gold_loss":0.0,"damage_taken":0.0},{"damage_healed":0.0,"max_hp_gain":0.0,"max_hp_loss":0.0,"gold_gain":0.0,"event_name":"Colosseum","player_choice":"Fled From Nobs","floor":22.0,"gold_loss":0.0,"damage_taken":0.0},{"cards_removed":["Rebound"],"damage_healed":0,"gold_gain":0,"player_choice":"Upgrade and Remove","damage_taken":0,"max_hp_gain":0,"max_hp_loss":0,"event_name":"Designer","floor":36,"gold_loss":90,"cards_upgraded":["BootSequence"]}],"is_beta":false,"boss_relics":[{"not_picked":["Velvet Choker","Coffee Dripper"],"picked":"Pandora\u0027s Box"},{"not_picked":["Empty Cage","White Beast Statue"],"picked":"Runic Pyramid"}],"items_purged_floors":[2,19,21],"is_endless":false,"potions_floor_spawned":[11,13,16,23,25,29,31,35],"killed_by":"4 Shapes","ascension_level":12}