{"gold_per_floor":[113,113,113,113,128,128,149,173,473,473,487,528,528,549,549,678,678,698,698,717,717],"floor_reached":21,"playtime":13151,"items_purged":[],"score":206,"play_id":"37735b81-dc5c-4857-a135-a349ca5b412c","local_time":"20190201151337","is_ascension_mode":false,"campfire_choices":[{"data":"Streamline","floor":6,"key":"SMITH"},{"floor":10,"key":"REST"},{"floor":15,"key":"REST"}],"neow_cost":"NONE","seed_source_timestamp":1137252948757208,"circlet_count":0,"master_deck":["Strike_B","Strike_B","Strike_B","Strike_B","Defend_B","Defend_B","Defend_B","Defend_B","Zap","Dualcast+1","Streamline+1","Leap","Biased Cognition","Doom and Gloom","Coolheaded","Hologram","Self Repair","Thunder Strike","Aggregate","White Noise","Go for the Eyes","FTL","Stack","Aggregate","Panacea","Impatience","Forethought","All For One"],"relics":["Cracked Core","Golden Idol","Pear","Old Coin","Calipers","Orrery"],"potions_floor_usage":[21],"damage_taken":[{"damage":1,"enemies":"Jaw Worm","floor":1,"turns":3},{"damage":1,"enemies":"Cultist","floor":5,"turns":4},{"damage":6,"enemies":"2 Louse","floor":7,"turns":3},{"damage":16,"enemies":"Gremlin Gang","floor":8,"turns":4},{"damage":13,"enemies":"2 Fungi Beasts","floor":11,"turns":3},{"damage":28,"enemies":"Gremlin Nob","floor":12,"turns":4},{"damage":14,"enemies":"3 Louse","floor":14,"turns":2},{"damage":26,"enemies":"Slime Boss","floor":16,"turns":11},{"damage":8,"enemies":"Shell Parasite","floor":18,"turns":12},{"damage":5,"enemies":"Spheric Guardian","floor":20,"turns":4},{"damage":61,"enemies":"Colosseum Slavers","floor":21,"turns":4}],"seed_played":"-4182838775905181225","potions_obtained":[{"floor":5,"key":"EssenceOfSteel"},{"floor":12,"key":"Weak Potion"},{"floor":16,"key":"Ancient Potion"}],"is_trial":false,"path_per_floor":["M","?","?","T","M","R","M","M","T","R","M","E","?","M","R","B",null,"M","?","M","?"],"character_chosen":"DEFECT","items_purchased":[],"campfire_rested":2,"item_purchase_floors":[],"current_hp_per_floor":[81,61,82,92,91,91,85,69,69,92,79,51,51,37,64,45,92,91,55,57,0],"gold":717,"neow_bonus":"TEN_PERCENT_HP_BONUS","is_prod":false,"is_daily":false,"chose_seed":false,"campfire_upgraded":1,"win_rate":0.0,"timestamp":1549034017,"path_taken":["M","?","?","?","M","R","M","?","T","R","M","E","?","M","R","BOSS","M","?","?","?"],"build_version":"2019-01-23","purchased_purges":0,"victory":false,"max_hp_per_floor":[82,82,82,92,92,92,92,92,92,92,92,92,92,92,92,92,92,92,92,92,92],"card_choices":[{"not_picked":["Go for the Eyes","Chaos"],"picked":"Streamline","floor":1},{"not_picked":["Gash","Stack"],"picked":"Leap","floor":5},{"not_picked":["Gash","Chaos"],"picked":"Biased Cognition","floor":7},{"not_picked":["Scrape","Beam Cell"],"picked":"Doom and Gloom","floor":8},{"not_picked":["Barrage","Compile Driver"],"picked":"Coolheaded","floor":11},{"not_picked":["Steam","Coolheaded"],"picked":"Hologram","floor":12},{"not_picked":["Cold Snap","Electrodynamics"],"picked":"Self Repair","floor":14},{"not_picked":["Fission","Buffer"],"picked":"Thunder Strike","floor":16},{"not_picked":["Cold Snap","Leap"],"picked":"Aggregate","floor":17},{"not_picked":["Melter","Force Field"],"picked":"White Noise","floor":17},{"not_picked":["Gash","Barrage"],"picked":"Go for the Eyes","floor":17},{"not_picked":["Hello World","Stack"],"picked":"FTL","floor":17},{"not_picked":["Self Repair","BootSequence"],"picked":"Stack","floor":17},{"not_picked":["Streamline","Chaos"],"picked":"Aggregate","floor":18},{"not_picked":["Streamline","Gash"],"picked":"All For One","floor":20}],"player_experience":20059,"relics_obtained":[{"floor":4,"key":"Pear"},{"floor":9,"key":"Old Coin"},{"floor":12,"key":"Calipers"}],"event_choices":[{"damage_healed":0,"gold_gain":0,"player_choice":"Take Damage","damage_taken":20,"relics_obtained":["Golden Idol"],"max_hp_gain":0,"max_hp_loss":0,"event_name":"Golden Idol","floor":2,"gold_loss":0},{"damage_healed":27,"gold_gain":0,"player_choice":"Banana","damage_taken":0,"max_hp_gain":0,"max_hp_loss":0,"event_name":"Big Fish","floor":3,"gold_loss":0},{"damage_healed":0,"gold_gain":0,"player_choice":"Grow","damage_taken":0,"max_hp_gain":0,"max_hp_loss":0,"event_name":"Living Wall","floor":13,"gold_loss":0,"cards_upgraded":["Dualcast"]},{"damage_healed":0,"gold_gain":0,"player_choice":"CARD CARD CARD ","damage_taken":36,"max_hp_gain":0,"max_hp_loss":0,"event_name":"Knowing Skull","floor":19,"potions_obtained":[],"gold_loss":0,"cards_obtained":["Panacea","Impatience","Forethought"]},{"damage_healed":0,"gold_gain":0,"player_choice":"Fight","damage_taken":0,"max_hp_gain":0,"max_hp_loss":0,"event_name":"Colosseum","floor":21,"gold_loss":0}],"is_beta":false,"boss_relics":[{"not_picked":["Snecko Eye","Lizard Tail"],"picked":"Orrery"}],"items_purged_floors":[],"is_endless":false,"potions_floor_spawned":[5,12,16,18,20],"killed_by":"Colosseum Slavers","ascension_level":0}