{"gold_per_floor":[113,125,20,39,39,39,39,57,83,83,97,132,132,56,56,133,133,150,200,213,226,141,141],"floor_reached":23,"playtime":792,"items_purged":[],"score":532,"play_id":"b03fd3c5-e825-4af6-a611-c333a5fb965a","local_time":"20190117175801","is_ascension_mode":true,"campfire_choices":[{"data":"Defragment","floor":6,"key":"SMITH"},{"floor":10,"key":"REST"},{"data":"Zap","floor":13,"key":"SMITH"},{"data":"Capacitor","floor":15,"key":"SMITH"}],"neow_cost":"NONE","seed_source_timestamp":691380720253462,"circlet_count":0,"master_deck":["AscendersBane","Strike_B","Strike_B","Strike_B","Strike_B","Defend_B","Defend_B","Defend_B","Defend_B","Zap+1","Dualcast","Buffer+1","Defragment+1","Sweeping Beam","Ball Lightning","Coolheaded","Chill","Conserve Battery","Ball Lightning","Conserve Battery","Capacitor+1","Machine Learning","Capacitor","Self Repair","White Noise+1"],"relics":["Cracked Core","Blood Vial","Bronze Scales","Mercury Hourglass","Sozu","Omamori"],"potions_floor_usage":[8,16,23],"damage_taken":[{"damage":6,"enemies":"Cultist","floor":1,"turns":5},{"damage":4,"enemies":"Jaw Worm","floor":2,"turns":4},{"damage":0,"enemies":"Small Slimes","floor":4,"turns":2},{"damage":18,"enemies":"3 Louse","floor":8,"turns":4},{"damage":11,"enemies":"Blue Slaver","floor":11,"turns":3},{"damage":0,"enemies":"Gremlin Nob","floor":12,"turns":4},{"damage":0,"enemies":"The Guardian","floor":16,"turns":9},{"damage":12,"enemies":"Shell Parasite","floor":18,"turns":5},{"damage":0,"enemies":"3 Byrds","floor":20,"turns":3},{"damage":46,"enemies":"Shelled Parasite and Fungi","floor":21,"turns":5},{"damage":9,"enemies":"Book of Stabbing","floor":23,"turns":2}],"seed_played":"-6902420648970554427","potions_obtained":[{"floor":2,"key":"Dexterity Potion"},{"floor":4,"key":"LiquidBronze"},{"floor":11,"key":"SkillPotion"}],"is_trial":false,"path_per_floor":["M","M","$","M","?","R","?","M","T","R","M","E","R","$","R","B",null,"M","?","M","M","?","E"],"character_chosen":"DEFECT","items_purchased":["Ball Lightning","Coolheaded","Capacitor"],"campfire_rested":1,"item_purchase_floors":[3,3,14],"current_hp_per_floor":[58,54,54,54,54,54,36,20,20,41,32,34,34,34,34,36,62,52,45,47,10,10,3],"gold":141,"neow_bonus":"ONE_RANDOM_RARE_CARD","is_prod":false,"is_daily":false,"chose_seed":false,"campfire_upgraded":3,"win_rate":0,"timestamp":1547773081,"path_taken":["M","M","$","M","?","R","?","M","T","R","M","E","R","?","R","BOSS","M","?","?","M","?","E"],"build_version":"2019-01-16","purchased_purges":0,"victory":false,"max_hp_per_floor":[71,71,71,71,71,71,71,71,71,71,71,71,71,71,71,71,71,71,71,71,71,71,71],"card_choices":[{"not_picked":["Gash","Darkness"],"picked":"Defragment","floor":1},{"not_picked":["Blizzard","Rebound"],"picked":"Sweeping Beam","floor":2},{"not_picked":["Conserve Battery","Beam Cell"],"picked":"Chill","floor":4},{"not_picked":["Hologram","Force Field"],"picked":"Conserve Battery","floor":8},{"not_picked":["Gash","Compile Driver"],"picked":"Ball Lightning","floor":11},{"not_picked":["Rebound","Barrage"],"picked":"Conserve Battery","floor":12},{"not_picked":["Hyperbeam","Seek"],"picked":"Machine Learning","floor":16},{"not_picked":["Beam Cell","Conserve Battery"],"picked":"Capacitor","floor":18},{"not_picked":["Turbo","Gash"],"picked":"Self Repair","floor":20},{"not_picked":["Reinforced Body","Compile Driver"],"picked":"White Noise+1","floor":21}],"player_experience":1212807,"relics_obtained":[{"floor":9,"key":"Bronze Scales"},{"floor":12,"key":"Mercury Hourglass"}],"event_choices":[{"damage_healed":0,"gold_gain":0,"player_choice":"Grow","damage_taken":0,"max_hp_gain":0,"max_hp_loss":0,"event_name":"Living Wall","floor":5,"gold_loss":0,"cards_upgraded":["Buffer"]},{"damage_healed":0,"gold_gain":0,"player_choice":"Success","damage_taken":18,"relics_obtained":["Blood Vial"],"max_hp_gain":0,"max_hp_loss":0,"event_name":"Scrap Ooze","floor":7,"gold_loss":0},{"damage_healed":0,"gold_gain":50,"player_choice":"Touch","damage_taken":7,"max_hp_gain":0,"max_hp_loss":0,"event_name":"FaceTrader","floor":19,"gold_loss":0},{"damage_healed":0,"gold_gain":0,"player_choice":"Obtained Relic","damage_taken":0,"relics_obtained":["Omamori"],"max_hp_gain":0,"max_hp_loss":0,"event_name":"Addict","floor":22,"gold_loss":85}],"is_beta":true,"boss_relics":[{"not_picked":["Velvet Choker","Runic Dome"],"picked":"Sozu"}],"items_purged_floors":[],"is_endless":false,"potions_floor_spawned":[2,4,11,18,21],"killed_by":"Book of Stabbing","ascension_level":20}