{"gold_per_floor":[117,132,142,142,152,152,212,212,237,248,248],"floor_reached":11,"playtime":554,"items_purged":[],"score":86,"play_id":"66f7fea6-c9ae-461b-88f8-1bd203148b56","local_time":"20190127202053","is_ascension_mode":true,"campfire_choices":[{"data":"Hologram","floor":6,"key":"SMITH"}],"neow_cost":"NONE","seed_source_timestamp":367852666024494,"circlet_count":0,"master_deck":["Strike_B","Strike_B","Strike_B","Defend_B","Defend_B","Defend_B","Defend_B","Zap","Dualcast","Hologram+1","Turbo","Gash","Pain","Turbo","Go for the Eyes","FTL"],"relics":["Cracked Core","WarpedTongs","Tiny Chest","PreservedInsect"],"potions_floor_usage":[5,11],"damage_taken":[{"damage":6,"enemies":"Cultist","floor":1,"turns":4},{"damage":0,"enemies":"2 Louse","floor":2,"turns":2},{"damage":0,"enemies":"Small Slimes","floor":3,"turns":2},{"damage":11,"enemies":"Looter","floor":5,"turns":2},{"damage":19,"enemies":"Lagavulin","floor":7,"turns":6},{"damage":11,"enemies":"3 Louse","floor":10,"turns":3},{"damage":29,"enemies":"Gremlin Nob","floor":11,"turns":3}],"seed_played":"194684350914319388","potions_obtained":[{"floor":3,"key":"LiquidBronze"},{"floor":10,"key":"LiquidBronze"}],"is_trial":false,"path_per_floor":["M","M","M","?","M","R","E","?","T","M","E"],"character_chosen":"DEFECT","items_purchased":[],"campfire_rested":0,"item_purchase_floors":[],"current_hp_per_floor":[76,76,76,76,65,65,46,39,39,28,0],"gold":248,"neow_bonus":"TEN_PERCENT_HP_BONUS","is_prod":false,"is_daily":false,"chose_seed":false,"campfire_upgraded":1,"win_rate":0,"timestamp":1548616853,"path_taken":["M","?","?","?","?","R","E","?","T","M","E"],"build_version":"2019-01-23","purchased_purges":0,"victory":false,"max_hp_per_floor":[82,82,82,82,82,82,82,82,82,82,82],"card_choices":[{"not_picked":["Reinforced Body","Redo"],"picked":"Hologram","floor":1},{"not_picked":["Rebound","Ball Lightning"],"picked":"Turbo","floor":2},{"not_picked":["Steam","Redo"],"picked":"Gash","floor":3},{"not_picked":["Ball Lightning","Redo"],"picked":"Turbo","floor":5},{"not_picked":["Redo","Blizzard"],"picked":"Go for the Eyes","floor":7},{"not_picked":["Compile Driver","Glacier"],"picked":"FTL","floor":10}],"player_experience":102662,"relics_obtained":[{"floor":7,"key":"Tiny Chest"},{"floor":9,"key":"PreservedInsect"}],"event_choices":[{"damage_healed":0,"gold_gain":0,"player_choice":"Rummage","damage_taken":0,"relics_obtained":["WarpedTongs"],"max_hp_gain":0,"max_hp_loss":0,"event_name":"Accursed Blacksmith","floor":4,"gold_loss":0,"cards_obtained":["Pain"]},{"cards_removed":["Strike_B"],"damage_healed":0,"gold_gain":0,"player_choice":"Card Removal","damage_taken":7,"max_hp_gain":0,"max_hp_loss":0,"event_name":"Golden Wing","floor":8,"gold_loss":0}],"is_beta":false,"boss_relics":[],"items_purged_floors":[],"is_endless":false,"potions_floor_spawned":[3,10],"killed_by":"Gremlin Nob","ascension_level":3}