{"gold_per_floor":[16,16,30,41,60,95,95,20,20,95,122,134,162,172,172,172],"floor_reached":16,"playtime":1132,"items_purged":["Strike_B"],"score":162,"play_id":"cce1ec73-eef2-494a-9d84-bb9dadd17d83","local_time":"20190125160122","is_ascension_mode":true,"campfire_choices":[{"floor":7,"key":"RECALL"},{"data":"Fission","floor":15,"key":"SMITH"}],"neow_cost":"NO_GOLD","seed_source_timestamp":178893937833205,"circlet_count":0,"master_deck":["Strike_B","Strike_B","Strike_B","Defend_B","Defend_B","Defend_B","Defend_B","Zap","Dualcast","Fission+1","Cold Snap","Leap","Cold Snap","Fission+1","Conserve Battery+1","Coolheaded+1","Tempest+1","Fusion+1"],"relics":["Cracked Core","Toxic Egg 2","Bottled Lightning","Mango"],"potions_floor_usage":[6,13,13,16],"damage_taken":[{"damage":0,"enemies":"Small Slimes","floor":1,"turns":3},{"damage":0,"enemies":"2 Louse","floor":3,"turns":2},{"damage":0,"enemies":"Cultist","floor":4,"turns":3},{"damage":18,"enemies":"3 Louse","floor":5,"turns":3},{"damage":4,"enemies":"Lagavulin","floor":6,"turns":10},{"damage":28,"enemies":"3 Sentries","floor":11,"turns":11},{"damage":1,"enemies":"Looter","floor":12,"turns":4},{"damage":0,"enemies":"Gremlin Nob","floor":13,"turns":3},{"damage":0,"enemies":"Large Slime","floor":14,"turns":7},{"damage":27,"enemies":"Slime Boss","floor":16,"turns":7}],"seed_played":"598701571989819618","potions_obtained":[{"floor":5,"key":"SkillPotion"},{"floor":11,"key":"Fire Potion"},{"floor":12,"key":"SpeedPotion"},{"floor":14,"key":"SteroidPotion"}],"is_trial":false,"path_per_floor":["M","?","M","M","M","E","R","$","T","?","E","M","E","M","R","B"],"character_chosen":"DEFECT","items_purchased":[],"campfire_rested":0,"item_purchase_floors":[],"current_hp_per_floor":[75,75,75,75,57,53,53,53,53,42,14,13,27,27,27,0],"gold":172,"neow_bonus":"THREE_RARE_CARDS","is_prod":false,"is_daily":false,"chose_seed":false,"campfire_upgraded":1,"win_rate":0,"timestamp":1548428482,"path_taken":["M","?","M","M","M","E","R","$","T","?","E","M","E","M","R","BOSS"],"build_version":"2019-01-23","purchased_purges":1,"victory":false,"max_hp_per_floor":[75,75,75,75,75,75,75,75,75,75,75,75,89,89,89,89],"card_choices":[{"not_picked":["Core Surge","Hyperbeam"],"picked":"Fission","floor":0},{"not_picked":["Streamline","Beam Cell"],"picked":"Cold Snap","floor":1},{"not_picked":["Go for the Eyes","Gash"],"picked":"Leap","floor":3},{"not_picked":["Stack","Doom and Gloom","Steam Power"],"picked":"SKIP","floor":4},{"not_picked":["Barrage","Rip and Tear"],"picked":"Cold Snap","floor":5},{"not_picked":["Defragment","Streamline"],"picked":"Fission","floor":6},{"not_picked":["Leap+1","Scrape"],"picked":"Conserve Battery+1","floor":11},{"not_picked":["Rebound","Rainbow+1"],"picked":"Coolheaded+1","floor":12},{"not_picked":["Leap+1","Barrage"],"picked":"Tempest+1","floor":13},{"not_picked":["Steam+1","Melter"],"picked":"Fusion+1","floor":14}],"player_experience":72748,"relics_obtained":[{"floor":6,"key":"Toxic Egg 2"},{"floor":11,"key":"Bottled Lightning"},{"floor":13,"key":"Mango"}],"event_choices":[{"damage_healed":0,"gold_gain":0,"player_choice":"Leave","damage_taken":0,"max_hp_gain":0,"max_hp_loss":0,"event_name":"The Cleric","floor":2,"gold_loss":0},{"damage_healed":0,"gold_gain":75,"player_choice":"Gather Gold","damage_taken":11,"max_hp_gain":0,"max_hp_loss":0,"event_name":"World of Goop","floor":10,"gold_loss":0}],"is_beta":false,"boss_relics":[],"items_purged_floors":[8],"is_endless":false,"potions_floor_spawned":[5,11,12,14],"killed_by":"Slime Boss","ascension_level":2}