{"gold_per_floor":[114,134,7,17,35,35,51,51,51,51,51,81,81,99,99,174,174,153,171,96,40,51,51,77,77],"floor_reached":25,"playtime":982,"items_purged":["Strike_R"],"score":449,"play_id":"8419f502-e936-4933-b9f0-1066801bed27","local_time":"20181202003347","is_ascension_mode":true,"campfire_choices":[{"data":"Rampage","floor":6,"key":"SMITH"},{"data":"Flame Barrier","floor":8,"key":"SMITH"},{"floor":13,"key":"REST"},{"data":"True Grit","floor":15,"key":"SMITH"},{"data":"Shockwave","floor":23,"key":"SMITH"}],"neow_cost":"NONE","seed_source_timestamp":1577274152664296,"circlet_count":0,"master_deck":["AscendersBane","Strike_R","Strike_R","Defend_R","Defend_R","Defend_R","Defend_R","Bash","Rampage+1","Feed","True Grit+1","Flame Barrier+1","Clothesline","Headbutt","Offering","Body Slam+1","Shockwave+1","Corruption+1"],"relics":["Burning Blood","Bottled Flame","Frozen Egg 2","Runic Cube","Vajra"],"potions_floor_usage":[0,1,5,16,18,22,24,25],"damage_taken":[{"damage":0,"enemies":"Small Slimes","floor":1,"turns":3},{"damage":2,"enemies":"Cultist","floor":2,"turns":4},{"damage":0,"enemies":"Jaw Worm","floor":4,"turns":5},{"damage":9,"enemies":"Exordium Thugs","floor":5,"turns":8},{"damage":5,"enemies":"Blue Slaver","floor":7,"turns":6},{"damage":75,"enemies":"Gremlin Nob","floor":12,"turns":6},{"damage":4,"enemies":"2 Fungi Beasts","floor":14,"turns":3},{"damage":57,"enemies":"Slime Boss","floor":16,"turns":9},{"damage":14,"enemies":"2 Thieves","floor":18,"turns":4},{"damage":25,"enemies":"Spheric Guardian","floor":19,"turns":5},{"damage":13,"enemies":"Cultist and Chosen","floor":22,"turns":7},{"damage":38,"enemies":"Slavers","floor":24,"turns":9},{"damage":6,"enemies":"Snake Plant","floor":25,"turns":1}],"seed_played":"621343935336169427","potions_obtained":[{"floor":0,"key":"SteroidPotion"},{"floor":0,"key":"Fruit Juice"},{"floor":4,"key":"SpeedPotion"},{"floor":7,"key":"Regen Potion"},{"floor":16,"key":"Weak Potion"},{"floor":22,"key":"Block Potion"},{"floor":24,"key":"AttackPotion"}],"is_trial":false,"path_per_floor":["M","M","$","M","M","R","M","R","T","$","?","E","R","M","R","B",null,"M","M","?","$","M","R","E","M"],"character_chosen":"IRONCLAD","items_purchased":["True Grit","Block Potion"],"campfire_rested":1,"item_purchase_floors":[3,21],"current_hp_per_floor":[79,80,80,83,83,83,84,84,84,84,84,15,40,45,45,9,69,61,45,45,45,41,41,9,3],"gold":77,"neow_bonus":"THREE_SMALL_POTIONS","is_prod":false,"is_daily":false,"chose_seed":false,"campfire_upgraded":4,"win_rate":0,"timestamp":1543736027,"path_taken":["M","M","$","M","M","R","M","R","T","$","?","E","R","M","R","BOSS","M","?","?","$","M","R","E","M"],"build_version":"2018-11-15","purchased_purges":1,"victory":false,"max_hp_per_floor":[80,80,80,83,86,86,86,86,86,86,86,86,86,89,89,89,89,89,92,92,92,95,95,95,95],"card_choices":[{"not_picked":["Wild Strike","Shrug It Off"],"picked":"Rampage","floor":1},{"not_picked":["Rupture","Shrug It Off"],"picked":"Feed","floor":2},{"not_picked":["Shrug It Off","True Grit"],"picked":"Flame Barrier","floor":4},{"not_picked":["Power Through","Wild Strike","Twin Strike"],"picked":"SKIP","floor":5},{"not_picked":["Havoc","Flex","True Grit"],"picked":"SKIP","floor":7},{"not_picked":["Pummel","Body Slam"],"picked":"Clothesline","floor":12},{"not_picked":["Havoc","Bloodletting"],"picked":"Headbutt","floor":14},{"not_picked":["Impervious","Feed"],"picked":"Offering","floor":16},{"not_picked":["Sword Boomerang","Evolve+1"],"picked":"Body Slam+1","floor":18},{"not_picked":["Wild Strike","Warcry"],"picked":"Shockwave","floor":19},{"not_picked":["Thunderclap","Anger","Perfected Strike"],"picked":"SKIP","floor":22},{"not_picked":["Warcry","Battle Trance"],"picked":"Corruption+1","floor":24}],"player_experience":1153020,"relics_obtained":[{"floor":9,"key":"Bottled Flame"},{"floor":12,"key":"Frozen Egg 2"},{"floor":24,"key":"Vajra"}],"event_choices":[{"cards_removed":["Strike_R"],"damage_healed":0,"gold_gain":0,"player_choice":"Purged","damage_taken":0,"max_hp_gain":0,"max_hp_loss":0,"event_name":"Purifier","floor":11,"gold_loss":0},{"cards_removed":["Strike_R"],"damage_healed":0,"gold_gain":0,"player_choice":"Gave Gold","damage_taken":0,"max_hp_gain":0,"max_hp_loss":0,"event_name":"Beggar","floor":20,"gold_loss":75}],"is_beta":true,"boss_relics":[{"not_picked":["Pandora\u0027s Box","Calling Bell"],"picked":"Runic Cube"}],"items_purged_floors":[3],"is_endless":false,"potions_floor_spawned":[4,7,16,22,24],"killed_by":"Snake Plant","ascension_level":18}