{"gold_per_floor":[131,143,155,167,179,191,234,259,271,283,314,346,384,465,477,588,600,637,664,14,28,28,28,41,61,87,87,2,22,22,22,22,116,116,129,129,154,173,173],"floor_reached":39,"playtime":2587,"items_purged":["Strike_G"],"score":667,"play_id":"a75418b9-36a6-4f94-af00-030331013471","local_time":"20180729021329","is_ascension_mode":true,"campfire_choices":[{"data":"Neutralize","floor":6,"key":"SMITH"},{"data":"Blade Dance","floor":10,"key":"SMITH"},{"data":"Bouncing Flask","floor":15,"key":"SMITH"},{"floor":23,"key":"REST"},{"data":"Cloak And Dagger","floor":27,"key":"SMITH"},{"data":"Cloak And Dagger","floor":30,"key":"SMITH"},{"data":"Well Laid Plans","floor":32,"key":"SMITH"}],"neow_cost":"NONE","seed_source_timestamp":316538815869404,"circlet_count":0,"master_deck":["Defend_G","Defend_G","Defend_G","Defend_G","Defend_G","Strike_G","Strike_G","Survivor","Neutralize+1","AscendersBane","Deflect","Burst","Blade Dance+1","Terror","Well Laid Plans+1","Slice","Bouncing Flask+1","Deflect","Cloak And Dagger+1","Backstab","Accuracy","Predator","Deflect","Acrobatics","Crippling Poison","Cloak And Dagger+1","Malaise","Endless Agony","Accuracy","Blade Dance+1"],"relics":["Ring of the Serpent","MawBank","Golden Idol","Dream Catcher","Turnip","Ancient Tea Set","The Courier","Kunai","Lantern","Vajra","Potion Belt","Strawberry","FaceOfCleric","HoveringKite","Ginger"],"potions_floor_usage":[14,14,16,18,21,24,33,37],"damage_taken":[{"damage":0,"enemies":"2 Louse","floor":1,"turns":3},{"damage":35,"enemies":"3 Sentries","floor":7,"turns":23},{"damage":3,"enemies":"Small Slimes","floor":8,"turns":5},{"damage":0,"enemies":"Cultist","floor":11,"turns":4},{"damage":1,"enemies":"2 Fungi Beasts","floor":12,"turns":6},{"damage":0,"enemies":"Gremlin Nob","floor":14,"turns":2},{"damage":1,"enemies":"The Guardian","floor":16,"turns":8},{"damage":21,"enemies":"3 Byrds","floor":18,"turns":5},{"damage":6,"enemies":"Shell Parasite","floor":19,"turns":4},{"damage":34,"enemies":"3 Cultists","floor":21,"turns":7},{"damage":6,"enemies":"Slaver and Parasite","floor":24,"turns":5},{"damage":0,"enemies":"Chosen and Byrds","floor":25,"turns":7},{"damage":0,"enemies":"3 Cultists","floor":29,"turns":6},{"damage":28,"enemies":"Champ","floor":33,"turns":13},{"damage":1,"enemies":"3 Shapes","floor":35,"turns":6},{"damage":0,"floor":36,"turns":7},{"damage":15,"enemies":"3 Darklings","floor":37,"turns":6},{"damage":34,"enemies":"Transient","floor":38,"turns":5},{"damage":12,"enemies":"Spire Growth","floor":39,"turns":2}],"seed_played":"5756081889029233936","potions_obtained":[{"floor":7,"key":"AttackPotion"},{"floor":11,"key":"SkillPotion"},{"floor":14,"key":"SpeedPotion"},{"floor":14,"key":"PowerPotion"},{"floor":19,"key":"Regen Potion"},{"floor":21,"key":"Fire Potion"},{"floor":29,"key":"PowerPotion"},{"floor":35,"key":"PowerPotion"}],"is_trial":false,"path_per_floor":["M","?","?","?","?","R","E","M","T","R","M","M","T","?","R","B",null,"M","M","$","M","?","R","M","M","T","R","?","M","R","?","R","B",null,"M","?","M","M"],"character_chosen":"THE_SILENT","items_purchased":["Kunai","Lantern","Vajra","Backstab","Accuracy"],"campfire_rested":1,"item_purchase_floors":[20,20,20,20,20],"current_hp_per_floor":[59,59,59,59,64,64,29,26,26,26,26,25,25,25,25,24,55,34,28,28,9,9,28,22,22,22,22,29,29,29,29,29,2,55,55,56,42,9,0],"gold":173,"neow_bonus":"RANDOM_COMMON_RELIC","is_prod":false,"is_daily":false,"chose_seed":false,"campfire_upgraded":6,"win_rate":0,"timestamp":1532852009,"path_taken":["M","?","?","?","?","R","E","M","T","R","?","M","?","?","R","BOSS","M","M","$","M","?","R","M","M","T","R","?","M","R","?","R","BOSS","M","?","M","M","?"],"build_version":"2018-07-26","purchased_purges":1,"victory":false,"max_hp_per_floor":[66,60,60,60,65,65,65,65,65,65,65,65,65,65,65,65,65,65,65,65,65,65,65,65,65,65,65,72,72,72,72,72,73,73,74,75,76,77,77],"card_choices":[{"not_picked":["Quick Slash","Bane"],"picked":"Deflect","floor":1},{"not_picked":["Choke","Heel Hook"],"picked":"Blade Dance","floor":7},{"not_picked":["Sucker Punch","Endless Agony"],"picked":"Terror","floor":8},{"not_picked":["Deflect","Prepared"],"picked":"Well Laid Plans","floor":11},{"not_picked":["Quick Slash","Dagger Throw"],"picked":"Slice","floor":12},{"not_picked":["Underhanded Strike","Infinite Blades"],"picked":"Bouncing Flask","floor":14},{"not_picked":["Prepared","Underhanded Strike"],"picked":"Deflect","floor":18},{"not_picked":["Deadly Poison","Caltrops"],"picked":"Cloak And Dagger","floor":19},{"not_picked":["Masterful Stab","PiercingWail"],"picked":"Predator","floor":21},{"not_picked":["Outmaneuver","Sucker Punch"],"picked":"Deflect","floor":23},{"not_picked":["Outmaneuver","Riddle With Holes"],"picked":"Acrobatics","floor":24},{"not_picked":["All Out Attack","Dagger Spray"],"picked":"Crippling Poison","floor":25},{"not_picked":["Dash","Flying Knee+1"],"picked":"Cloak And Dagger","floor":29},{"not_picked":["Unload","Tools of the Trade"],"picked":"Malaise","floor":33},{"not_picked":["Flying Knee","Skewer"],"picked":"Endless Agony","floor":35},{"not_picked":["Acrobatics","Dagger Spray"],"picked":"Accuracy","floor":36},{"not_picked":["Outmaneuver","Quick Slash","Acrobatics"],"picked":"SKIP","floor":37},{"not_picked":["Cloak And Dagger","Storm of Steel"],"picked":"Blade Dance+1","floor":38}],"player_experience":857585,"relics_obtained":[{"floor":7,"key":"Dream Catcher"},{"floor":9,"key":"Turnip"},{"floor":13,"key":"Ancient Tea Set"},{"floor":14,"key":"The Courier"},{"floor":26,"key":"Potion Belt"},{"floor":36,"key":"Ginger"}],"event_choices":[{"event_name":"Golden Idol","player_choice":"Lose Max HP","floor":2,"damage_taken":0},{"event_name":"Transmorgrifier","player_choice":"Transform","floor":3,"damage_taken":0},{"event_name":"Living Wall","player_choice":"Forget","floor":4,"damage_taken":0},{"event_name":"Big Fish","player_choice":"Donut","floor":5,"damage_taken":0},{"event_name":"Dead Adventurer","player_choice":"Searched \u00271\u0027 times","floor":14,"damage_taken":0},{"event_name":"The Mausoleum","player_choice":"No","floor":22,"damage_taken":0},{"event_name":"Addict","player_choice":"Obtained Relic","floor":28,"damage_taken":0},{"event_name":"FaceTrader","player_choice":"Trade","floor":31,"damage_taken":0},{"event_name":"MindBloom","player_choice":"Fight","floor":36,"damage_taken":0}],"is_beta":true,"boss_relics":[{"not_picked":["Snecko Eye","Lizard Tail"],"picked":"Ring of the Serpent"},{"not_picked":["Runic Pyramid","White Beast Statue"],"picked":"HoveringKite"}],"items_purged_floors":[20],"is_endless":false,"potions_floor_spawned":[7,11,12,14,14,19,21,29,35],"killed_by":"Spire Growth","ascension_level":15}