{"gold_per_floor":[113,124,142,162,177,177,194,194,219,245,245,270,270,299,299,378,378,393,303,314,126,126,157,157,7,7,7,26,0,31,45,45,45],"floor_reached":33,"playtime":4159,"items_purged":["Strike_R"],"score":519,"play_id":"752ce07d-ced5-4aec-bfbf-63d12a1b5e01","local_time":"20190219144146","is_ascension_mode":true,"campfire_choices":[{"data":"True Grit","floor":6.0,"key":"SMITH"},{"data":"Cleave","floor":8.0,"key":"SMITH"},{"floor":13.0,"key":"REST"},{"floor":15.0,"key":"REST"},{"floor":24.0,"key":"REST"},{"data":"Pommel Strike","floor":32.0,"key":"SMITH"}],"neow_cost":"NONE","seed_source_timestamp":70385725041369,"circlet_count":0,"master_deck":["AscendersBane","Strike_R","Strike_R+1","Defend_R+1","Defend_R","Defend_R","Defend_R","Bash+1","Pommel Strike+1","Shrug It Off","Impervious","True Grit+1","Cleave+1","Sentinel","Immolate","Corruption","Flame Barrier","Exhume"],"special_seed":0,"relics":["Burning Blood","Bronze Scales","StoneCalendar","Art of War","Ancient Tea Set","Busted Crown","Lantern","Mummified Hand","Pantograph"],"potions_floor_usage":[33],"damage_taken":[{"damage":6.0,"enemies":"Cultist","floor":1.0,"turns":4.0},{"damage":1.0,"enemies":"Small Slimes","floor":2.0,"turns":4.0},{"damage":8.0,"enemies":"Jaw Worm","floor":3.0,"turns":4.0},{"damage":21.0,"enemies":"Exordium Thugs","floor":4.0,"turns":9.0},{"damage":2.0,"enemies":"3 Louse","floor":5.0,"turns":4.0},{"damage":0.0,"enemies":"Large Slime","floor":7.0,"turns":5.0},{"damage":26.0,"enemies":"Gremlin Nob","floor":10.0,"turns":5.0},{"damage":17.0,"enemies":"3 Sentries","floor":12.0,"turns":7.0},{"damage":22.0,"enemies":"Lagavulin","floor":14.0,"turns":7.0},{"damage":32.0,"enemies":"The Guardian","floor":16.0,"turns":10.0},{"damage":7.0,"enemies":"Chosen","floor":18.0,"turns":4.0},{"damage":11.0,"enemies":"2 Thieves","floor":20.0,"turns":3.0},{"damage":17.0,"enemies":"Slavers","floor":23.0,"turns":5.0},{"damage":15.0,"enemies":"Snecko","floor":28.0,"turns":6.0},{"damage":33.0,"enemies":"Gremlin Leader","floor":30.0,"turns":7.0},{"damage":4.0,"enemies":"Snake Plant","floor":31.0,"turns":2.0},{"damage":85,"enemies":"Automaton","floor":33,"turns":10}],"seed_played":"3227502961321300442","potions_obtained":[{"floor":3.0,"key":"LiquidBronze"},{"floor":5.0,"key":"Weak Potion"},{"floor":12.0,"key":"FearPotion"},{"floor":16.0,"key":"AttackPotion"},{"floor":18.0,"key":"GamblersBrew"},{"floor":20.0,"key":"Dexterity Potion"},{"floor":27.0,"key":"Energy Potion"},{"floor":27.0,"key":"Ancient Potion"}],"is_trial":false,"path_per_floor":["M","M","M","M","M","R","M","R","T","E","?","E","R","E","R","B",null,"M","?","M","$","?","E","R","$","T","?","M","?","E","M","R","B"],"character_chosen":"IRONCLAD","items_purchased":["Corruption","Flame Barrier","Exhume"],"campfire_rested":3,"item_purchase_floors":[21,21,25],"current_hp_per_floor":[75,80,78,63,67,67,73,73,73,53,37,26,50,34,58,32,70,69,69,64,64,64,53,77,77,77,77,68,68,41,43,43,0],"gold":45,"neow_bonus":"TEN_PERCENT_HP_BONUS","is_prod":false,"is_daily":false,"chose_seed":false,"campfire_upgraded":3,"win_rate":0,"timestamp":1550608906,"path_taken":["M","M","?","M","M","R","M","R","T","E","?","E","R","E","R","BOSS","M","?","M","?","?","E","R","$","T","?","?","?","E","M","R","BOSS"],"build_version":"2019-01-23","purchased_purges":1,"victory":false,"max_hp_per_floor":[82,82,82,82,82,82,82,82,82,82,82,82,82,82,82,82,82,82,82,82,82,82,82,82,82,82,82,82,82,82,82,82,82],"card_choices":[{"not_picked":["Clash","True Grit"],"picked":"Pommel Strike","floor":1.0},{"not_picked":["Clothesline","Evolve","Sword Boomerang"],"picked":"SKIP","floor":2.0},{"not_picked":["Rampage","Fire Breathing"],"picked":"Shrug It Off","floor":3.0},{"not_picked":["Anger","Clothesline"],"picked":"Impervious","floor":4.0},{"not_picked":["Blood for Blood","Evolve"],"picked":"True Grit","floor":5.0},{"not_picked":["Bloodletting","Wild Strike"],"picked":"Cleave","floor":7.0},{"not_picked":["Flex","Heavy Blade","True Grit"],"picked":"SKIP","floor":10.0},{"not_picked":["Double Tap","Armaments","True Grit"],"picked":"SKIP","floor":12.0},{"not_picked":["Wild Strike","Anger","Sentinel"],"picked":"SKIP","floor":14.0},{"not_picked":["Wild Strike","Anger"],"picked":"Sentinel","floor":14.0},{"not_picked":["Juggernaut","Barricade"],"picked":"Immolate","floor":16.0},{"not_picked":["Havoc+1"],"picked":"SKIP","floor":18.0},{"not_picked":["Wild Strike"],"picked":"SKIP","floor":20.0},{"not_picked":["Wild Strike"],"picked":"SKIP","floor":23.0},{"not_picked":["Perfected Strike"],"picked":"SKIP","floor":28.0},{"not_picked":["Dropkick"],"picked":"SKIP","floor":30.0},{"not_picked":["Clothesline"],"picked":"SKIP","floor":31.0}],"player_experience":437247,"relics_obtained":[{"floor":9.0,"key":"Bronze Scales"},{"floor":10.0,"key":"StoneCalendar"},{"floor":12.0,"key":"Art of War"},{"floor":14.0,"key":"Ancient Tea Set"},{"floor":23.0,"key":"Lantern"},{"floor":26.0,"key":"Mummified Hand"},{"floor":30.0,"key":"Pantograph"}],"event_choices":[{"damage_healed":0.0,"max_hp_gain":0.0,"max_hp_loss":0.0,"gold_gain":0.0,"event_name":"Shining Light","player_choice":"Entered Light","floor":11.0,"gold_loss":0.0,"damage_taken":16.0,"cards_upgraded":["Defend_R","Strike_R"]},{"cards_removed":["Strike_R"],"damage_healed":0.0,"max_hp_gain":0.0,"max_hp_loss":0.0,"gold_gain":0.0,"event_name":"Designer","player_choice":"Upgrade and Remove","floor":19.0,"gold_loss":90.0,"damage_taken":0.0,"cards_upgraded":["Bash"]},{"cards_removed":["Strike_R"],"damage_healed":0.0,"max_hp_gain":0.0,"max_hp_loss":0.0,"gold_gain":0.0,"event_name":"Back to Basics","player_choice":"Elegance","floor":22.0,"gold_loss":0.0,"damage_taken":0.0},{"damage_healed":0.0,"max_hp_gain":0.0,"max_hp_loss":0.0,"gold_gain":0.0,"event_name":"Lab","player_choice":"Got Potions","floor":27.0,"gold_loss":0.0,"damage_taken":0.0},{"damage_healed":0.0,"max_hp_gain":0.0,"max_hp_loss":0.0,"gold_gain":0.0,"event_name":"Masked Bandits","player_choice":"Paid Fearfully","floor":29.0,"gold_loss":26.0,"damage_taken":0.0}],"is_beta":false,"boss_relics":[{"not_picked":["Lizard Tail","Orrery"],"picked":"Busted Crown"}],"items_purged_floors":[21],"is_endless":false,"potions_floor_spawned":[3,5,12,16,18,20,30,31],"killed_by":"Automaton","ascension_level":14}