{"gold_per_floor":[118,218,229,229,116,143,156,167,214,226,255,287,299,311,323,431,443,470,581,394,394,411,445,445,445,445,246,246,265,60,79,79,79],"floor_reached":33,"playtime":1970,"items_purged":["Strike_R","Strike_R","Strike_R"],"score":305,"play_id":"ec641107-1529-4560-95df-f9eea7beb021","local_time":"20181014153835","is_ascension_mode":true,"campfire_choices":[{"data":"Inflame","floor":10.0,"key":"SMITH"},{"data":"Body Slam","floor":13.0,"key":"SMITH"},{"data":"Warcry","floor":15.0,"key":"SMITH"},{"data":"Limit Break","floor":24.0,"key":"SMITH"},{"data":"Metallicize","floor":28,"key":"SMITH"},{"data":"Bash","floor":32,"key":"SMITH"}],"neow_cost":"NONE","seed_source_timestamp":0,"circlet_count":0,"master_deck":["Strike_R","Defend_R","Defend_R","Defend_R","Defend_R","Bash+1","Seeing Red","Shrug It Off","Inflame+1","Body Slam+1","Battle Trance","Headbutt","Cleave","Warcry+1","Limit Break+1","Flex","Flex","Pommel Strike","Iron Wave","Anger","Metallicize+1","Seeing Red+1","True Grit+1","Cleave+1"],"special_seed":0,"relics":["Burning Blood","NeowsBlessing","Meat on the Bone","MawBank","Bag of Marbles","Cursed Key","FaceOfCleric","Toxic Egg 2","Vajra"],"potions_floor_usage":[33,33],"damage_taken":[{"damage":0.0,"enemies":"Small Slimes","floor":1.0,"turns":1.0},{"damage":0.0,"enemies":"Cultist","floor":3.0,"turns":1.0},{"damage":0.0,"enemies":"Gremlin Nob","floor":6.0,"turns":1.0},{"damage":1.0,"enemies":"Jaw Worm","floor":7.0,"turns":4.0},{"damage":18.0,"enemies":"Lots of Slimes","floor":8.0,"turns":6.0},{"damage":5.0,"enemies":"Looter","floor":11.0,"turns":3.0},{"damage":10.0,"enemies":"Gremlin Gang","floor":12.0,"turns":4.0},{"damage":43.0,"enemies":"Hexaghost","floor":16.0,"turns":9.0},{"damage":0.0,"enemies":"Spheric Guardian","floor":18.0,"turns":3.0},{"damage":5.0,"enemies":"Chosen","floor":22.0,"turns":3.0},{"damage":42.0,"enemies":"Slavers","floor":23.0,"turns":6.0},{"damage":15,"enemies":"Snecko","floor":29,"turns":7},{"damage":16,"enemies":"Centurion and Healer","floor":31,"turns":4},{"damage":64,"enemies":"Automaton","floor":33,"turns":8}],"seed_played":"-5919693132212148334","potions_obtained":[{"floor":1.0,"key":"EntropicBrew"},{"floor":8.0,"key":"Dexterity Potion"},{"floor":16.0,"key":"Poison Potion"},{"floor":29,"key":"Dexterity Potion"},{"floor":31,"key":"Weak Potion"}],"is_trial":false,"path_per_floor":["M","?","M","?","$","E","M","M","T","R","M","M","R","?","R","B",null,"M","?","$","?","M","E","R","?","T","$","R","M","$","M","R"],"character_chosen":"IRONCLAD","items_purchased":["Inflame","Flex","Pommel Strike","Metallicize","Vajra","True Grit+1"],"campfire_rested":0,"item_purchase_floors":[5,20,20,27,30,30],"current_hp_per_floor":[80,80,80,80,80,80,80,68,68,68,69,65,65,65,65,40,80,80,80,80,80,81,58,58,58,58,58,58,50,50,53,53,0],"gold":79,"neow_bonus":"THREE_ENEMY_KILL","is_prod":false,"is_daily":false,"chose_seed":false,"campfire_upgraded":6,"win_rate":0,"timestamp":1539542315,"path_taken":["M","?","?","?","$","E","M","M","T","R","M","?","R","?","R","BOSS","M","?","?","?","M","E","R","?","T","?","R","M","$","M","R","BOSS"],"build_version":"2018-10-11","purchased_purges":3,"victory":false,"max_hp_per_floor":[80,80,80,80,80,80,80,80,80,80,80,80,80,80,80,80,80,80,80,80,80,81,82,82,82,82,82,82,83,83,84,84,84],"card_choices":[{"not_picked":["Carnage","Thunderclap"],"picked":"Seeing Red","floor":1.0},{"not_picked":["Iron Wave","Fire Breathing"],"picked":"Shrug It Off","floor":3.0},{"not_picked":["Inflame","Sword Boomerang"],"picked":"Body Slam","floor":6.0},{"not_picked":["Burning Pact","Twin Strike"],"picked":"Battle Trance","floor":7.0},{"not_picked":["Feed","Shockwave"],"picked":"Headbutt","floor":8.0},{"not_picked":["Reckless Charge","Power Through"],"picked":"Cleave","floor":11.0},{"not_picked":["Cleave","Intimidate"],"picked":"Warcry","floor":12.0},{"not_picked":["Brutality","Bludgeon"],"picked":"Limit Break","floor":16.0},{"not_picked":["Clothesline","Twin Strike"],"picked":"Flex","floor":18.0},{"not_picked":["Dual Wield","Fire Breathing+1"],"picked":"Iron Wave","floor":22.0},{"not_picked":["Fiend Fire","Pummel"],"picked":"Anger","floor":23.0},{"not_picked":["Pommel Strike","Cleave+1"],"picked":"Seeing Red+1","floor":29},{"not_picked":["Power Through+1","Heavy Blade"],"picked":"Cleave+1","floor":31}],"player_experience":65988,"relics_obtained":[{"floor":6.0,"key":"Meat on the Bone"},{"floor":9.0,"key":"MawBank"},{"floor":23.0,"key":"Toxic Egg 2"}],"event_choices":[{"event_name":"Wheel of Change","player_choice":"Gold","floor":2.0,"damage_taken":0.0},{"event_name":"Match and Keep!","player_choice":"0 cards matched","floor":4.0,"damage_taken":0.0},{"event_name":"WeMeetAgain","player_choice":"Potion","floor":14.0,"damage_taken":0.0},{"event_name":"Nest","player_choice":"Stole From Cult","floor":19.0,"damage_taken":0.0},{"event_name":"FaceTrader","player_choice":"Trade","floor":21.0,"damage_taken":0.0},{"event_name":"Back to Basics","player_choice":"Elegance","floor":25.0,"damage_taken":0.0}],"is_beta":false,"boss_relics":[{"not_picked":["Calling Bell","Busted Crown"],"picked":"Cursed Key"}],"items_purged_floors":[5,20,27],"is_endless":false,"potions_floor_spawned":[1,8,16,29,31],"killed_by":"Automaton","ascension_level":1}