{"gold_per_floor":[219,219,231,243,193,224,224,224,251,203,203,203,219,233,233,328,328,348,331,331,331,94,94,107,107,107,123,222,242,0,17,17,120,120,130,144,144,144,219,219,237,237,237,255,266,45,45,58,58,58],"floor_reached":51,"playtime":8689,"items_purged":["Defend_B","Writhe"],"score":649,"play_id":"1b30767a-baa0-4d65-a363-d7430f251983","local_time":"20190212155219","is_ascension_mode":false,"campfire_choices":[{"data":"Defragment","floor":7,"key":"SMITH"},{"data":"Dualcast","floor":12,"key":"SMITH"},{"floor":15,"key":"REST"},{"data":"Zap","floor":23,"key":"SMITH"},{"floor":32,"key":"REST"},{"data":"Hologram","floor":40,"key":"SMITH"},{"data":"Barrage","floor":42,"key":"SMITH"},{"floor":47,"key":"REST"},{"data":"Machine Learning","floor":49,"key":"SMITH"}],"neow_cost":"NONE","seed_source_timestamp":1091628548199378,"circlet_count":0,"master_deck":["Strike_B+1","Strike_B+1","Strike_B+1","Defend_B","Zap+1","Dualcast+1","Glacier","Defragment+1","Sweeping Beam+1","Auto Shields","Compile Driver","Glacier","Conserve Battery","All For One","Redo+1","Hologram+1","Ghostly","Ghostly","Ghostly","Ghostly","Ghostly","Core Surge","Compile Driver","Go for the Eyes+1","Coolheaded+1","Go for the Eyes+1","Barrage+1","Loop","Machine Learning+1","Sweeping Beam+1","Rebound+1","Coolheaded+1","Parasite","Chaos+1","Redo+1","Multi-Cast","Rebound+1","Storm+1","Stack","Self Repair","Coolheaded+1","Tempest+1"],"relics":["Cracked Core","DataDisk","Whetstone","Inserter","MutagenicStrength","Prayer Wheel","Bag of Preparation","Empty Cage","Calipers"],"potions_floor_usage":[19,33,50,50],"damage_taken":[{"damage":1,"enemies":"Jaw Worm","floor":1,"turns":3},{"damage":0,"enemies":"2 Louse","floor":3,"turns":3},{"damage":1,"enemies":"Small Slimes","floor":4,"turns":3},{"damage":16,"enemies":"3 Sentries","floor":6,"turns":8},{"damage":0,"enemies":"2 Fungi Beasts","floor":13,"turns":2},{"damage":0,"enemies":"3 Louse","floor":14,"turns":2},{"damage":2,"enemies":"Slime Boss","floor":16,"turns":9},{"damage":0,"enemies":"Chosen","floor":18,"turns":5},{"damage":12,"enemies":"2 Thieves","floor":19,"turns":4},{"damage":17,"enemies":"Centurion and Healer","floor":24,"turns":8},{"damage":3,"enemies":"3 Cultists","floor":27,"turns":6},{"damage":3,"enemies":"Shelled Parasite and Fungi","floor":29,"turns":7},{"damage":0,"enemies":"Snake Plant","floor":31,"turns":5},{"damage":10,"enemies":"Automaton","floor":33,"turns":12},{"damage":11,"enemies":"3 Shapes","floor":35,"turns":4},{"damage":1,"enemies":"Orb Walker","floor":36,"turns":4},{"damage":1,"enemies":"Writhing Mass","floor":41,"turns":8},{"damage":8,"enemies":"Maw","floor":44,"turns":9},{"damage":3,"enemies":"Jaw Worm Horde","floor":45,"turns":6},{"damage":0,"enemies":"Spire Growth","floor":48,"turns":7},{"damage":3,"enemies":"Time Eater","floor":50,"turns":11}],"seed_played":"-2792245191838926083","potions_obtained":[{"floor":1,"key":"Ancient Potion"},{"floor":3,"key":"Dexterity Potion"},{"floor":6,"key":"GamblersBrew"},{"floor":19,"key":"Strength Potion"},{"floor":27,"key":"Swift Potion"},{"floor":35,"key":"Energy Potion"},{"floor":41,"key":"FocusPotion"}],"is_trial":false,"path_per_floor":["M","?","M","M","?","E","R","?","T","$","?","R","M","M","R","B",null,"M","M","?","?","$","R","M","?","T","M","?","M","$","M","R","B",null,"M","M","?","?","?","R","M","R","T","M","M","$","R","M","R","B",null],"character_chosen":"DEFECT","items_purchased":["Compile Driver","Core Surge","Bag of Preparation","Barrage","Loop","Stack","Self Repair"],"campfire_rested":3,"item_purchase_floors":[10,22,30,30,30,46,46],"current_hp_per_floor":[74,59,59,58,58,42,42,47,47,47,47,47,47,47,71,69,80,80,68,40,40,40,40,23,23,23,20,20,17,17,17,29,19,40,29,28,38,38,34,34,33,33,33,25,22,22,34,40,40,40],"gold":58,"neow_bonus":"HUNDRED_GOLD","is_prod":false,"is_daily":false,"chose_seed":false,"campfire_upgraded":6,"win_rate":0,"timestamp":1549993939,"path_taken":["M","?","M","M","?","E","R","?","T","$","?","R","M","M","R","BOSS","M","M","?","?","$","R","M","?","T","M","?","M","?","M","R","BOSS","M","M","?","?","?","R","M","R","T","M","M","$","R","M","R","BOSS"],"build_version":"2019-01-23","purchased_purges":2,"victory":true,"max_hp_per_floor":[75,75,75,75,75,75,75,80,80,80,80,80,80,80,80,80,80,80,80,40,40,40,40,40,40,40,40,40,40,40,40,40,40,40,40,40,40,40,40,40,40,40,40,40,40,40,40,40,40,40],"card_choices":[{"not_picked":["Fusion","Consume"],"picked":"Glacier","floor":1},{"not_picked":["Go for the Eyes","Cold Snap"],"picked":"Defragment","floor":3},{"not_picked":["Leap","Glacier"],"picked":"Sweeping Beam","floor":4},{"not_picked":["Blizzard","White Noise"],"picked":"Auto Shields","floor":6},{"not_picked":["Melter","Hologram"],"picked":"Glacier","floor":13},{"not_picked":["Redo","Streamline"],"picked":"Conserve Battery","floor":14},{"not_picked":["Hyperbeam","Multi-Cast"],"picked":"All For One","floor":16},{"not_picked":["Conserve Battery","Go for the Eyes"],"picked":"Redo+1","floor":18},{"not_picked":["Leap","Conserve Battery"],"picked":"Hologram","floor":19},{"not_picked":["Fusion","Melter"],"picked":"Compile Driver","floor":24},{"not_picked":["Streamline","Turbo"],"picked":"Go for the Eyes+1","floor":27},{"not_picked":["Skim+1","Turbo","Gash"],"picked":"SKIP","floor":27},{"not_picked":["Blizzard","Machine Learning"],"picked":"Coolheaded+1","floor":29},{"not_picked":["Ball Lightning+1","Coolheaded"],"picked":"Go for the Eyes+1","floor":29},{"not_picked":["Reinforced Body","Compile Driver","Beam Cell"],"picked":"SKIP","floor":31},{"not_picked":["Fusion","Turbo","Leap"],"picked":"SKIP","floor":31},{"not_picked":["Multi-Cast","Core Surge"],"picked":"Machine Learning","floor":33},{"not_picked":["Coolheaded+1","Leap"],"picked":"Sweeping Beam+1","floor":35},{"not_picked":["Fusion","Recycle+1","White Noise"],"picked":"SKIP","floor":35},{"not_picked":["Hello World","Conserve Battery+1"],"picked":"Rebound+1","floor":36},{"not_picked":["Chaos","Rip and Tear"],"picked":"Coolheaded+1","floor":36},{"not_picked":["Compile Driver+1","Scrape+1"],"picked":"Chaos+1","floor":41},{"not_picked":["Scrape","Sweeping Beam+1","White Noise"],"picked":"SKIP","floor":41},{"not_picked":["Steam","Compile Driver"],"picked":"Redo+1","floor":44},{"not_picked":["Streamline","Melter"],"picked":"Multi-Cast","floor":44},{"not_picked":["Conserve Battery","Multi-Cast"],"picked":"Rebound+1","floor":45},{"not_picked":["Conserve Battery","Coolheaded"],"picked":"Storm+1","floor":45},{"not_picked":["Hologram","Sweeping Beam+1"],"picked":"Coolheaded+1","floor":48},{"not_picked":["Coolheaded","Hologram"],"picked":"Tempest+1","floor":48}],"player_experience":313942,"relics_obtained":[{"floor":6,"key":"DataDisk"},{"floor":9,"key":"Whetstone"},{"floor":26,"key":"Prayer Wheel"},{"floor":43,"key":"Calipers"}],"event_choices":[{"damage_healed":0,"gold_gain":0,"player_choice":"Entered Light","damage_taken":15,"max_hp_gain":0,"max_hp_loss":0,"event_name":"Shining Light","floor":2,"gold_loss":0,"cards_upgraded":["Strike_B","Strike_B"]},{"cards_removed":["Strike_B"],"damage_healed":0,"gold_gain":0,"player_choice":"Card Removal","damage_taken":0,"max_hp_gain":0,"max_hp_loss":0,"event_name":"The Cleric","floor":5,"gold_loss":50},{"damage_healed":0,"gold_gain":0,"player_choice":"Donut","damage_taken":0,"max_hp_gain":5,"max_hp_loss":0,"event_name":"Big Fish","floor":8,"gold_loss":0},{"damage_healed":0,"gold_gain":0,"player_choice":"Ignored","damage_taken":0,"max_hp_gain":0,"max_hp_loss":0,"event_name":"Golden Wing","floor":11,"gold_loss":0},{"damage_healed":0,"gold_gain":0,"player_choice":"Became a Ghost","damage_taken":0,"max_hp_gain":0,"max_hp_loss":40,"event_name":"Ghosts","floor":20,"gold_loss":0,"cards_obtained":["Ghostly","Ghostly","Ghostly","Ghostly","Ghostly"]},{"damage_healed":0,"gold_gain":0,"player_choice":"Inject Mutagens","damage_taken":0,"relics_obtained":["MutagenicStrength"],"max_hp_gain":0,"max_hp_loss":0,"event_name":"Drug Dealer","floor":21,"gold_loss":0},{"damage_healed":0,"gold_gain":0,"player_choice":"Ignored","damage_taken":0,"max_hp_gain":0,"max_hp_loss":0,"event_name":"Cursed Tome","floor":25,"gold_loss":0},{"damage_healed":0,"gold_gain":99,"player_choice":"Stole From Cult","damage_taken":0,"max_hp_gain":0,"max_hp_loss":0,"event_name":"Nest","floor":28,"gold_loss":0},{"damage_healed":10,"gold_gain":0,"player_choice":"Writhe","damage_taken":0,"max_hp_gain":0,"max_hp_loss":0,"event_name":"Winding Halls","floor":37,"gold_loss":0,"cards_obtained":["Writhe"]},{"damage_healed":0,"gold_gain":0,"player_choice":"Ignored","damage_taken":0,"max_hp_gain":0,"max_hp_loss":0,"event_name":"Tomb of Lord Red Mask","floor":38,"gold_loss":0},{"damage_healed":0,"gold_gain":75,"player_choice":"Touch","damage_taken":4,"max_hp_gain":0,"max_hp_loss":0,"event_name":"FaceTrader","floor":39,"gold_loss":0}],"is_beta":false,"boss_relics":[{"not_picked":["Ectoplasm","Tiny House"],"picked":"Inserter"},{"not_picked":["Calling Bell","FrozenCore"],"picked":"Empty Cage"}],"items_purged_floors":[22,46],"is_endless":false,"potions_floor_spawned":[1,3,6,14,19,27,31,35,41],"ascension_level":0}