{"gold_per_floor":[118,130,145,158,83,83,118,118,118,136,136],"floor_reached":11,"playtime":365,"items_purged":["Regret"],"score":90,"play_id":"bad81a9b-5744-4e47-97c9-31550a10733b","local_time":"20181128183709","is_ascension_mode":true,"campfire_choices":[{"data":"Zap","floor":6,"key":"SMITH"},{"floor":8,"key":"REST"}],"neow_cost":"CURSE","seed_source_timestamp":11017572106137,"circlet_count":0,"master_deck":["Strike_B","Strike_B","Strike_B","Strike_B","Defend_B","Defend_B","Defend_B","Defend_B","Zap+1","Dualcast","Conserve Battery","Leap","Sunder","Compile Driver","Turbo","Barrage"],"relics":["Cracked Core","Shovel","Meat on the Bone","Toxic Egg 2"],"potions_floor_usage":[7],"damage_taken":[{"damage":10,"enemies":"Cultist","floor":1,"turns":4},{"damage":2,"enemies":"2 Louse","floor":2,"turns":3},{"damage":9,"enemies":"Small Slimes","floor":3,"turns":4},{"damage":22,"enemies":"Exordium Thugs","floor":4,"turns":5},{"damage":29,"enemies":"Lagavulin","floor":7,"turns":8},{"damage":24,"enemies":"Exordium Wildlife","floor":10,"turns":4},{"damage":13,"enemies":"Gremlin Nob","floor":11,"turns":2}],"seed_played":"-5487782644292227967","potions_obtained":[{"floor":3,"key":"SteroidPotion"},{"floor":7,"key":"FocusPotion"},{"floor":10,"key":"SpeedPotion"}],"is_trial":false,"path_per_floor":["M","M","M","M","$","R","E","R","T","M","E"],"character_chosen":"DEFECT","items_purchased":[],"campfire_rested":1,"item_purchase_floors":[],"current_hp_per_floor":[65,63,54,32,32,32,3,25,25,13,0],"gold":136,"neow_bonus":"ONE_RARE_RELIC","is_prod":false,"is_daily":false,"chose_seed":false,"campfire_upgraded":1,"win_rate":0,"timestamp":1543437429,"path_taken":["M","M","M","?","$","R","E","R","T","?","E"],"build_version":"2018-11-15","purchased_purges":1,"victory":false,"max_hp_per_floor":[75,75,75,75,75,75,75,75,75,75,75],"card_choices":[{"not_picked":["Turbo","Stack"],"picked":"Conserve Battery","floor":1},{"not_picked":["Stack","Rebound"],"picked":"Leap","floor":2},{"not_picked":["Force Field","Streamline"],"picked":"Sunder","floor":3},{"not_picked":["Hyperbeam","Coolheaded"],"picked":"Compile Driver","floor":4},{"not_picked":["Compile Driver","Consume"],"picked":"Turbo","floor":7},{"not_picked":["Compile Driver","Skim+1"],"picked":"Barrage","floor":10}],"player_experience":180901,"relics_obtained":[{"floor":7,"key":"Meat on the Bone"},{"floor":9,"key":"Toxic Egg 2"}],"event_choices":[],"is_beta":false,"boss_relics":[],"items_purged_floors":[5],"is_endless":false,"potions_floor_spawned":[3,7,10],"killed_by":"Gremlin Nob","ascension_level":4}