{"gold_per_floor":[214,139,139,150,168,168,183,195,195,21,21,21,36,66,66,66],"floor_reached":16,"playtime":549,"items_purged":["Strike_B"],"score":204,"play_id":"985e3d52-d991-4182-b5c0-c8b1fa8f2cf7","local_time":"20190218114037","is_ascension_mode":true,"campfire_choices":[{"data":"Defragment","floor":6,"key":"SMITH"},{"floor":11,"key":"REST"},{"data":"Zap","floor":15,"key":"SMITH"}],"neow_cost":"NONE","seed_source_timestamp":404549901049500,"circlet_count":0,"master_deck":["AscendersBane","Strike_B","Strike_B","Defend_B","Defend_B","Defend_B","Defend_B","Zap+1","Dualcast","Defragment+1","Defragment","Undo","BootSequence","Sunder","Defragment","Core Surge"],"relics":["Cracked Core","Cables","Darkstone Periapt","Kunai"],"potions_floor_usage":[7,8,13],"damage_taken":[{"damage":7,"enemies":"2 Louse","floor":1,"turns":3},{"damage":1,"enemies":"Cultist","floor":4,"turns":3},{"damage":4,"enemies":"Small Slimes","floor":5,"turns":3},{"damage":38,"enemies":"Exordium Wildlife","floor":7,"turns":5},{"damage":0,"enemies":"Blue Slaver","floor":8,"turns":3},{"damage":0,"enemies":"3 Louse","floor":13,"turns":3},{"damage":17,"enemies":"Lagavulin","floor":14,"turns":5},{"damage":26,"enemies":"The Guardian","floor":16,"turns":2}],"seed_played":"-7425707948811637657","potions_obtained":[{"floor":1,"key":"Dexterity Potion"},{"floor":4,"key":"Energy Potion"},{"floor":8,"key":"Ancient Potion"}],"is_trial":false,"path_per_floor":["M","$","?","M","M","R","M","M","T","$","R","?","M","E","R","B"],"character_chosen":"DEFECT","items_purchased":["BootSequence","SkillPotion","Sunder"],"campfire_rested":1,"item_purchase_floors":[10,10,10],"current_hp_per_floor":[57,57,57,56,52,52,14,14,14,14,35,35,35,18,18,0],"gold":66,"neow_bonus":"HUNDRED_GOLD","is_prod":false,"is_daily":false,"chose_seed":false,"campfire_upgraded":2,"win_rate":0,"timestamp":1550515237,"path_taken":["M","$","?","M","M","R","?","M","T","$","R","?","M","E","R","BOSS"],"build_version":"2019-02-06","purchased_purges":1,"victory":false,"max_hp_per_floor":[71,71,71,71,71,71,71,71,71,71,71,71,71,71,71,71],"card_choices":[{"not_picked":["Aggregate","Heatsinks"],"picked":"Hologram","floor":1},{"not_picked":["Leap","Steam"],"picked":"Defragment","floor":4},{"not_picked":["Reinforced Body","Sweeping Beam"],"picked":"Defragment","floor":5},{"not_picked":["Streamline","Hologram"],"picked":"Undo","floor":7},{"not_picked":["Recycle","Redo","Stack"],"picked":"SKIP","floor":8},{"not_picked":["Recycle","Redo","Stack"],"picked":"SKIP","floor":8},{"not_picked":["Chaos","Undo"],"picked":"Defragment","floor":13},{"not_picked":["Rebound","Turbo"],"picked":"Core Surge","floor":14}],"player_experience":1339440,"relics_obtained":[{"floor":9,"key":"Darkstone Periapt"},{"floor":14,"key":"Kunai"}],"event_choices":[{"cards_removed":["Hologram"],"damage_healed":0,"gold_gain":0,"player_choice":"Gave Card","damage_taken":0,"relics_obtained":["Cables"],"max_hp_gain":0,"max_hp_loss":0,"event_name":"WeMeetAgain","floor":3,"gold_loss":0},{"cards_removed":["Strike_B"],"damage_healed":0,"gold_gain":0,"player_choice":"Card Removal","damage_taken":0,"max_hp_gain":0,"max_hp_loss":0,"event_name":"Wheel of Change","floor":12,"gold_loss":0}],"is_beta":true,"boss_relics":[],"items_purged_floors":[2],"is_endless":false,"potions_floor_spawned":[1,4,8],"killed_by":"The Guardian","ascension_level":20}