{"gold_per_floor":[118,193,193,193,9,35,35,35,35,35,48,83,83,83,83,188,188,199,199,124,142,156,156,156,184,184,109,109,24,24,40,40,143,143,157,157,157,157,174,174],"floor_reached":40,"playtime":1289,"items_purged":["Defend_B"],"score":548,"play_id":"aec15322-2964-4792-a3a6-014dc25b0065","local_time":"20190213014744","is_ascension_mode":true,"campfire_choices":[{"data":"Thinking Ahead","floor":8,"key":"SMITH"},{"floor":10,"key":"REST"},{"floor":13,"key":"REST"},{"data":"Zap","floor":15,"key":"SMITH"},{"data":"Dualcast","floor":23,"key":"SMITH"},{"data":"Gash","floor":24,"key":"SMITH"},{"floor":28,"key":"REST"},{"floor":30,"key":"REST"},{"data":"Gash","floor":32,"key":"SMITH"}],"neow_cost":"PERCENT_DAMAGE","seed_source_timestamp":132102971308864,"circlet_count":0,"master_deck":["Strike_B","Strike_B","Defend_B","Defend_B","Defend_B","Zap+1","Dualcast+1","Gash+1","Thinking Ahead+1","Gash+1","All For One","Steam Power+1","BootSequence","Double Energy","Streamline+1","White Noise+1","Meteor Strike+1","Chrysalis","Hologram"],"special_seed":0,"relics":["Cracked Core","WingedGreaves","Ancient Tea Set","Mercury Hourglass","Omamori","Turnip","Dream Catcher","PreservedInsect","Sozu","Boot","Bottled Flame","Molten Egg 2","Eternal Feather","Cables"],"potions_floor_usage":[6,12,16],"damage_taken":[{"damage":1.0,"enemies":"Cultist","floor":1.0,"turns":3.0},{"damage":20,"enemies":"Lagavulin","floor":6,"turns":5},{"damage":0,"enemies":"Jaw Worm","floor":11,"turns":2},{"damage":10,"enemies":"3 Sentries","floor":12,"turns":5},{"damage":27,"enemies":"Slime Boss","floor":16,"turns":9},{"damage":28,"enemies":"2 Thieves","floor":18,"turns":4},{"damage":0,"enemies":"3 Byrds","floor":21,"turns":3},{"damage":0,"enemies":"3 Cultists","floor":22,"turns":4},{"damage":26,"enemies":"Book of Stabbing","floor":25,"turns":3},{"damage":0,"enemies":"Snecko","floor":31,"turns":3},{"damage":33,"enemies":"Champ","floor":33,"turns":6},{"damage":47,"enemies":"3 Shapes","floor":35,"turns":4},{"damage":10,"enemies":"Orb Walker","floor":39,"turns":4},{"damage":6,"enemies":"Nemesis","floor":40,"turns":1}],"seed_played":"-7833618145032934243","potions_obtained":[{"floor":1.0,"key":"Fire Potion"},{"floor":6,"key":"GamblersBrew"},{"floor":11,"key":"AttackPotion"}],"is_trial":false,"path_per_floor":["M","?","T","?","$","E","$","R","T","R","M","E","R","T","R","B",null,"M","?","?","M","M","R","R","E","T","$","R","?","R","M","R","B",null,"M","?","?","T","M","E"],"character_chosen":"DEFECT","items_purchased":["Thinking Ahead"],"campfire_rested":4,"item_purchase_floors":[5],"current_hp_per_floor":[49,38,38,35,35,15,15,15,15,37,37,27,49,49,49,22,62,34,34,34,34,34,34,34,8,8,8,30,30,52,52,52,19,61,14,14,14,14,4,0],"gold":174,"neow_bonus":"ONE_RARE_RELIC","is_prod":false,"is_daily":false,"chose_seed":false,"campfire_upgraded":5,"win_rate":0,"timestamp":1550018864,"path_taken":["M","?","?","?","$","E","$","R","T","R","M","E","R","?","R","BOSS","M","?","?","M","M","R","R","E","T","$","R","?","R","?","R","BOSS","M","?","?","?","M","E"],"build_version":"2019-01-23","purchased_purges":1,"victory":false,"max_hp_per_floor":[75,75,75,75,75,75,75,75,75,75,75,75,75,75,75,75,75,75,75,75,75,75,75,75,75,75,75,75,75,75,75,75,75,75,75,75,75,75,75,75],"card_choices":[{"not_picked":["Stack","Conserve Battery"],"picked":"Gash","floor":1.0},{"not_picked":["Self Repair","Rainbow","Fusion"],"picked":"SKIP","floor":6},{"not_picked":["Stack","Leap"],"picked":"Gash","floor":11},{"not_picked":["Electrodynamics","Turbo"],"picked":"Leap","floor":12},{"not_picked":["Meteor Strike","Rainbow"],"picked":"All For One","floor":16},{"not_picked":["Barrage","Redo","Self Repair"],"picked":"SKIP","floor":18},{"not_picked":["Stack","Sunder","Consume+1"],"picked":"SKIP","floor":21},{"not_picked":["Sweeping Beam","Consume"],"picked":"Steam Power+1","floor":22},{"not_picked":["Ball Lightning+1","Rebound+1"],"picked":"BootSequence","floor":25},{"not_picked":["Ball Lightning","Leap+1"],"picked":"Double Energy","floor":28},{"not_picked":["Compile Driver+1","Genetic Algorithm+1"],"picked":"Streamline+1","floor":30},{"not_picked":["Biased Cognition","Darkness"],"picked":"White Noise+1","floor":31},{"not_picked":["Rainbow","Machine Learning"],"picked":"Meteor Strike+1","floor":33},{"not_picked":["Ball Lightning+1","Chaos+1","Compile Driver+1"],"picked":"SKIP","floor":35},{"not_picked":["Madness","Panacea"],"picked":"Chrysalis","floor":37},{"not_picked":["Steam+1","Compile Driver+1"],"picked":"Hologram","floor":39}],"player_experience":162720,"relics_obtained":[{"floor":3.0,"key":"Ancient Tea Set"},{"floor":6,"key":"Omamori"},{"floor":9,"key":"Turnip"},{"floor":12,"key":"Dream Catcher"},{"floor":14,"key":"PreservedInsect"},{"floor":25,"key":"Boot"},{"floor":26,"key":"Bottled Flame"},{"floor":38,"key":"Cables"}],"event_choices":[{"damage_healed":0.0,"max_hp_gain":0.0,"max_hp_loss":0.0,"gold_gain":75.0,"event_name":"World of Goop","player_choice":"Gather Gold","floor":2.0,"gold_loss":0.0,"damage_taken":11.0},{"damage_healed":0.0,"max_hp_gain":0.0,"max_hp_loss":0.0,"gold_gain":0.0,"event_name":"Scrap Ooze","player_choice":"Success","floor":4.0,"gold_loss":0.0,"damage_taken":3.0,"relics_obtained":["Mercury Hourglass"]},{"cards_removed":["Strike_B"],"damage_healed":0,"gold_gain":0,"player_choice":"Elegance","damage_taken":0,"max_hp_gain":0,"max_hp_loss":0,"event_name":"Back to Basics","floor":19,"gold_loss":0},{"cards_removed":["Strike_B"],"damage_healed":0,"gold_gain":0,"player_choice":"Gave Gold","damage_taken":0,"max_hp_gain":0,"max_hp_loss":0,"event_name":"Beggar","floor":20,"gold_loss":75},{"damage_healed":0,"gold_gain":0,"player_choice":"Obtained Relic","damage_taken":0,"relics_obtained":["Molten Egg 2"],"max_hp_gain":0,"max_hp_loss":0,"event_name":"Addict","floor":29,"gold_loss":85},{"cards_removed":["Leap"],"damage_healed":0,"gold_gain":0,"player_choice":"Removed Skill","damage_taken":0,"max_hp_gain":0,"max_hp_loss":0,"event_name":"Falling","floor":36,"gold_loss":0},{"damage_healed":0,"gold_gain":0,"player_choice":"Memory 1","damage_taken":0,"max_hp_gain":0,"max_hp_loss":0,"event_name":"SensoryStone","floor":37,"gold_loss":0}],"is_beta":false,"boss_relics":[{"not_picked":["Tiny House","Snecko Eye"],"picked":"Sozu"},{"not_picked":["Coffee Dripper","White Beast Statue"],"picked":"Eternal Feather"}],"items_purged_floors":[27],"is_endless":false,"potions_floor_spawned":[1,6,11,21,31,35],"killed_by":"Nemesis","ascension_level":7}