{"gold_per_floor":[117,133,133,98,40,40,74,74,128,128,128,144,179,200,200,200],"floor_reached":16,"playtime":556,"items_purged":[],"score":200,"play_id":"98a3f105-c891-43a4-9ca5-fb66a5eefe55","local_time":"20181201154735","is_ascension_mode":true,"campfire_choices":[{"data":"Dagger Spray","floor":6,"key":"SMITH"},{"floor":10,"key":"REST"},{"floor":15,"key":"REST"}],"neow_cost":"NONE","seed_source_timestamp":1546128300271210,"circlet_count":0,"master_deck":["AscendersBane","Defend_G","Defend_G","Defend_G","Defend_G","Defend_G+1","Strike_G","Strike_G","Strike_G","Strike_G","Strike_G","Survivor","Neutralize+1","Panacea","Dagger Throw","Backstab","Dagger Spray+1","Terror","Cloak And Dagger","Finisher"],"relics":["Ring of the Snake","Torii","Golden Idol","Tiny Chest","Dream Catcher"],"potions_floor_usage":[7,13],"damage_taken":[{"damage":0,"enemies":"Jaw Worm","floor":1,"turns":7},{"damage":3,"enemies":"Small Slimes","floor":2,"turns":5},{"damage":37,"enemies":"Lagavulin","floor":7,"turns":10},{"damage":0,"enemies":"2 Louse","floor":12,"turns":2},{"damage":15,"enemies":"Gremlin Nob","floor":13,"turns":4},{"damage":0,"enemies":"2 Fungi Beasts","floor":14,"turns":3},{"damage":31,"enemies":"Slime Boss","floor":16,"turns":5}],"seed_played":"1316626634101346734","potions_obtained":[{"floor":2,"key":"AttackPotion"},{"floor":7,"key":"Weak Potion"}],"is_trial":false,"path_per_floor":["M","M","?","?","$","R","E","?","T","R","?","M","E","M","R","B"],"character_chosen":"THE_SILENT","items_purchased":["Dagger Spray"],"campfire_rested":2,"item_purchase_floors":[5],"current_hp_per_floor":[59,56,36,52,52,52,15,15,15,33,24,24,9,9,27,0],"gold":200,"neow_bonus":"RANDOM_COLORLESS","is_prod":false,"is_daily":false,"chose_seed":false,"campfire_upgraded":1,"win_rate":0,"timestamp":1543704455,"path_taken":["M","M","?","?","?","R","E","?","T","R","?","M","E","M","R","BOSS"],"build_version":"2018-11-15","purchased_purges":0,"victory":false,"max_hp_per_floor":[66,66,66,66,66,66,66,60,60,60,60,60,60,60,60,60],"card_choices":[{"not_picked":["Quick Slash","Setup"],"picked":"Dagger Throw","floor":1},{"not_picked":["Catalyst","Deadly Poison"],"picked":"Backstab","floor":2},{"not_picked":["Outmaneuver","Phantasmal Killer","Underhanded Strike"],"picked":"SKIP","floor":7},{"not_picked":["Calculated Gamble","Sucker Punch","Dagger Throw"],"picked":"SKIP","floor":12},{"not_picked":["Flying Knee","Crippling Poison"],"picked":"Terror","floor":13},{"not_picked":["Slice","Deadly Poison"],"picked":"Cloak And Dagger","floor":14},{"not_picked":["Heel Hook","Bane"],"picked":"Finisher","floor":15}],"player_experience":1144281,"relics_obtained":[{"floor":7,"key":"Torii"},{"floor":9,"key":"Tiny Chest"},{"floor":13,"key":"Dream Catcher"}],"event_choices":[{"damage_healed":0,"gold_gain":0,"player_choice":"Entered Light","damage_taken":20,"max_hp_gain":0,"max_hp_loss":0,"event_name":"Shining Light","floor":3,"gold_loss":0,"cards_upgraded":["Neutralize","Defend_G"]},{"damage_healed":16,"gold_gain":0,"player_choice":"Healed","damage_taken":0,"max_hp_gain":0,"max_hp_loss":0,"event_name":"The Cleric","floor":4,"gold_loss":35},{"damage_healed":0,"gold_gain":0,"player_choice":"Lose Max HP","damage_taken":0,"relics_obtained":["Golden Idol"],"max_hp_gain":0,"max_hp_loss":6,"event_name":"Golden Idol","floor":8,"gold_loss":0},{"damage_healed":0,"gold_gain":0,"player_choice":"Damaged","damage_taken":9,"max_hp_gain":0,"max_hp_loss":0,"event_name":"Wheel of Change","floor":11,"gold_loss":0}],"is_beta":true,"boss_relics":[],"items_purged_floors":[],"is_endless":false,"potions_floor_spawned":[2,7],"killed_by":"Slime Boss","ascension_level":17}