{"gold_per_floor":[113,113,113,128,139,139,139],"floor_reached":7,"playtime":445,"items_purged":[],"score":45,"play_id":"0c328efc-7b16-4b8f-97cb-67d54b1b79e9","local_time":"20190219001040","is_ascension_mode":true,"campfire_choices":[{"data":"Flame Barrier","floor":6,"key":"SMITH"}],"neow_cost":"PERCENT_DAMAGE","seed_source_timestamp":2651018007757574,"circlet_count":0,"master_deck":["Strike_R","Strike_R","Strike_R","Strike_R","Strike_R","Defend_R+1","Defend_R","Defend_R","Defend_R","Bash+1","Reaper","Flame Barrier+1","Metallicize"],"relics":["Burning Blood"],"potions_floor_usage":[],"damage_taken":[{"damage":7,"enemies":"Jaw Worm","floor":1,"turns":4},{"damage":0,"enemies":"2 Louse","floor":4,"turns":6},{"damage":0,"enemies":"Cultist","floor":5,"turns":4},{"damage":8,"enemies":"Lagavulin Event","floor":7,"turns":4}],"seed_played":"-8040315199933857708","potions_obtained":[{"floor":3,"key":"GamblersBrew"},{"floor":3,"key":"GamblersBrew"},{"floor":3,"key":"Weak Potion"},{"floor":5,"key":"BloodPotion"}],"is_trial":false,"path_per_floor":["M","?","?","M","M","R","?"],"character_chosen":"IRONCLAD","items_purchased":[],"campfire_rested":0,"item_purchase_floors":[],"current_hp_per_floor":[55,39,39,48,58,58,50],"gold":139,"neow_bonus":"THREE_RARE_CARDS","is_prod":false,"is_daily":false,"chose_seed":false,"campfire_upgraded":1,"win_rate":0,"timestamp":1550535040,"path_taken":["M","?","?","M","?","R","?"],"build_version":"2019-01-23","purchased_purges":0,"victory":false,"max_hp_per_floor":[80,80,80,80,80,80,80],"card_choices":[{"not_picked":["Demon Form","Limit Break"],"picked":"Reaper","floor":0},{"not_picked":["Armaments","Warcry"],"picked":"Flame Barrier","floor":1},{"not_picked":["Uppercut","Whirlwind","Rupture"],"picked":"SKIP","floor":4},{"not_picked":["Feel No Pain","Iron Wave"],"picked":"Metallicize","floor":5}],"player_experience":970856,"relics_obtained":[],"event_choices":[{"damage_healed":0,"gold_gain":0,"player_choice":"Entered Light","damage_taken":16,"max_hp_gain":0,"max_hp_loss":0,"event_name":"Shining Light","floor":2,"gold_loss":0,"cards_upgraded":["Defend_R","Bash"]},{"damage_healed":0,"gold_gain":0,"player_choice":"Got Potions","damage_taken":0,"max_hp_gain":0,"max_hp_loss":0,"event_name":"Lab","floor":3,"gold_loss":0},{"damage_healed":0,"gold_gain":0,"player_choice":"Searched \u00272\u0027 times","damage_taken":0,"max_hp_gain":0,"max_hp_loss":0,"event_name":"Dead Adventurer","floor":7,"gold_loss":0}],"is_beta":false,"boss_relics":[],"items_purged_floors":[],"is_endless":false,"potions_floor_spawned":[5],"killed_by":"Lagavulin Event","ascension_level":2}