{"gold_per_floor":[109,109,124,124,37,67,82,82,154,183,1,1,1,19,19,97,97,112,162,182,194,41,41,41],"floor_reached":24,"playtime":714,"items_purged":["Strike_B"],"score":458,"play_id":"5a261ac3-12ea-49bd-a348-2b2b928f7087","local_time":"20190217100657","is_ascension_mode":true,"campfire_choices":[{"data":"Creative AI","floor":8,"key":"SMITH"},{"data":"Zap","floor":12,"key":"SMITH"},{"data":"Ball Lightning","floor":15,"key":"SMITH"},{"data":"Amplify","floor":23,"key":"SMITH"}],"neow_cost":"NONE","seed_source_timestamp":312364305539800,"circlet_count":0,"master_deck":["AscendersBane","Strike_B","Strike_B","Defend_B","Defend_B","Defend_B","Defend_B","Zap+1","Dualcast","Ball Lightning+1","BootSequence","Creative AI+1","Self Repair","Chill","Chill","Mayhem+1","Loop+1","Echo Form+1","Conserve Battery+1","Reinforced Body","Amplify+1","Loop+1"],"relics":["Cracked Core","NeowsBlessing","Mercury Hourglass","Ice Cream","Frozen Egg 2","Pocketwatch","Runic Dome"],"potions_floor_usage":[18,24],"damage_taken":[{"damage":0,"enemies":"Jaw Worm","floor":1,"turns":1},{"damage":0,"enemies":"Cultist","floor":3,"turns":1},{"damage":0,"enemies":"Lagavulin","floor":6,"turns":2},{"damage":0,"enemies":"Small Slimes","floor":7,"turns":2},{"damage":24,"enemies":"3 Sentries","floor":10,"turns":6},{"damage":0,"enemies":"Red Slaver","floor":14,"turns":4},{"damage":4,"enemies":"Slime Boss","floor":16,"turns":6},{"damage":21,"enemies":"Shell Parasite","floor":18,"turns":7},{"damage":23,"enemies":"2 Thieves","floor":20,"turns":5},{"damage":0,"enemies":"Snecko","floor":21,"turns":6},{"damage":52,"enemies":"Book of Stabbing","floor":24,"turns":4}],"seed_played":"2862965465436347059","potions_obtained":[{"floor":6,"key":"SmokeBomb"},{"floor":10,"key":"Block Potion"},{"floor":14,"key":"SteroidPotion"},{"floor":20,"key":"AttackPotion"}],"is_trial":false,"path_per_floor":["M","?","M","T","$","E","M","R","T","E","$","R","$","M","R","B",null,"M","?","M","M","$","R","E"],"character_chosen":"DEFECT","items_purchased":["Creative AI","Mayhem+1","Loop+1"],"campfire_rested":0,"item_purchase_floors":[5,11,22],"current_hp_per_floor":[64,64,64,64,64,64,64,64,64,47,47,47,47,54,54,57,68,54,54,45,52,52,52,0],"gold":41,"neow_bonus":"THREE_ENEMY_KILL","is_prod":false,"is_daily":false,"chose_seed":false,"campfire_upgraded":4,"win_rate":0,"timestamp":1550423217,"path_taken":["M","?","?","?","$","E","M","R","T","E","?","R","$","M","R","BOSS","M","?","?","M","$","R","E"],"build_version":"2019-02-06","purchased_purges":1,"victory":false,"max_hp_per_floor":[71,71,71,71,71,71,71,71,71,71,71,71,71,71,71,71,71,71,71,71,71,71,71,71],"card_choices":[{"not_picked":["Beam Cell","Streamline"],"picked":"Ball Lightning","floor":1},{"not_picked":["Double Energy","Consume"],"picked":"BootSequence","floor":3},{"not_picked":["Steam","Go for the Eyes"],"picked":"Self Repair","floor":6},{"not_picked":["Steam","Scrape"],"picked":"Chill","floor":7},{"not_picked":["Coolheaded","Steam"],"picked":"Chill","floor":10},{"not_picked":["Sweeping Beam","Hologram"],"picked":"Loop+1","floor":14},{"not_picked":["All For One","Core Surge"],"picked":"Echo Form+1","floor":16},{"not_picked":["Lockon","Sweeping Beam"],"picked":"Conserve Battery+1","floor":18},{"not_picked":["BootSequence","Redo"],"picked":"Reinforced Body","floor":20},{"not_picked":["Recycle","Cold Snap"],"picked":"Amplify","floor":21}],"player_experience":1323400,"relics_obtained":[{"floor":4,"key":"Mercury Hourglass"},{"floor":6,"key":"Ice Cream"},{"floor":9,"key":"Frozen Egg 2"},{"floor":10,"key":"Pocketwatch"}],"event_choices":[{"cards_removed":["Strike_B"],"damage_healed":0,"gold_gain":0,"player_choice":"Offered Basic","damage_taken":0,"max_hp_gain":0,"max_hp_loss":0,"event_name":"Bonfire Elementals","floor":2,"gold_loss":0},{"damage_healed":0,"gold_gain":100,"player_choice":"Bet on Murderer","damage_taken":0,"max_hp_gain":0,"max_hp_loss":0,"event_name":"The Joust","floor":19,"gold_loss":50}],"is_beta":true,"boss_relics":[{"not_picked":["Black Star","Inserter"],"picked":"Runic Dome"}],"items_purged_floors":[22],"is_endless":false,"potions_floor_spawned":[6,10,14,20],"killed_by":"Book of Stabbing","ascension_level":20}