{"gold_per_floor":[20,20,20,39,39,39,69,85,85,100,100,46,63,98,98,200,200,213,213,227,239,254,284,284,303,329,329,343,343,343,378,378,474,474,474],"floor_reached":35,"playtime":1920,"items_purged":[],"score":534,"play_id":"423c5df9-5dd8-4b18-89b6-dca12f459e7a","local_time":"20181225214609","is_ascension_mode":true,"campfire_choices":[{"data":"Zap","floor":6.0,"key":"SMITH"},{"floor":11.0,"key":"REST"},{"data":"Dualcast","floor":15.0,"key":"SMITH"},{"data":"Defragment","floor":24.0,"key":"SMITH"},{"floor":27.0,"key":"REST"},{"floor":30.0,"key":"REST"},{"floor":32.0,"key":"REST"}],"neow_cost":"NO_GOLD","seed_source_timestamp":0,"circlet_count":0,"master_deck":["Strike_B","Strike_B","Strike_B","Defend_B","Defend_B","Defend_B","Defend_B","Zap+1","Dualcast+1","Beam Cell","Conserve Battery","All For One","Self Repair","Gash","Coolheaded+1","Gash","Biased Cognition","Seek+1","Hologram+1","Defragment+1","Hologram+1","BootSequence+1","Turbo+1","Compile Driver","BootSequence+1","Defragment+1","Echo Form","Conserve Battery+1","Leap+1","Steam+1","Hologram+1","Rebound"],"special_seed":0,"relics":["Cracked Core","NlothsMask","Toxic Egg 2","Blood Vial","White Beast Statue","Pen Nib","PreservedInsect","StoneCalendar","Orrery"],"potions_floor_usage":[],"damage_taken":[{"damage":0.0,"enemies":"Cultist","floor":1.0,"turns":3.0},{"damage":0.0,"enemies":"Small Slimes","floor":4.0,"turns":2.0},{"damage":49.0,"enemies":"Gremlin Nob","floor":7.0,"turns":6.0},{"damage":0.0,"enemies":"2 Louse","floor":8.0,"turns":3.0},{"damage":7.0,"enemies":"Exordium Wildlife","floor":10.0,"turns":4.0},{"damage":26.0,"enemies":"Gremlin Gang","floor":13.0,"turns":4.0},{"damage":16.0,"enemies":"Lagavulin","floor":14.0,"turns":5.0},{"damage":20.0,"enemies":"The Guardian","floor":16.0,"turns":9.0},{"damage":2.0,"enemies":"Spheric Guardian","floor":18.0,"turns":3.0},{"damage":5.0,"enemies":"3 Byrds","floor":20.0,"turns":4.0},{"damage":11.0,"enemies":"Snecko","floor":21.0,"turns":4.0},{"damage":21.0,"enemies":"Centurion and Healer","floor":22.0,"turns":6.0},{"damage":31.0,"enemies":"Book of Stabbing","floor":23.0,"turns":8.0},{"damage":13.0,"enemies":"Snake Plant","floor":25.0,"turns":4.0},{"damage":42.0,"enemies":"Snecko","floor":28.0,"turns":6.0},{"damage":5.0,"enemies":"Slavers","floor":31.0,"turns":6.0},{"damage":60.0,"enemies":"Champ","floor":33.0,"turns":14.0},{"damage":0,"enemies":"3 Darklings","floor":35,"turns":1}],"seed_played":"4679505891823185129","potions_obtained":[{"floor":1.0,"key":"Explosive Potion"},{"floor":4.0,"key":"Poison Potion"},{"floor":8.0,"key":"PowerPotion"},{"floor":14.0,"key":"SteroidPotion"},{"floor":18.0,"key":"Strength Potion"},{"floor":22.0,"key":"PowerPotion"},{"floor":23.0,"key":"Regen Potion"},{"floor":25.0,"key":"Regen Potion"},{"floor":28.0,"key":"Block Potion"},{"floor":31.0,"key":"PowerPotion"},{"floor":33.0,"key":"Explosive Potion"}],"is_trial":false,"path_per_floor":["M","?","$","M","?","R","E","M","T","M","R","$","M","E","R","B",null,"M","?","M","M","M","E","R","M","T","R","M","?","R","E","R","B",null,"M"],"character_chosen":"DEFECT","items_purchased":["Coolheaded+1"],"campfire_rested":4,"item_purchase_floors":[12],"current_hp_per_floor":[89,89,89,89,89,89,40,40,40,40,66,66,47,38,38,20,72,79,79,83,81,69,47,47,48,48,74,43,26,54,58,86,35,79,81],"gold":474,"neow_bonus":"TWENTY_PERCENT_HP_BONUS","is_prod":false,"is_daily":false,"chose_seed":false,"campfire_upgraded":3,"win_rate":0,"timestamp":1545781569,"path_taken":["M","?","?","M","?","R","E","M","T","?","R","$","M","E","R","BOSS","M","?","M","?","M","E","R","M","T","R","M","?","R","E","R","BOSS","M"],"build_version":"2018-12-20","purchased_purges":0,"victory":false,"max_hp_per_floor":[89,89,89,89,89,89,89,89,89,89,89,89,89,89,89,89,89,89,89,89,89,89,89,89,89,89,89,89,94,94,94,94,94,94,94],"card_choices":[{"not_picked":["Go for the Eyes","Sweeping Beam"],"picked":"Beam Cell","floor":1.0},{"not_picked":["Hello World","Self Repair"],"picked":"Conserve Battery","floor":4.0},{"not_picked":["Rip and Tear","Reinforced Body"],"picked":"All For One","floor":7.0},{"not_picked":["Doom and Gloom","Heatsinks"],"picked":"Self Repair","floor":8.0},{"not_picked":["Capacitor","Hologram+1"],"picked":"Gash","floor":10.0},{"not_picked":["Turbo+1","Echo Form"],"picked":"Gash","floor":13.0},{"not_picked":["Hello World","Static Discharge"],"picked":"Biased Cognition","floor":14.0},{"not_picked":["Echo Form","Meteor Strike"],"picked":"Seek+1","floor":16.0},{"not_picked":["Conserve Battery+1","Stack+1"],"picked":"Hologram+1","floor":18.0},{"not_picked":["Rebound+1","Aggregate+1"],"picked":"Defragment","floor":20.0},{"not_picked":["Tempest+1","Streamline"],"picked":"Hologram+1","floor":21.0},{"not_picked":["Force Field+1","Turbo+1"],"picked":"BootSequence+1","floor":22.0},{"not_picked":["BootSequence+1","Compile Driver"],"picked":"Turbo+1","floor":23.0},{"not_picked":["Hologram+1","Cold Snap+1"],"picked":"Compile Driver","floor":25.0},{"not_picked":["Static Discharge","Genetic Algorithm+1"],"picked":"BootSequence+1","floor":28.0},{"not_picked":["Cold Snap","Sweeping Beam"],"picked":"Defragment+1","floor":31.0},{"not_picked":["Thunder Strike","Creative AI"],"picked":"Echo Form","floor":33.0},{"not_picked":["Sunder","Hologram+1"],"picked":"Conserve Battery+1","floor":34.0},{"not_picked":["BootSequence+1","Streamline"],"picked":"Leap+1","floor":34.0},{"not_picked":["Chaos+1","Cold Snap+1"],"picked":"Steam+1","floor":34.0},{"not_picked":["Doom and Gloom","Rip and Tear"],"picked":"Hologram+1","floor":34.0},{"not_picked":["Sweeping Beam","Leap+1"],"picked":"Rebound","floor":34.0}],"player_experience":270071,"relics_obtained":[{"floor":7.0,"key":"Toxic Egg 2"},{"floor":14.0,"key":"Blood Vial"},{"floor":23.0,"key":"Pen Nib"},{"floor":26.0,"key":"PreservedInsect"},{"floor":31.0,"key":"StoneCalendar"}],"event_choices":[{"damage_healed":0.0,"max_hp_gain":0.0,"max_hp_loss":0.0,"gold_gain":0.0,"event_name":"Wheel of Change","player_choice":"Full Heal","floor":2.0,"gold_loss":0.0,"damage_taken":0.0},{"damage_healed":0.0,"max_hp_gain":0.0,"max_hp_loss":0.0,"gold_gain":0.0,"event_name":"FaceTrader","player_choice":"Trade","floor":5.0,"gold_loss":0.0,"damage_taken":0.0,"relics_obtained":["NlothsMask"]},{"cards_removed":["Strike_B"],"damage_healed":0.0,"max_hp_gain":0.0,"max_hp_loss":0.0,"gold_gain":0.0,"event_name":"Purifier","player_choice":"Purged","floor":19.0,"gold_loss":0.0,"damage_taken":0.0},{"damage_healed":0.0,"max_hp_gain":5.0,"max_hp_loss":0.0,"gold_gain":0.0,"event_name":"Forgotten Altar","player_choice":"Shed Blood","floor":29.0,"gold_loss":0.0,"damage_taken":22.0}],"is_beta":false,"boss_relics":[{"not_picked":["Runic Dome","Lizard Tail"],"picked":"White Beast Statue"},{"not_picked":["Tiny House","Coffee Dripper"],"picked":"Orrery"}],"items_purged_floors":[],"is_endless":false,"potions_floor_spawned":[1,4,8,14,16,18,20,21,22,23,25,28,31,33],"killed_by":"3 Darklings","ascension_level":5}