{"gold_per_floor":[115,65,65,76,88,88,102,129,181,200,200,234,258,300,312,429,441,471,493,505,531,543,555,594,606,618,664,676,701,713,745,757,769],"floor_reached":33,"playtime":1425,"items_purged":[],"score":399,"play_id":"08b04af9-c45c-448b-96cc-681a2aad26b1","local_time":"20180724144554","is_ascension_mode":true,"campfire_choices":[{"data":"Dagger Spray","floor":6,"key":"SMITH"},{"data":"Predator","floor":11,"key":"SMITH"},{"data":"Noxious Fumes","floor":15,"key":"SMITH"},{"data":"Backflip","floor":23,"key":"SMITH"},{"data":"Cloak And Dagger","floor":25,"key":"SMITH"},{"data":"Corpse Explosion","floor":32,"key":"SMITH"}],"neow_cost":"","seed_source_timestamp":1177601697284046,"circlet_count":0,"master_deck":["Defend_G+1","Defend_G+1","Defend_G+1","Defend_G+1","Defend_G+1","Strike_G+1","Strike_G+1","Strike_G+1","Strike_G+1","Survivor","Neutralize+1","Predator+1","Dagger Spray+1","Crippling Poison","All Out Attack","Cloak And Dagger+1","Backflip+1","Corpse Explosion+1","PiercingWail","Noxious Fumes+1","Adrenaline","Deflect+1","RitualDagger","Poisoned Stab+1","Leg Sweep+1"],"relics":["Ring of the Snake","Singing Bowl","Strawberry","MawBank","Question Card","Busted Crown","Pear","Bird Faced Urn","Toxic Egg 2"],"potions_floor_usage":[8,12,16,16,21,21,24,27],"damage_taken":[{"damage":0,"enemies":"Small Slimes","floor":1,"turns":5},{"damage":0,"enemies":"Jaw Worm","floor":4,"turns":3},{"damage":0,"enemies":"2 Louse","floor":5,"turns":2},{"damage":2,"enemies":"Looter","floor":7,"turns":3},{"damage":10,"enemies":"Gremlin Nob","floor":8,"turns":4},{"damage":0,"enemies":"Lots of Slimes","floor":10,"turns":1},{"damage":13,"enemies":"Lagavulin","floor":12,"turns":8},{"damage":0,"enemies":"2 Fungi Beasts","floor":13,"turns":3},{"damage":2,"enemies":"3 Sentries","floor":14,"turns":3},{"damage":4,"enemies":"Slime Boss","floor":16,"turns":8},{"damage":0,"enemies":"Chosen","floor":18,"turns":4},{"damage":0,"enemies":"3 Byrds","floor":19,"turns":3},{"damage":10,"enemies":"Snake Plant","floor":21,"turns":5},{"damage":4,"enemies":"Gremlin Leader","floor":24,"turns":8},{"damage":18,"enemies":"Book of Stabbing","floor":27,"turns":6},{"damage":2,"enemies":"Cultist and Chosen","floor":29,"turns":4},{"damage":3,"enemies":"Centurion and Healer","floor":31,"turns":5},{"damage":66,"enemies":"Champ","floor":33,"turns":13}],"seed_played":"5096024881486302983","potions_obtained":[{"floor":7,"key":"Swift Potion"},{"floor":8,"key":"Ancient Potion"},{"floor":12,"key":"EssenceOfSteel"},{"floor":13,"key":"SkillPotion"},{"floor":18,"key":"SkillPotion"},{"floor":19,"key":"GhostInAJar"},{"floor":24,"key":"GamblersBrew"}],"is_trial":false,"path_per_floor":["M","?","?","M","M","R","M","E","T","M","R","E","M","E","R","B",null,"M","M","?","M","?","R","E","R","T","E","?","M","?","M","R"],"character_chosen":"THE_SILENT","items_purchased":[],"campfire_rested":0,"item_purchase_floors":[],"current_hp_per_floor":[70,70,70,70,70,70,68,58,65,65,65,52,52,50,50,46,77,79,79,73,65,81,81,87,87,87,73,55,55,55,56,56,0],"gold":769,"neow_bonus":"","is_prod":false,"is_daily":false,"chose_seed":false,"campfire_upgraded":6,"win_rate":0,"timestamp":1532465154,"path_taken":["M","?","?","M","M","R","M","E","T","M","R","E","M","E","R","BOSS","M","M","?","?","?","R","E","R","T","E","?","M","?","M","R","BOSS"],"build_version":"2018-07-23","purchased_purges":0,"victory":false,"max_hp_per_floor":[70,70,70,70,70,70,70,70,77,77,77,77,77,77,77,77,77,79,79,79,81,81,81,91,91,91,93,98,98,98,100,100,100],"card_choices":[{"not_picked":["PiercingWail","Deadly Poison"],"picked":"Predator","floor":1},{"not_picked":["Deflect","Accuracy"],"picked":"Dagger Spray","floor":4},{"not_picked":["Poisoned Stab","Prepared"],"picked":"Crippling Poison","floor":5},{"not_picked":["Calculated Gamble","Distraction"],"picked":"All Out Attack","floor":7},{"not_picked":["Infinite Blades","Finisher"],"picked":"Cloak And Dagger","floor":8},{"not_picked":["Poisoned Stab","Bouncing Flask"],"picked":"Backflip","floor":10},{"not_picked":["Prepared","Sucker Punch"],"picked":"Corpse Explosion","floor":12},{"not_picked":["Distraction","Sucker Punch"],"picked":"PiercingWail","floor":13},{"not_picked":["Catalyst","Prepared"],"picked":"Noxious Fumes","floor":14},{"not_picked":["Corpse Explosion","Tools of the Trade","Grand Finale"],"picked":"Adrenaline","floor":16},{"not_picked":["PiercingWail","Dagger Throw"],"picked":"Singing Bowl","floor":18},{"not_picked":["Deadly Poison"],"picked":"Deflect+1","floor":19},{"not_picked":["Masterful Stab","Underhanded Strike"],"picked":"Singing Bowl","floor":21},{"not_picked":["Predator"],"picked":"Poisoned Stab+1","floor":24},{"not_picked":["Tactician+1","Quick Slash+1"],"picked":"Singing Bowl","floor":27},{"not_picked":["Predator"],"picked":"Leg Sweep+1","floor":29},{"not_picked":["Outmaneuver+1","Concentrate+1"],"picked":"Singing Bowl","floor":31}],"player_experience":832522,"relics_obtained":[{"floor":8,"key":"Singing Bowl"},{"floor":9,"key":"Strawberry"},{"floor":12,"key":"MawBank"},{"floor":14,"key":"Question Card"},{"floor":24,"key":"Pear"},{"floor":26,"key":"Bird Faced Urn"},{"floor":27,"key":"Toxic Egg 2"}],"event_choices":[{"event_name":"The Cleric","player_choice":"Card Removal","floor":2,"damage_taken":0},{"event_name":"Living Wall","player_choice":"Grow","floor":3,"damage_taken":0},{"event_name":"Nest","player_choice":"Joined the Cult","floor":20,"damage_taken":0},{"event_name":"The Library","player_choice":"Heal","floor":22,"damage_taken":0},{"event_name":"Forgotten Altar","player_choice":"Shed Blood","floor":28,"damage_taken":0},{"event_name":"Back to Basics","player_choice":"Simplicity","floor":30,"damage_taken":0}],"is_beta":true,"boss_relics":[{"not_picked":["Tiny House","Lizard Tail"],"picked":"Busted Crown"}],"items_purged_floors":[],"is_endless":false,"potions_floor_spawned":[7,8,12,13,18,19,24],"killed_by":"Champ","ascension_level":1}