{"gold_per_floor":[113,75,55,68,82,82,113,113,136,136,146,146,175,185,185,290,290,309,321,334,108,108,108,108,128,128,128,128],"floor_reached":28,"playtime":979,"items_purged":[],"score":296,"play_id":"6e913b74-c952-464b-a3f1-d35496584de3","local_time":"20181216085302","is_ascension_mode":true,"campfire_choices":[{"data":"Zap","floor":6,"key":"SMITH"},{"data":"Hologram","floor":10,"key":"SMITH"},{"data":"Go for the Eyes","floor":12,"key":"SMITH"},{"data":"Capacitor","floor":15,"key":"SMITH"},{"data":"Dualcast","floor":24,"key":"SMITH"},{"data":"Consume","floor":27,"key":"SMITH"}],"neow_cost":"NONE","seed_source_timestamp":5206897395388,"circlet_count":0,"master_deck":["Strike_B","Strike_B","Defend_B","Defend_B","Defend_B","Defend_B","Zap+1","Dualcast+1","Loop","Capacitor+1","Ball Lightning","Go for the Eyes+1","Hologram+1","White Noise","Leap","Consume+1","Echo Form","Steam","Stack","Cold Snap","Self Repair","Conserve Battery"],"relics":["Cracked Core","Omamori","Anchor","Art of War","Pear","Coffee Dripper","Bronze Scales","Happy Flower","Prayer Wheel"],"potions_floor_usage":[13,13,16,25],"damage_taken":[{"damage":4,"enemies":"Small Slimes","floor":1,"turns":4},{"damage":1,"enemies":"Cultist","floor":4,"turns":3},{"damage":0,"enemies":"2 Louse","floor":5,"turns":2},{"damage":20,"enemies":"Lagavulin","floor":7,"turns":6},{"damage":10,"enemies":"Lots of Slimes","floor":11,"turns":4},{"damage":12,"enemies":"Gremlin Nob","floor":13,"turns":4},{"damage":0,"enemies":"Large Slime","floor":14,"turns":3},{"damage":9,"enemies":"Hexaghost","floor":16,"turns":9},{"damage":8,"enemies":"2 Thieves","floor":18,"turns":3},{"damage":35,"enemies":"3 Byrds","floor":19,"turns":5},{"damage":13,"enemies":"Snecko","floor":20,"turns":6},{"damage":10,"enemies":"Snake Plant","floor":25,"turns":4},{"damage":12,"enemies":"Centurion and Healer","floor":28,"turns":2}],"seed_played":"7625229553684430955","potions_obtained":[{"floor":1,"key":"Block Potion"},{"floor":3,"key":"SpeedPotion"},{"floor":4,"key":"GamblersBrew"},{"floor":14,"key":"LiquidBronze"},{"floor":16,"key":"FearPotion"},{"floor":19,"key":"SkillPotion"}],"is_trial":false,"path_per_floor":["M","$","?","M","M","R","E","?","T","R","M","R","E","M","R","B",null,"M","M","M","$","?","?","R","M","T","R","M"],"character_chosen":"DEFECT","items_purchased":["Capacitor","Self Repair","Bronze Scales"],"campfire_rested":0,"item_purchase_floors":[2,21,21],"current_hp_per_floor":[64,64,64,63,63,63,43,43,43,43,33,33,31,31,31,22,69,61,26,13,13,13,13,13,10,10,10,0],"gold":128,"neow_bonus":"RANDOM_COMMON_RELIC","is_prod":false,"is_daily":false,"chose_seed":false,"campfire_upgraded":6,"win_rate":0,"timestamp":1544957582,"path_taken":["M","$","?","M","?","R","E","?","T","R","M","R","E","M","R","BOSS","M","M","?","$","?","?","R","M","T","R","M"],"build_version":"2018-12-13","purchased_purges":0,"victory":false,"max_hp_per_floor":[75,75,75,75,75,75,75,75,75,75,75,75,85,85,85,85,85,85,85,85,85,85,85,85,85,85,85,85],"card_choices":[{"not_picked":["Self Repair","Fusion"],"picked":"Loop","floor":1},{"not_picked":["Turbo","Doom and Gloom"],"picked":"Ball Lightning","floor":4},{"not_picked":["Aggregate","BootSequence"],"picked":"Go for the Eyes","floor":5},{"not_picked":["Reboot","Ball Lightning"],"picked":"Hologram","floor":7},{"not_picked":["Turbo","BootSequence"],"picked":"White Noise","floor":11},{"not_picked":["Static Discharge","Rebound"],"picked":"Leap","floor":13},{"not_picked":["Undo","Melter"],"picked":"Consume","floor":14},{"not_picked":["Reboot","Fission"],"picked":"Echo Form","floor":16},{"not_picked":["Leap","Undo"],"picked":"Steam","floor":18},{"not_picked":["Static Discharge+1","Sweeping Beam+1"],"picked":"Stack","floor":19},{"not_picked":["Go for the Eyes+1","Compile Driver+1"],"picked":"Cold Snap","floor":20},{"not_picked":["Rebound+1","Capacitor"],"picked":"Conserve Battery","floor":25}],"player_experience":253370,"relics_obtained":[{"floor":7,"key":"Anchor"},{"floor":9,"key":"Art of War"},{"floor":13,"key":"Pear"},{"floor":26,"key":"Prayer Wheel"}],"event_choices":[{"damage_healed":0,"gold_gain":0,"player_choice":"Bought 1 Potion","damage_taken":0,"max_hp_gain":0,"max_hp_loss":0,"event_name":"The Woman in Blue","floor":3,"gold_loss":0},{"cards_removed":["Strike_B"],"damage_healed":0,"gold_gain":0,"player_choice":"Offered Basic","damage_taken":0,"max_hp_gain":0,"max_hp_loss":0,"event_name":"Bonfire Elementals","floor":8,"gold_loss":0},{"damage_healed":0,"gold_gain":0,"player_choice":"Opened","damage_taken":0,"relics_obtained":["Happy Flower"],"max_hp_gain":0,"max_hp_loss":0,"event_name":"The Mausoleum","floor":22,"gold_loss":0,"cards_obtained":["Writhe"]},{"cards_removed":["Strike_B"],"damage_healed":0,"gold_gain":0,"player_choice":"Purged","damage_taken":0,"max_hp_gain":0,"max_hp_loss":0,"event_name":"Purifier","floor":23,"gold_loss":0}],"is_beta":false,"boss_relics":[{"not_picked":["Ectoplasm","Orrery"],"picked":"Coffee Dripper"}],"items_purged_floors":[],"is_endless":false,"potions_floor_spawned":[1,4,14,16,19],"killed_by":"Centurion and Healer","ascension_level":6}