{"gold_per_floor":[119,119,132,145,145,145,185,199,273,273],"floor_reached":10,"playtime":352,"items_purged":[],"score":126,"play_id":"a8ed99a9-c5aa-4083-a54a-fb402921c385","local_time":"20181201223420","is_ascension_mode":true,"campfire_choices":[{"data":"Dagger Spray","floor":6,"key":"SMITH"}],"neow_cost":"NONE","seed_source_timestamp":1570737015881965,"circlet_count":0,"master_deck":["AscendersBane","Defend_G","Defend_G","Defend_G","Defend_G","Defend_G","Strike_G","Strike_G","Strike_G","Strike_G","Survivor","Neutralize","Dagger Spray+1","Slice","Infinite Blades","Predator","Slice"],"relics":["Ring of the Snake","Golden Idol","Unceasing Top","Sundial"],"potions_floor_usage":[7],"damage_taken":[{"damage":1,"enemies":"2 Louse","floor":1,"turns":3},{"damage":8,"enemies":"Jaw Worm","floor":3,"turns":5},{"damage":1,"enemies":"Cultist","floor":4,"turns":5},{"damage":23,"enemies":"Lagavulin","floor":7,"turns":7},{"damage":8,"enemies":"Blue Slaver","floor":8,"turns":4},{"damage":0,"enemies":"Gremlin Nob","floor":10,"turns":2}],"seed_played":"9149485694492500231","potions_obtained":[{"floor":3,"key":"Swift Potion"},{"floor":7,"key":"Explosive Potion"}],"is_trial":false,"path_per_floor":["M","?","M","M","?","R","E","M","T","E"],"character_chosen":"THE_SILENT","items_purchased":[],"campfire_rested":0,"item_purchase_floors":[],"current_hp_per_floor":[58,51,43,42,42,42,19,11,11,11],"gold":273,"neow_bonus":"THREE_CARDS","is_prod":false,"is_daily":false,"chose_seed":false,"campfire_upgraded":1,"win_rate":0,"timestamp":1543728860,"path_taken":["M","?","M","M","?","R","E","M","T","E"],"build_version":"2018-11-15","purchased_purges":0,"victory":false,"max_hp_per_floor":[66,66,66,66,60,60,60,60,60,60],"card_choices":[{"not_picked":["PiercingWail","Accuracy"],"picked":"Dagger Spray","floor":0},{"not_picked":["Blade Dance","Concentrate"],"picked":"Slice","floor":1},{"not_picked":["Accuracy","Sucker Punch"],"picked":"Infinite Blades","floor":3},{"not_picked":["Sucker Punch","Deflect"],"picked":"Predator","floor":4},{"not_picked":["Quick Slash","Underhanded Strike","Bane"],"picked":"SKIP","floor":7},{"not_picked":["Quick Slash","Backflip"],"picked":"Slice","floor":8}],"player_experience":1146612,"relics_obtained":[{"floor":7,"key":"Unceasing Top"},{"floor":9,"key":"Sundial"}],"event_choices":[{"cards_removed":["Strike_G"],"damage_healed":0,"gold_gain":0,"player_choice":"Card Removal","damage_taken":7,"max_hp_gain":0,"max_hp_loss":0,"event_name":"Golden Wing","floor":2,"gold_loss":0},{"damage_healed":0,"gold_gain":0,"player_choice":"Lose Max HP","damage_taken":0,"relics_obtained":["Golden Idol"],"max_hp_gain":0,"max_hp_loss":6,"event_name":"Golden Idol","floor":5,"gold_loss":0}],"is_beta":true,"boss_relics":[],"items_purged_floors":[],"is_endless":false,"potions_floor_spawned":[3,7],"killed_by":"Gremlin Nob","ascension_level":17}