{"gold_per_floor":[111,0,14,32,32,32,47,80,80,51,51,26,74,88,88,193,193,212,87,187,216,233,258,258,292,292,292,312,339,364,388,400,511,523,549,576,588,600,6,6,39,39,39,58,58],"floor_reached":45,"playtime":3174,"items_purged":["Strike_B","Strike_B"],"score":603,"play_id":"f9c74fc4-ccfa-4af9-b6ea-80926b8be487","local_time":"20190124163600","is_ascension_mode":true,"campfire_choices":[{"data":"Fission","floor":11,"key":"SMITH"},{"data":"Redo","floor":15,"key":"SMITH"},{"data":"Redo","floor":24,"key":"SMITH"},{"data":"Redo","floor":27,"key":"SMITH"},{"data":"Zap","floor":32,"key":"SMITH"},{"data":"Fission","floor":40,"key":"SMITH"},{"data":"Reboot","floor":42,"key":"SMITH"}],"neow_cost":"NONE","seed_source_timestamp":92522827973961,"circlet_count":0,"master_deck":["Strike_B","Defend_B","Defend_B","Defend_B","Defend_B","Dualcast","Redo+1","Redo+1","Deep Breath","White Noise","Gash","Skim","Fission+1","Redo+1","Ball Lightning+1","Coolheaded","Thunder Strike+1","Beam Cell+1","Cold Snap+1","Ball Lightning+1","Leap+1","Storm","All For One+1","Sweeping Beam+1","Steam+1","Steam Power","Gash+1","FTL+1","Fission+1","Aggregate","Redo","Madness","Madness","Reboot+1","Finesse","Capacitor","Hologram","Sweeping Beam+1","Streamline+1","Gash+1","FTL+1"],"relics":["Cracked Core","Mummified Hand","Meat on the Bone","Molten Egg 2","Lantern","Coffee Dripper","Ginger","Sundial","Red Mask","Letter Opener","Mercury Hourglass","Bottled Tornado","MawBank","Sozu","Membership Card","Pear","Pen Nib","Gremlin Horn"],"potions_floor_usage":[7,16,16,18,20,20,23,33,36,41,41],"damage_taken":[{"damage":6,"enemies":"Jaw Worm","floor":1,"turns":4},{"damage":12,"enemies":"Small Slimes","floor":3,"turns":3},{"damage":0,"enemies":"Cultist","floor":4,"turns":2},{"damage":4,"enemies":"Red Slaver","floor":7,"turns":3},{"damage":31,"enemies":"Lagavulin","floor":8,"turns":7},{"damage":21,"enemies":"Exordium Thugs","floor":10,"turns":5},{"damage":7,"enemies":"Blue Slaver","floor":14,"turns":3},{"damage":11,"enemies":"The Guardian","floor":16,"turns":7},{"damage":0,"enemies":"2 Thieves","floor":18,"turns":1},{"damage":0,"enemies":"Colosseum Slavers","floor":20,"turns":3},{"damage":54,"enemies":"Colosseum Nobs","floor":20,"turns":4},{"damage":5,"enemies":"Masked Bandits","floor":21,"turns":2},{"damage":0,"enemies":"Spheric Guardian","floor":22,"turns":3},{"damage":8,"enemies":"Slavers","floor":23,"turns":5},{"damage":19,"enemies":"Book of Stabbing","floor":25,"turns":3},{"damage":2,"enemies":"Centurion and Healer","floor":28,"turns":3},{"damage":31,"enemies":"Gremlin Leader","floor":29,"turns":5},{"damage":0,"enemies":"Snake Plant","floor":30,"turns":1},{"damage":4,"enemies":"Snecko","floor":31,"turns":4},{"damage":20,"enemies":"Automaton","floor":33,"turns":5},{"damage":27,"enemies":"3 Shapes","floor":35,"turns":4},{"damage":6,"enemies":"3 Darklings","floor":36,"turns":4},{"damage":18,"enemies":"Reptomancer","floor":41,"turns":3},{"damage":24,"enemies":"Spire Growth","floor":44,"turns":4},{"damage":38,"enemies":"Nemesis","floor":45,"turns":4}],"seed_played":"-7685569117293994971","potions_obtained":[{"floor":1,"key":"EssenceOfSteel"},{"floor":4,"key":"Ancient Potion"},{"floor":8,"key":"LiquidBronze"},{"floor":14,"key":"GamblersBrew"},{"floor":16,"key":"PowerPotion"},{"floor":18,"key":"SpeedPotion"},{"floor":21,"key":"FearPotion"},{"floor":22,"key":"Fruit Juice"},{"floor":29,"key":"FearPotion"},{"floor":31,"key":"LiquidBronze"},{"floor":33,"key":"Swift Potion"}],"is_trial":false,"path_per_floor":["M","$","M","M","?","?","M","E","T","M","R","$","T","M","R","B",null,"M","$","?","?","M","E","R","E","T","R","M","E","M","M","R","B",null,"M","M","?","?","$","R","E","R","T","M","E"],"character_chosen":"DEFECT","items_purchased":["Redo","Deep Breath","Ball Lightning+1","Cold Snap+1","Membership Card","Reboot","Finesse","Capacitor","Hologram","Pear","Sweeping Beam+1","Streamline+1"],"campfire_rested":0,"item_purchase_floors":[2,2,12,19,39,39,39,39,39,39,39,39],"current_hp_per_floor":[76,76,64,64,57,57,53,22,22,13,13,13,13,18,18,19,82,82,82,40,47,47,44,44,37,37,37,47,28,40,48,48,40,87,60,54,54,43,53,53,47,47,47,35,0],"gold":58,"neow_bonus":"TEN_PERCENT_HP_BONUS","is_prod":false,"is_daily":false,"chose_seed":false,"campfire_upgraded":7,"win_rate":0,"timestamp":1548344160,"path_taken":["M","$","M","M","?","?","M","E","T","?","R","?","?","M","R","BOSS","M","$","?","?","M","E","R","E","T","R","M","E","M","M","R","BOSS","M","M","?","?","$","R","E","R","T","M","E"],"build_version":"2019-01-23","purchased_purges":2,"victory":false,"max_hp_per_floor":[82,82,82,82,82,82,82,82,82,82,82,82,82,82,82,82,82,82,82,82,82,82,87,87,87,87,87,87,87,87,87,87,87,87,87,87,87,87,97,97,97,97,97,97,97],"card_choices":[{"not_picked":["Static Discharge","FTL"],"picked":"Redo","floor":1},{"not_picked":["Blizzard","Barrage"],"picked":"White Noise","floor":3},{"not_picked":["Rip and Tear","Compile Driver"],"picked":"Gash","floor":4},{"not_picked":["Conserve Battery","Doom and Gloom"],"picked":"Skim","floor":7},{"not_picked":["Turbo","Reinforced Body"],"picked":"Fission","floor":8},{"not_picked":["Rebound+1","Hologram"],"picked":"Redo","floor":10},{"not_picked":["Hologram","Streamline+1"],"picked":"Coolheaded","floor":14},{"not_picked":["All For One+1","Machine Learning"],"picked":"Thunder Strike+1","floor":16},{"not_picked":["Coolheaded","Cold Snap+1"],"picked":"Beam Cell+1","floor":18},{"not_picked":["Streamline+1","Stack+1"],"picked":"Ball Lightning+1","floor":20},{"not_picked":["Blizzard+1","Hologram"],"picked":"Leap+1","floor":21},{"not_picked":["Redo","Go for the Eyes+1"],"picked":"Storm","floor":22},{"not_picked":["Steam Power","Chill"],"picked":"All For One+1","floor":23},{"not_picked":["Turbo","Static Discharge"],"picked":"Sweeping Beam+1","floor":25},{"not_picked":["Turbo","Chaos"],"picked":"Steam+1","floor":28},{"not_picked":["Go for the Eyes+1","Cold Snap+1"],"picked":"Steam Power","floor":29},{"not_picked":["Undo+1","Amplify"],"picked":"Gash+1","floor":30},{"not_picked":["Darkness+1","Fusion"],"picked":"FTL+1","floor":31},{"not_picked":["Amplify","Machine Learning"],"picked":"Fission","floor":33},{"not_picked":["Sweeping Beam+1","Compile Driver+1"],"picked":"Aggregate","floor":35},{"not_picked":["Cold Snap+1","Hologram+1"],"picked":"Redo","floor":36},{"not_picked":["Auto Shields","Darkness+1"],"picked":"Gash+1","floor":41},{"not_picked":["Go for the Eyes+1","Coolheaded"],"picked":"FTL+1","floor":44}],"player_experience":31482,"relics_obtained":[{"floor":8,"key":"Meat on the Bone"},{"floor":9,"key":"Molten Egg 2"},{"floor":13,"key":"Lantern"},{"floor":20,"key":"Ginger"},{"floor":20,"key":"Sundial"},{"floor":21,"key":"Red Mask"},{"floor":23,"key":"Letter Opener"},{"floor":25,"key":"Mercury Hourglass"},{"floor":26,"key":"Bottled Tornado"},{"floor":29,"key":"MawBank"},{"floor":41,"key":"Pen Nib"},{"floor":43,"key":"Gremlin Horn"}],"event_choices":[{"damage_healed":0,"gold_gain":0,"player_choice":"Success","damage_taken":7,"relics_obtained":["Mummified Hand"],"max_hp_gain":0,"max_hp_loss":0,"event_name":"Scrap Ooze","floor":5,"gold_loss":0},{"cards_removed":["Strike_B"],"damage_healed":0,"gold_gain":0,"player_choice":"Card Removal","damage_taken":0,"max_hp_gain":0,"max_hp_loss":0,"event_name":"Wheel of Change","floor":6,"gold_loss":0},{"damage_healed":0,"gold_gain":0,"player_choice":"Fight","damage_taken":0,"max_hp_gain":0,"max_hp_loss":0,"event_name":"Colosseum","floor":20,"gold_loss":0},{"damage_healed":0,"gold_gain":0,"player_choice":"Fought Nobs","damage_taken":0,"max_hp_gain":0,"max_hp_loss":0,"event_name":"Colosseum","floor":20,"gold_loss":0},{"damage_healed":0,"gold_gain":0,"player_choice":"Fought Bandits","damage_taken":0,"max_hp_gain":0,"max_hp_loss":0,"event_name":"Masked Bandits","floor":21,"gold_loss":0},{"cards_removed":["Zap"],"damage_healed":0,"gold_gain":0,"player_choice":"Removed Skill","damage_taken":0,"max_hp_gain":0,"max_hp_loss":0,"event_name":"Falling","floor":37,"gold_loss":0},{"damage_healed":0,"gold_gain":0,"player_choice":"Embrace Madness","damage_taken":11,"max_hp_gain":0,"max_hp_loss":0,"event_name":"Winding Halls","floor":38,"gold_loss":0,"cards_obtained":["Madness","Madness"]}],"is_beta":false,"boss_relics":[{"not_picked":["Runic Dome","FrozenCore"],"picked":"Coffee Dripper"},{"not_picked":["White Beast Statue","Cursed Key"],"picked":"Sozu"}],"items_purged_floors":[19,39],"is_endless":false,"potions_floor_spawned":[1,4,8,14,16,18,21,22,29,31,33,41],"killed_by":"Nemesis","ascension_level":1}