{"gold_per_floor":[111,61,61,76,1,1,30,30,30,30,42,42,67,67,67,172,172,161,86,101,117,149,149,177,177,177,177,177,191,191,221,221,324,324,343,89,136,150,72,72,100,0,25,25,40,40,71,31,31,31],"floor_reached":50,"playtime":4224,"items_purged":["Strike_G","Defend_G"],"score":590,"play_id":"9724e387-73cf-40aa-b001-0490b3e2f7aa","local_time":"20190124034308","is_ascension_mode":false,"campfire_choices":[{"data":"Infinite Blades","floor":6,"key":"SMITH"},{"data":"Calculated Gamble","floor":8,"key":"SMITH"},{"floor":12,"key":"REST"},{"data":"Doppelganger","floor":15,"key":"SMITH"},{"data":"Corpse Explosion","floor":23,"key":"SMITH"},{"data":"Adrenaline","floor":28,"key":"SMITH"},{"data":"A Thousand Cuts","floor":30,"key":"SMITH"},{"data":"Phantasmal Killer","floor":32,"key":"SMITH"},{"data":"Burst","floor":40,"key":"SMITH"},{"data":"Terror","floor":44,"key":"SMITH"},{"data":"Choke","floor":49,"key":"SMITH"}],"neow_cost":"TEN_PERCENT_HP_LOSS","seed_source_timestamp":45094993718685,"circlet_count":0,"master_deck":["Defend_G","Defend_G+1","Defend_G","Strike_G+1","Survivor","Neutralize","Terror+1","Footwork","Flying Knee","Leg Sweep","Infinite Blades+1","Calculated Gamble+1","Backflip","Doppelganger+1","A Thousand Cuts+1","Backflip","Poisoned Stab+1","Bane+1","Corpse Explosion+1","Quick Slash","Adrenaline+1","Poisoned Stab+1","Phantasmal Killer+1","Burst+1","Choke+1","Tools of the Trade+1","Infinite Blades+1","Blur","Dagger Throw","Dagger Throw"],"relics":["Ring of the Serpent","Oddly Smooth Stone","Potion Belt","Pen Nib","Coffee Dripper","Red Mask","Bottled Lightning","Gremlin Horn","Frozen Egg 2","Happy Flower","Kunai","Mango","Blood Vial","Juzu Bracelet","Bag of Preparation"],"potions_floor_usage":[16,16,18,21,22,22,22,22,22,22,24,35,37,41,50,50,50,50,50],"damage_taken":[{"damage":0,"enemies":"2 Louse","floor":1,"turns":4},{"damage":0,"enemies":"Small Slimes","floor":4,"turns":3},{"damage":27,"enemies":"Gremlin Nob","floor":7,"turns":5},{"damage":0,"enemies":"Cultist","floor":11,"turns":4},{"damage":1,"enemies":"Lagavulin","floor":13,"turns":7},{"damage":8,"enemies":"The Guardian","floor":16,"turns":10},{"damage":0,"enemies":"2 Thieves","floor":18,"turns":5},{"damage":6,"enemies":"Chosen","floor":20,"turns":5},{"damage":13,"enemies":"Snake Plant","floor":21,"turns":4},{"damage":8,"enemies":"Masked Bandits","floor":22,"turns":6},{"damage":16,"enemies":"Slavers","floor":24,"turns":5},{"damage":0,"enemies":"Snecko","floor":29,"turns":4},{"damage":0,"enemies":"Book of Stabbing","floor":31,"turns":4},{"damage":4,"enemies":"Collector","floor":33,"turns":5},{"damage":9,"enemies":"Orb Walker","floor":35,"turns":3},{"damage":14,"enemies":"2 Orb Walkers","floor":37,"turns":3},{"damage":16,"enemies":"3 Shapes","floor":38,"turns":2},{"damage":28,"enemies":"Reptomancer","floor":41,"turns":4},{"damage":0,"enemies":"3 Darklings","floor":45,"turns":3},{"damage":0,"enemies":"Giant Head","floor":47,"turns":6},{"damage":17,"enemies":"Donu and Deca","floor":50,"turns":6}],"seed_played":"-4301388471494840430","potions_obtained":[{"floor":4,"key":"LiquidBronze"},{"floor":13,"key":"Weak Potion"},{"floor":14,"key":"EntropicBrew"},{"floor":14,"key":"SneckoOil"},{"floor":14,"key":"Strength Potion"},{"floor":16,"key":"SteroidPotion"},{"floor":21,"key":"Poison Potion"},{"floor":22,"key":"LiquidBronze"},{"floor":35,"key":"Ancient Potion"},{"floor":38,"key":"AttackPotion"},{"floor":41,"key":"Explosive Potion"},{"floor":48,"key":"Dexterity Potion"},{"floor":48,"key":"GamblersBrew"},{"floor":48,"key":"Strength Potion"}],"is_trial":false,"path_per_floor":["M","?","$","M","$","R","E","R","T","?","M","R","E","?","R","B",null,"M","$","M","M","?","R","E","T","T","?","R","M","R","E","R","B",null,"M","$","?","M","$","R","E","$","T","R","M","?","E","?","R","B"],"character_chosen":"THE_SILENT","items_purchased":["Infinite Blades","Kunai","Infinite Blades+1"],"campfire_rested":1,"item_purchase_floors":[5,36,39],"current_hp_per_floor":[63,63,63,63,63,63,36,36,36,23,23,41,40,40,40,32,63,63,63,57,44,36,36,20,20,20,20,20,20,20,20,20,16,63,54,54,54,38,38,38,10,10,10,10,12,12,14,14,14,0],"gold":31,"neow_bonus":"TRANSFORM_TWO_CARDS","is_prod":false,"is_daily":false,"chose_seed":false,"campfire_upgraded":10,"win_rate":0.0,"timestamp":1548297788,"path_taken":["M","?","$","M","$","R","E","R","T","?","M","R","E","?","R","BOSS","M","$","?","M","?","R","E","?","T","?","R","M","R","E","R","BOSS","M","$","?","M","$","R","E","$","T","R","M","?","E","?","R","BOSS"],"build_version":"2019-01-23","purchased_purges":2,"victory":false,"max_hp_per_floor":[63,63,63,63,63,63,63,63,63,63,63,63,63,63,63,63,63,63,63,63,63,63,63,63,63,63,63,63,63,63,63,63,63,63,63,63,77,77,77,77,77,77,77,77,77,77,77,77,77,77],"card_choices":[{"not_picked":["Sucker Punch","Dagger Spray"],"picked":"Flying Knee","floor":1},{"not_picked":["Noxious Fumes","Quick Slash"],"picked":"Leg Sweep","floor":4},{"not_picked":["Outmaneuver","Wraith Form v2"],"picked":"Calculated Gamble","floor":7},{"not_picked":["Deadly Poison","Blade Dance"],"picked":"Backflip","floor":11},{"not_picked":["Blade Dance","Slice"],"picked":"Doppelganger","floor":13},{"not_picked":["Venomology","Burst"],"picked":"A Thousand Cuts","floor":16},{"not_picked":["Catalyst","PiercingWail"],"picked":"Backflip","floor":18},{"not_picked":["PiercingWail","Backflip+1"],"picked":"Poisoned Stab+1","floor":20},{"not_picked":["Reflex","Deadly Poison"],"picked":"Bane+1","floor":21},{"not_picked":["Deadly Poison","Leg Sweep"],"picked":"Corpse Explosion","floor":22},{"not_picked":["Catalyst","Caltrops+1"],"picked":"Quick Slash","floor":24},{"not_picked":["Acrobatics","Flying Knee"],"picked":"Poisoned Stab+1","floor":29},{"not_picked":["PiercingWail+1","Deflect"],"picked":"Phantasmal Killer","floor":31},{"not_picked":["Unload","Malaise"],"picked":"Burst","floor":33},{"not_picked":["Deflect","Dodge and Roll"],"picked":"Quick Slash","floor":35},{"not_picked":["Dash","Caltrops+1"],"picked":"Choke","floor":37},{"not_picked":["Flying Knee+1","Prepared+1"],"picked":"Tools of the Trade+1","floor":38},{"not_picked":["Skewer","Expertise"],"picked":"Blur","floor":41},{"not_picked":["Deflect","Dodge and Roll"],"picked":"Dagger Throw","floor":45},{"not_picked":["Crippling Poison","Deflect+1"],"picked":"Dagger Throw","floor":47}],"player_experience":25043,"relics_obtained":[{"floor":7,"key":"Oddly Smooth Stone"},{"floor":9,"key":"Potion Belt"},{"floor":13,"key":"Pen Nib"},{"floor":22,"key":"Red Mask"},{"floor":24,"key":"Bottled Lightning"},{"floor":25,"key":"Gremlin Horn"},{"floor":26,"key":"Frozen Egg 2"},{"floor":31,"key":"Happy Flower"},{"floor":37,"key":"Mango"},{"floor":41,"key":"Blood Vial"},{"floor":43,"key":"Juzu Bracelet"},{"floor":47,"key":"Bag of Preparation"}],"event_choices":[{"cards_removed":["Defend_G"],"damage_healed":0,"gold_gain":0,"player_choice":"Card Removal","damage_taken":0,"max_hp_gain":0,"max_hp_loss":0,"event_name":"The Cleric","floor":2,"gold_loss":50},{"damage_healed":0,"gold_gain":0,"player_choice":"Entered Light","damage_taken":13,"max_hp_gain":0,"max_hp_loss":0,"event_name":"Shining Light","floor":10,"gold_loss":0,"cards_upgraded":["Defend_G","Strike_G"]},{"damage_healed":0,"gold_gain":0,"player_choice":"Got Potions","damage_taken":0,"max_hp_gain":0,"max_hp_loss":0,"event_name":"Lab","floor":14,"gold_loss":0},{"damage_healed":0,"gold_gain":0,"player_choice":"Fought Bandits","damage_taken":0,"max_hp_gain":0,"max_hp_loss":0,"event_name":"Masked Bandits","floor":22,"gold_loss":0},{"damage_healed":0,"gold_gain":0,"cards_transformed":["Strike_G"],"player_choice":"Transformed","damage_taken":0,"max_hp_gain":0,"max_hp_loss":0,"event_name":"Transmorgrifier","floor":27,"gold_loss":0,"cards_obtained":["Adrenaline"]},{"damage_healed":0,"gold_gain":0,"player_choice":"Fight","damage_taken":0,"max_hp_gain":0,"max_hp_loss":0,"event_name":"Mysterious Sphere","floor":37,"gold_loss":0},{"cards_removed":["Quick Slash"],"damage_healed":0,"gold_gain":0,"player_choice":"Removed Attack","damage_taken":0,"max_hp_gain":0,"max_hp_loss":0,"event_name":"Falling","floor":46,"gold_loss":0},{"damage_healed":0,"gold_gain":0,"player_choice":"Bought 3 Potions","damage_taken":0,"max_hp_gain":0,"max_hp_loss":0,"event_name":"The Woman in Blue","floor":48,"gold_loss":0}],"is_beta":false,"boss_relics":[{"not_picked":["Calling Bell","Velvet Choker"],"picked":"Coffee Dripper"},{"not_picked":["Orrery","Runic Dome"],"picked":"Ring of the Serpent"}],"items_purged_floors":[19,42],"is_endless":false,"potions_floor_spawned":[4,13,16,21,22,35,38,41],"killed_by":"Donu and Deca","ascension_level":0}