{"gold_per_floor":[115,130,27,27,27,27,27,40,40,90,90,116,129,144,144,221,271,291,26,36,36,50,50,50],"floor_reached":24,"playtime":1260,"items_purged":["Strike_R"],"score":382,"play_id":"b5051d64-a07c-42a6-be43-b5b331322155","local_time":"20190112145439","is_ascension_mode":true,"campfire_choices":[{"data":"Body Slam","floor":6,"key":"SMITH"},{"data":"Body Slam","floor":11,"key":"SMITH"},{"data":"Disarm","floor":15,"key":"SMITH"},{"data":"Fiend Fire","floor":23,"key":"SMITH"}],"neow_cost":"PERCENT_DAMAGE","seed_source_timestamp":247910700837097,"circlet_count":0,"master_deck":["AscendersBane","Strike_R","Strike_R","Strike_R","Defend_R+1","Defend_R","Defend_R","Defend_R","Bash","Flame Barrier","Body Slam+1","Shrug It Off","True Grit+1","Body Slam+1","Metallicize","Clothesline","Shrug It Off","Disarm+1","Fiend Fire+1","Shockwave","Feel No Pain","Battle Trance","Decay","Armaments+1","Shrug It Off"],"relics":["Burning Blood","Prayer Wheel","Dead Branch","Red Skull","Tiny House","Question Card"],"potions_floor_usage":[16,18,22,24,24],"damage_taken":[{"damage":11,"enemies":"2 Louse","floor":1,"turns":3},{"damage":2,"enemies":"Jaw Worm","floor":2,"turns":4},{"damage":0,"enemies":"Cultist","floor":8,"turns":3},{"damage":2,"enemies":"3 Sentries","floor":12,"turns":5},{"damage":17,"enemies":"Large Slime","floor":13,"turns":6},{"damage":7,"enemies":"2 Fungi Beasts","floor":14,"turns":3},{"damage":6,"enemies":"Hexaghost","floor":16,"turns":13},{"damage":5,"enemies":"Chosen","floor":18,"turns":4},{"damage":10,"enemies":"Spheric Guardian","floor":20,"turns":5},{"damage":4,"enemies":"3 Cultists","floor":22,"turns":6},{"damage":71,"enemies":"Gremlin Leader","floor":24,"turns":7}],"seed_played":"-6420398255982101942","potions_obtained":[{"floor":1,"key":"PowerPotion"},{"floor":12,"key":"GamblersBrew"},{"floor":17,"key":"Energy Potion"},{"floor":20,"key":"Poison Potion"},{"floor":22,"key":"Poison Potion"}],"is_trial":false,"path_per_floor":["M","M","$","?","?","R","$","M","T","?","R","E","M","M","R","B",null,"M","$","M","?","M","R","E"],"character_chosen":"IRONCLAD","items_purchased":["Body Slam","Question Card"],"campfire_rested":0,"item_purchase_floors":[3,19],"current_hp_per_floor":[45,49,49,42,42,42,42,48,48,48,48,52,41,40,40,40,71,72,72,68,68,70,70,0],"gold":50,"neow_bonus":"ONE_RARE_RELIC","is_prod":false,"is_daily":false,"chose_seed":false,"campfire_upgraded":4,"win_rate":0,"timestamp":1547330079,"path_taken":["M","M","$","?","?","R","?","M","T","?","R","E","?","M","R","BOSS","M","$","M","?","M","R","E"],"build_version":"2019-01-10","purchased_purges":1,"victory":false,"max_hp_per_floor":[75,75,75,75,75,75,75,75,75,75,75,75,75,75,75,75,80,80,80,80,80,80,80,80],"card_choices":[{"not_picked":["Shockwave","Anger"],"picked":"Flame Barrier","floor":1},{"not_picked":["Havoc","Fire Breathing"],"picked":"Body Slam","floor":1},{"not_picked":["Juggernaut","Clash"],"picked":"Shrug It Off","floor":2},{"not_picked":["Wild Strike","Corruption"],"picked":"True Grit","floor":2},{"not_picked":["Iron Wave","True Grit"],"picked":"Metallicize","floor":8},{"not_picked":["Berserk","Whirlwind","Clash"],"picked":"SKIP","floor":8},{"not_picked":["Perfected Strike","Reaper"],"picked":"Clothesline","floor":12},{"not_picked":["Immolate","Body Slam"],"picked":"Shrug It Off","floor":13},{"not_picked":["Sever Soul","Clash","Wild Strike"],"picked":"SKIP","floor":13},{"not_picked":["Shrug It Off","Rupture"],"picked":"Disarm","floor":14},{"not_picked":["Bloodletting","Rampage","Wild Strike"],"picked":"SKIP","floor":14},{"not_picked":["Brutality","Dark Embrace"],"picked":"Fiend Fire","floor":16},{"not_picked":["Headbutt","Pommel Strike+1"],"picked":"Shockwave","floor":18},{"not_picked":["Pummel","Fire Breathing","Evolve"],"picked":"SKIP","floor":18},{"not_picked":["Dual Wield","Pummel","Twin Strike"],"picked":"Feel No Pain","floor":20},{"not_picked":["Flex","Entrench","Dual Wield"],"picked":"Battle Trance","floor":20},{"not_picked":["Exhume","Sword Boomerang","Iron Wave"],"picked":"Armaments+1","floor":22},{"not_picked":["Flex","Sword Boomerang","Second Wind"],"picked":"Shrug It Off","floor":22}],"player_experience":1197318,"relics_obtained":[{"floor":9,"key":"Dead Branch"},{"floor":12,"key":"Red Skull"}],"event_choices":[{"cards_removed":["Strike_R"],"damage_healed":0,"gold_gain":0,"player_choice":"Card Removal","damage_taken":7,"max_hp_gain":0,"max_hp_loss":0,"event_name":"Golden Wing","floor":4,"gold_loss":0},{"damage_healed":0,"gold_gain":0,"player_choice":"Grow","damage_taken":0,"max_hp_gain":0,"max_hp_loss":0,"event_name":"Living Wall","floor":5,"gold_loss":0,"cards_upgraded":["True Grit"]},{"damage_healed":0,"gold_gain":50,"player_choice":"Pray","damage_taken":0,"max_hp_gain":0,"max_hp_loss":0,"event_name":"Golden Shrine","floor":10,"gold_loss":0},{"damage_healed":0,"gold_gain":0,"player_choice":"Smashed Altar","damage_taken":0,"max_hp_gain":0,"max_hp_loss":0,"event_name":"Forgotten Altar","floor":21,"gold_loss":0,"cards_obtained":["Decay"]}],"is_beta":true,"boss_relics":[{"not_picked":["White Beast Statue","Runic Cube"],"picked":"Tiny House"}],"items_purged_floors":[3],"is_endless":false,"potions_floor_spawned":[1,12,14,20,22],"killed_by":"Gremlin Leader","ascension_level":19}