{"gold_per_floor":[110,122,142,159,234,265,265,275,275,293,35,54,89,118,118,118],"floor_reached":16,"playtime":568,"items_purged":[],"score":137,"play_id":"edfdbf9e-76c1-4558-94ff-8d5d8ad5910b","local_time":"20181213235502","is_ascension_mode":true,"campfire_choices":[{"floor":7,"key":"REST"},{"data":"Shockwave","floor":15,"key":"SMITH"}],"neow_cost":"TEN_PERCENT_HP_LOSS","seed_source_timestamp":10368323911388,"circlet_count":0,"master_deck":["Strike_R","Strike_R","Strike_R","Strike_R","Strike_R","Defend_R","Defend_R","Defend_R","Defend_R","Bash","Rampage","Clothesline","Shockwave+1","Shrug It Off","Ghostly Armor","Pommel Strike","Anger","Corruption+1","Cleave"],"relics":["Burning Blood","Thread and Needle","Lantern","Singing Bowl","Frozen Egg 2","Sundial","Odd Mushroom"],"potions_floor_usage":[],"damage_taken":[{"damage":3,"enemies":"Jaw Worm","floor":1,"turns":3},{"damage":2,"enemies":"2 Louse","floor":2,"turns":2},{"damage":4,"enemies":"Small Slimes","floor":3,"turns":4},{"damage":0,"enemies":"3 Louse","floor":4,"turns":5},{"damage":34,"enemies":"Lagavulin","floor":6,"turns":11},{"damage":2,"enemies":"Looter","floor":8,"turns":4},{"damage":0,"enemies":"2 Fungi Beasts","floor":10,"turns":5},{"damage":6,"enemies":"3 Louse","floor":12,"turns":3},{"damage":27,"enemies":"Gremlin Nob","floor":13,"turns":5},{"damage":0,"enemies":"The Mushroom Lair","floor":14,"turns":5},{"damage":52,"enemies":"Slime Boss","floor":16,"turns":7}],"seed_played":"7235083455835291597","potions_obtained":[{"floor":2,"key":"Weak Potion"},{"floor":3,"key":"SteroidPotion"},{"floor":4,"key":"Dexterity Potion"},{"floor":8,"key":"EssenceOfSteel"}],"is_trial":false,"path_per_floor":["M","M","M","M","?","E","R","M","T","M","$","M","E","?","R","B"],"character_chosen":"IRONCLAD","items_purchased":["Frozen Egg 2"],"campfire_rested":1,"item_purchase_floors":[11],"current_hp_per_floor":[72,72,72,72,61,33,54,58,58,64,64,66,45,51,51,0],"gold":118,"neow_bonus":"ONE_RARE_RELIC","is_prod":false,"is_daily":false,"chose_seed":false,"campfire_upgraded":1,"win_rate":0,"timestamp":1544752502,"path_taken":["M","M","M","M","?","E","R","M","T","M","$","M","E","?","R","BOSS"],"build_version":"2018-12-13","purchased_purges":0,"victory":false,"max_hp_per_floor":[72,72,72,72,72,72,72,72,72,72,72,74,74,74,74,74],"card_choices":[{"not_picked":["True Grit","Disarm"],"picked":"Rampage","floor":1},{"not_picked":["Rampage","Heavy Blade"],"picked":"Clothesline","floor":2},{"not_picked":["Heavy Blade","Thunderclap"],"picked":"Shockwave","floor":3},{"not_picked":["Perfected Strike","Warcry"],"picked":"Shrug It Off","floor":4},{"not_picked":["Body Slam","Bloodletting"],"picked":"Ghostly Armor","floor":6},{"not_picked":["Cleave","Entrench"],"picked":"Pommel Strike","floor":8},{"not_picked":["Heavy Blade","Reckless Charge"],"picked":"Anger","floor":10},{"not_picked":["Dropkick","Armaments","Sword Boomerang"],"picked":"Singing Bowl","floor":12},{"not_picked":["Rupture+1","Entrench"],"picked":"Corruption+1","floor":13},{"not_picked":["Searing Blow","Twin Strike"],"picked":"Cleave","floor":14}],"player_experience":238376,"relics_obtained":[{"floor":6,"key":"Lantern"},{"floor":9,"key":"Singing Bowl"},{"floor":13,"key":"Sundial"},{"floor":14,"key":"Odd Mushroom"}],"event_choices":[{"damage_healed":0,"gold_gain":75,"player_choice":"Gather Gold","damage_taken":11,"max_hp_gain":0,"max_hp_loss":0,"event_name":"World of Goop","floor":5,"gold_loss":0},{"damage_healed":0,"gold_gain":0,"player_choice":"Fought Mushrooms","damage_taken":0,"max_hp_gain":0,"max_hp_loss":0,"event_name":"Mushrooms","floor":14,"gold_loss":0}],"is_beta":false,"boss_relics":[],"items_purged_floors":[],"is_endless":false,"potions_floor_spawned":[2,3,4,8,10,14],"killed_by":"Slime Boss","ascension_level":4}