{"gold_per_floor":[110,123,123,137,150,150,225,257,257,257,27,42,42,42],"floor_reached":14,"playtime":401,"items_purged":[],"score":180,"play_id":"68436374-1960-4223-b5ea-0658596f49a1","local_time":"20190216212109","is_ascension_mode":true,"campfire_choices":[{"data":"Zap","floor":6,"key":"SMITH"},{"data":"Buffer","floor":10,"key":"SMITH"}],"neow_cost":"NONE","seed_source_timestamp":266729221769000,"circlet_count":0,"master_deck":["AscendersBane","Strike_B","Strike_B","Strike_B","Defend_B","Defend_B","Defend_B","Defend_B","Zap+1","Dualcast","Conserve Battery","Reinforced Body","Cold Snap+1","Compile Driver","Buffer+1","Undo+1"],"relics":["Cracked Core","NeowsBlessing","Toxic Egg 2","Shuriken","OrangePellets"],"potions_floor_usage":[8],"damage_taken":[{"damage":0,"enemies":"Cultist","floor":1,"turns":1},{"damage":0,"enemies":"2 Louse","floor":2,"turns":1},{"damage":0,"enemies":"Small Slimes","floor":4,"turns":1},{"damage":3,"enemies":"3 Louse","floor":5,"turns":3},{"damage":15,"enemies":"Lagavulin","floor":8,"turns":7},{"damage":4,"enemies":"Lots of Slimes","floor":12,"turns":5},{"damage":25,"enemies":"3 Sentries","floor":14,"turns":5}],"seed_played":"4098370247630707454","potions_obtained":[{"floor":1,"key":"AttackPotion"},{"floor":8,"key":"Weak Potion"}],"is_trial":false,"path_per_floor":["M","M","?","M","M","R","?","E","T","R","$","M","?","E"],"character_chosen":"DEFECT","items_purchased":["OrangePellets"],"campfire_rested":0,"item_purchase_floors":[11],"current_hp_per_floor":[64,64,57,57,54,54,43,28,28,28,28,24,24,0],"gold":42,"neow_bonus":"THREE_ENEMY_KILL","is_prod":false,"is_daily":false,"chose_seed":false,"campfire_upgraded":2,"win_rate":0,"timestamp":1550377269,"path_taken":["M","?","?","M","M","R","?","E","T","R","$","M","?","E"],"build_version":"2019-02-06","purchased_purges":0,"victory":false,"max_hp_per_floor":[71,71,71,71,71,71,71,71,71,71,71,71,71,71],"card_choices":[{"not_picked":["Static Discharge","Compile Driver"],"picked":"Conserve Battery","floor":1},{"not_picked":["Rebound","Rip and Tear"],"picked":"Reinforced Body","floor":2},{"not_picked":["Skim","Stack"],"picked":"Cold Snap","floor":4},{"not_picked":["Sweeping Beam","Coolheaded"],"picked":"Compile Driver","floor":5},{"not_picked":["Scrape","Beam Cell"],"picked":"Buffer","floor":8},{"not_picked":["Static Discharge","Steam Power+1"],"picked":"Undo+1","floor":12}],"player_experience":1317070,"relics_obtained":[{"floor":8,"key":"Toxic Egg 2"},{"floor":9,"key":"Shuriken"}],"event_choices":[{"cards_removed":["Strike_B"],"damage_healed":0,"gold_gain":0,"player_choice":"Card Removal","damage_taken":7,"max_hp_gain":0,"max_hp_loss":0,"event_name":"Golden Wing","floor":3,"gold_loss":0},{"damage_healed":0,"gold_gain":75,"player_choice":"Gather Gold","damage_taken":11,"max_hp_gain":0,"max_hp_loss":0,"event_name":"World of Goop","floor":7,"gold_loss":0},{"damage_healed":0,"gold_gain":0,"player_choice":"Forge","damage_taken":0,"max_hp_gain":0,"max_hp_loss":0,"event_name":"Accursed Blacksmith","floor":13,"gold_loss":0,"cards_upgraded":["Cold Snap"]}],"is_beta":true,"boss_relics":[],"items_purged_floors":[],"is_endless":false,"potions_floor_spawned":[1,8],"killed_by":"3 Sentries","ascension_level":20}