{"gold_per_floor":[15,15,15,15,32,61,76,76,101,116,116,145,157,192,192,192],"floor_reached":16,"playtime":1494,"items_purged":[],"score":126,"play_id":"2bf70b03-993f-4ab5-a148-48d35c879a7e","local_time":"20190217132502","is_ascension_mode":true,"campfire_choices":[{"data":"Ghostly Armor","floor":11,"key":"SMITH"},{"data":"Seeing Red","floor":15,"key":"SMITH"}],"neow_cost":"NO_GOLD","seed_source_timestamp":2524830863843991,"circlet_count":0,"master_deck":["Strike_R","Strike_R","Strike_R","Defend_R","Defend_R","Defend_R","Bash+1","Twin Strike","Cleave+1","Shockwave","Flame Barrier+1","Ghostly Armor+1","Warcry","Seeing Red+1"],"relics":["Burning Blood","PreservedInsect","Whetstone","Dream Catcher","Potion Belt"],"potions_floor_usage":[6,16],"damage_taken":[{"damage":0,"enemies":"2 Louse","floor":1,"turns":2},{"damage":0,"enemies":"Cultist","floor":5,"turns":3},{"damage":21,"enemies":"Lagavulin","floor":6,"turns":5},{"damage":1,"enemies":"Jaw Worm","floor":7,"turns":3},{"damage":5,"enemies":"Looter","floor":10,"turns":3},{"damage":9,"enemies":"3 Sentries","floor":12,"turns":4},{"damage":11,"enemies":"Exordium Thugs","floor":13,"turns":5},{"damage":13,"enemies":"Lagavulin","floor":14,"turns":7},{"damage":59,"enemies":"Hexaghost","floor":16,"turns":14}],"seed_played":"8213316264780873302","potions_obtained":[{"floor":1,"key":"PowerPotion"},{"floor":6,"key":"SmokeBomb"},{"floor":7,"key":"Weak Potion"}],"is_trial":false,"path_per_floor":["M","?","$","T","M","E","M","?","T","M","R","E","M","E","R","B"],"character_chosen":"IRONCLAD","items_purchased":[],"campfire_rested":0,"item_purchase_floors":[],"current_hp_per_floor":[80,80,80,80,80,65,70,70,70,71,71,68,63,56,56,0],"gold":192,"neow_bonus":"REMOVE_TWO","is_prod":false,"is_daily":false,"chose_seed":false,"campfire_upgraded":2,"win_rate":0,"timestamp":1550409902,"path_taken":["M","?","?","?","M","E","M","?","T","M","R","E","M","E","R","BOSS"],"build_version":"2019-01-23","purchased_purges":0,"victory":false,"max_hp_per_floor":[80,80,80,80,80,80,80,80,80,80,80,80,80,80,80,80],"card_choices":[{"not_picked":["Rampage","Clash"],"picked":"Twin Strike","floor":1},{"not_picked":["Dropkick","Shockwave"],"picked":"Cleave","floor":5},{"not_picked":["Cleave","Pommel Strike"],"picked":"Shockwave","floor":6},{"not_picked":["Shrug It Off","Iron Wave"],"picked":"Flame Barrier","floor":7},{"not_picked":["Dark Embrace","Feel No Pain"],"picked":"Ghostly Armor","floor":10},{"not_picked":["Sword Boomerang","Infernal Blade"],"picked":"Warcry","floor":12},{"not_picked":["Corruption","Dual Wield","Feel No Pain"],"picked":"SKIP","floor":13},{"not_picked":["Cleave","Wild Strike"],"picked":"Seeing Red","floor":14}],"player_experience":845542,"relics_obtained":[{"floor":4,"key":"PreservedInsect"},{"floor":6,"key":"Whetstone"},{"floor":12,"key":"Dream Catcher"},{"floor":14,"key":"Potion Belt"}],"event_choices":[{"cards_removed":["Strike_R"],"damage_healed":0,"gold_gain":0,"player_choice":"Purged","damage_taken":0,"max_hp_gain":0,"max_hp_loss":0,"event_name":"Purifier","floor":2,"gold_loss":0},{"damage_healed":0,"gold_gain":0,"player_choice":"Forge","damage_taken":0,"max_hp_gain":0,"max_hp_loss":0,"event_name":"Accursed Blacksmith","floor":8,"gold_loss":0,"cards_upgraded":["Flame Barrier"]}],"is_beta":false,"boss_relics":[],"items_purged_floors":[],"is_endless":false,"potions_floor_spawned":[1,6,7],"killed_by":"Hexaghost","ascension_level":1}