{"gold_per_floor":[11,11,11,26,45,45,65,65,133,133,133,148,178,197,197,294,294,276,7,7,24,41,70,70,97,146,164,164],"floor_reached":28,"playtime":1322,"items_purged":[],"score":371,"play_id":"f6eb7f3f-ec1f-487c-83ed-0a717a70900e","local_time":"20181218214415","is_ascension_mode":true,"campfire_choices":[{"data":"Zap","floor":6.0,"key":"SMITH"},{"data":"Go for the Eyes","floor":8.0,"key":"SMITH"},{"data":"Coolheaded","floor":11.0,"key":"SMITH"},{"data":"Defragment","floor":15.0,"key":"SMITH"},{"floor":24.0,"key":"RECALL"}],"neow_cost":"NO_GOLD","seed_source_timestamp":8637877708045,"circlet_count":0,"master_deck":["Strike_B","Strike_B","Strike_B","Defend_B","Defend_B","Defend_B","Defend_B","Zap+1","Dualcast","Hologram","Turbo","Coolheaded+1","Go for the Eyes+1","Glacier","Defragment+1","Reinforced Body","Seek","Loop","Cold Snap","RitualDagger","Rebound","Loop","Rip and Tear+1","Gash","Rip and Tear"],"special_seed":0,"relics":["Cracked Core","Thread and Needle","Strawberry","Darkstone Periapt","Orichalcum","Fusion Hammer","Symbiotic Virus","Dream Catcher","Omamori","Blood Vial"],"potions_floor_usage":[25],"damage_taken":[{"damage":4.0,"enemies":"2 Louse","floor":1.0,"turns":2.0},{"damage":0.0,"enemies":"Cultist","floor":4.0,"turns":3.0},{"damage":8.0,"enemies":"Small Slimes","floor":5.0,"turns":4.0},{"damage":0.0,"enemies":"3 Louse","floor":7.0,"turns":3.0},{"damage":2.0,"enemies":"Blue Slaver","floor":12.0,"turns":4.0},{"damage":3.0,"enemies":"Lagavulin","floor":13.0,"turns":8.0},{"damage":2.0,"enemies":"Gremlin Gang","floor":14.0,"turns":5.0},{"damage":12.0,"enemies":"Slime Boss","floor":16.0,"turns":15.0},{"damage":0.0,"enemies":"2 Thieves","floor":18.0,"turns":4.0},{"damage":0.0,"enemies":"Chosen","floor":21.0,"turns":3.0},{"damage":1.0,"enemies":"Centurion and Healer","floor":22.0,"turns":14.0},{"damage":0.0,"enemies":"Book of Stabbing","floor":23.0,"turns":7.0},{"damage":68,"enemies":"Gremlin Leader","floor":25,"turns":9},{"damage":0,"enemies":"Sentry and Sphere","floor":27,"turns":5},{"damage":9,"enemies":"Snecko","floor":28,"turns":4}],"seed_played":"2203170527837640514","potions_obtained":[{"floor":1.0,"key":"Energy Potion"},{"floor":7.0,"key":"SteroidPotion"},{"floor":12.0,"key":"Poison Potion"},{"floor":13.0,"key":"Explosive Potion"},{"floor":18.0,"key":"Energy Potion"},{"floor":21.0,"key":"SpeedPotion"},{"floor":23.0,"key":"Fire Potion"}],"is_trial":false,"path_per_floor":["M","?","?","M","M","R","M","R","T","?","R","M","E","M","R","B",null,"M","$","?","M","M","E","R","E","T","M","M"],"character_chosen":"DEFECT","items_purchased":["Cold Snap","Symbiotic Virus"],"campfire_rested":0,"item_purchase_floors":[19,19],"current_hp_per_floor":[64,69,76,76,68,68,68,68,68,61,61,59,56,54,54,42,76,76,76,70,70,69,69,69,1,1,3,0],"gold":164,"neow_bonus":"ONE_RARE_RELIC","is_prod":false,"is_daily":false,"chose_seed":false,"campfire_upgraded":4,"win_rate":0,"timestamp":1545176655,"path_taken":["M","?","?","M","M","R","?","R","T","?","R","M","E","M","R","BOSS","M","$","?","M","M","E","R","E","T","M","M"],"build_version":"2018-12-13","purchased_purges":0,"victory":false,"max_hp_per_floor":[75,80,87,87,87,87,87,87,87,87,87,87,87,87,87,87,87,87,87,87,87,87,87,87,87,87,87,87],"card_choices":[{"not_picked":["Aggregate","Redo"],"picked":"Hologram","floor":1.0},{"not_picked":["Static Discharge","Reprogram"],"picked":"Turbo","floor":4.0},{"not_picked":["Barrage","Streamline"],"picked":"Coolheaded","floor":5.0},{"not_picked":["BootSequence","Rip and Tear"],"picked":"Go for the Eyes","floor":7.0},{"not_picked":["Skim","Consume"],"picked":"Glacier","floor":12.0},{"not_picked":["Fission","Sweeping Beam"],"picked":"Defragment","floor":13.0},{"not_picked":["Redo","Go for the Eyes"],"picked":"Reinforced Body","floor":14.0},{"not_picked":["Biased Cognition","Multi-Cast"],"picked":"Seek","floor":16.0},{"not_picked":["Scrape","Hologram"],"picked":"Loop","floor":18.0},{"not_picked":["Stack","Turbo"],"picked":"Rebound","floor":21.0},{"not_picked":["Recycle","Heatsinks"],"picked":"Loop","floor":22.0},{"not_picked":["Self Repair","Go for the Eyes"],"picked":"Rip and Tear+1","floor":23.0},{"not_picked":["Cold Snap","Turbo+1"],"picked":"Gash","floor":25},{"not_picked":["Scrape","Streamline"],"picked":"Rip and Tear","floor":27}],"player_experience":263066,"relics_obtained":[{"floor":9.0,"key":"Darkstone Periapt"},{"floor":13.0,"key":"Orichalcum"},{"floor":23.0,"key":"Dream Catcher"},{"floor":25,"key":"Omamori"},{"floor":26,"key":"Blood Vial"}],"event_choices":[{"damage_healed":0.0,"max_hp_gain":5.0,"max_hp_loss":0.0,"gold_gain":0.0,"event_name":"Big Fish","player_choice":"Donut","floor":2.0,"gold_loss":0.0,"damage_taken":0.0},{"damage_healed":0.0,"max_hp_gain":0.0,"max_hp_loss":0.0,"gold_gain":0.0,"event_name":"WeMeetAgain","player_choice":"Gave Potion","floor":3.0,"gold_loss":0.0,"damage_taken":0.0,"relics_obtained":["Strawberry"]},{"cards_removed":["Strike_B"],"damage_healed":0.0,"max_hp_gain":0.0,"max_hp_loss":0.0,"gold_gain":0.0,"event_name":"Golden Wing","player_choice":"Card Removal","floor":10.0,"gold_loss":0.0,"damage_taken":7.0},{"damage_healed":0.0,"max_hp_gain":0.0,"max_hp_loss":0.0,"gold_gain":0.0,"event_name":"Nest","player_choice":"Joined the Cult","floor":20.0,"gold_loss":0.0,"damage_taken":6.0,"cards_obtained":["RitualDagger"]}],"is_beta":false,"boss_relics":[{"not_picked":["Runic Pyramid","Lizard Tail"],"picked":"Fusion Hammer"}],"items_purged_floors":[],"is_endless":false,"potions_floor_spawned":[1,7,12,13,18,21,23],"killed_by":"Snecko","ascension_level":6}