{"gold_per_floor":[110,120,139,154,174,174,205,205,280,24,24,34,34,45,45,45],"floor_reached":16,"playtime":536,"items_purged":[],"score":228,"play_id":"6cf0e29c-5d83-4517-9e41-8d76b41df4e1","local_time":"20180921111335","is_ascension_mode":true,"campfire_choices":[{"data":"Sunder","floor":6,"key":"SMITH"},{"data":"Zap","floor":8,"key":"SMITH"},{"data":"Auto Shields","floor":11,"key":"SMITH"},{"data":"Dualcast","floor":15,"key":"SMITH"}],"neow_cost":"NONE","seed_source_timestamp":748818704554307,"circlet_count":0,"master_deck":["Strike_B","Strike_B","Strike_B","Strike_B","Defend_B","Defend_B","Defend_B","Defend_B","Zap+1","Dualcast+1","AscendersBane","Sunder+1","Cold Snap","Auto Shields+1","FTL","Ball Lightning","Ball Lightning","Ball Lightning","FTL","Ball Lightning"],"relics":["Cracked Core","NeowsBlessing","Dream Catcher","Kunai","Membership Card"],"potions_floor_usage":[4,7,7,14,16],"damage_taken":[{"damage":0,"enemies":"Cultist","floor":1,"turns":1},{"damage":0,"enemies":"Jaw Worm","floor":2,"turns":1},{"damage":0,"enemies":"Small Slimes","floor":3,"turns":1},{"damage":9,"enemies":"3 Louse","floor":4,"turns":3},{"damage":0,"enemies":"Exordium Wildlife","floor":5,"turns":2},{"damage":3,"enemies":"Lagavulin","floor":7,"turns":7},{"damage":6,"enemies":"Blue Slaver","floor":12,"turns":2},{"damage":10,"enemies":"3 Louse","floor":14,"turns":3},{"damage":36,"enemies":"The Guardian","floor":16,"turns":9}],"seed_played":"8294896412673385896","potions_obtained":[{"floor":2,"key":"Strength Potion"},{"floor":3,"key":"PowerPotion"},{"floor":4,"key":"Weak Potion"},{"floor":12,"key":"GamblersBrew"},{"floor":14,"key":"Swift Potion"}],"is_trial":false,"path_per_floor":["M","M","M","M","M","R","E","R","T","$","R","M","$","M","R"],"character_chosen":"DEFECT","items_purchased":["Membership Card","Ball Lightning"],"campfire_rested":0,"item_purchase_floors":[10,10],"current_hp_per_floor":[64,64,64,55,55,55,52,52,52,52,52,46,46,36,36,0],"gold":45,"neow_bonus":"THREE_ENEMY_KILL","is_prod":false,"is_daily":false,"chose_seed":false,"campfire_upgraded":4,"win_rate":0,"timestamp":1537550015,"path_taken":["M","?","M","M","M","R","E","R","T","$","R","M","$","M","R","BOSS"],"build_version":"2018-09-20","purchased_purges":0,"victory":false,"max_hp_per_floor":[71,71,71,71,71,71,71,71,71,71,71,71,71,71,71,71],"card_choices":[{"not_picked":["Streamline","Darkness"],"picked":"Sunder","floor":1},{"not_picked":["Barrage","Beam Cell"],"picked":"Cold Snap","floor":2},{"not_picked":["Coolheaded","Fusion"],"picked":"Auto Shields","floor":3},{"not_picked":["Stack","Coolheaded"],"picked":"FTL","floor":4},{"not_picked":["Doom and Gloom","Leap"],"picked":"Ball Lightning","floor":5},{"not_picked":["Loop","Stack"],"picked":"Ball Lightning","floor":7},{"not_picked":["Undo","Beam Cell"],"picked":"FTL","floor":12},{"not_picked":["Hologram","Amplify"],"picked":"Ball Lightning","floor":14}],"player_experience":1049900,"relics_obtained":[{"floor":7,"key":"Dream Catcher"},{"floor":9,"key":"Kunai"}],"event_choices":[],"is_beta":true,"boss_relics":[],"items_purged_floors":[],"is_endless":false,"potions_floor_spawned":[2,3,4,12,14],"killed_by":"The Guardian","ascension_level":19}