{"gold_per_floor":[18,32,46,46,121,121,147,147,147,178,62,80,80,27,27,104,104,104,104,4,0,0],"floor_reached":22,"playtime":869,"items_purged":["Strike_B","Strike_B"],"score":384,"play_id":"271a4071-a106-4c72-8bcc-3d8e4df0eeeb","local_time":"20190217171836","is_ascension_mode":true,"campfire_choices":[{"data":"Zap","floor":6,"key":"SMITH"},{"data":"Doom and Gloom","floor":8,"key":"SMITH"},{"floor":13,"key":"REST"},{"data":"Capacitor","floor":15,"key":"SMITH"}],"neow_cost":"NO_GOLD","seed_source_timestamp":338107265600600,"circlet_count":0,"master_deck":["AscendersBane","Strike_B","Defend_B","Defend_B","Defend_B","Defend_B","Zap+1","Dualcast","Hologram","Compile Driver","Doom and Gloom+1","Glacier","Capacitor+1","FTL","Cold Snap","Echo Form","Necronomicurse","Coolheaded+1"],"relics":["Cracked Core","Dodecahedron","Boot","Orichalcum","Ectoplasm","Necronomicon"],"potions_floor_usage":[7,7,22],"damage_taken":[{"damage":0,"enemies":"2 Louse","floor":1,"turns":3},{"damage":8,"enemies":"Small Slimes","floor":2,"turns":4},{"damage":4,"enemies":"Jaw Worm","floor":3,"turns":5},{"damage":6,"enemies":"Lagavulin","floor":7,"turns":7},{"damage":20,"enemies":"3 Sentries","floor":10,"turns":3},{"damage":8,"enemies":"Red Slaver","floor":12,"turns":5},{"damage":30,"enemies":"Slime Boss","floor":16,"turns":12},{"damage":17,"enemies":"3 Byrds","floor":18,"turns":5},{"damage":16,"enemies":"2 Thieves","floor":21,"turns":3},{"damage":14,"enemies":"Chosen and Byrds","floor":22,"turns":3}],"seed_played":"4453761965515260851","potions_obtained":[{"floor":1,"key":"Fire Potion"},{"floor":2,"key":"Strength Potion"},{"floor":3,"key":"SkillPotion"},{"floor":16,"key":"Dexterity Potion"},{"floor":21,"key":"Block Potion"}],"is_trial":false,"path_per_floor":["M","M","M","?","?","R","E","R","T","E","$","M","R","$","R","B",null,"M","?","$","M","M"],"character_chosen":"DEFECT","items_purchased":["Capacitor","Cold Snap"],"campfire_rested":1,"item_purchase_floors":[11,14],"current_hp_per_floor":[78,70,66,59,48,48,42,42,42,22,22,14,39,39,39,9,66,49,28,28,12,0],"gold":0,"neow_bonus":"TWENTY_PERCENT_HP_BONUS","is_prod":false,"is_daily":false,"chose_seed":false,"campfire_upgraded":3,"win_rate":0,"timestamp":1550449116,"path_taken":["M","M","M","?","?","R","E","R","T","E","$","M","R","$","R","BOSS","M","?","$","M","M"],"build_version":"2019-02-06","purchased_purges":2,"victory":false,"max_hp_per_floor":[85,85,85,85,85,85,85,85,85,85,85,85,85,85,85,85,85,85,85,85,85,85],"card_choices":[{"not_picked":["Blizzard","Melter","Storm"],"picked":"SKIP","floor":1},{"not_picked":["Coolheaded","Melter"],"picked":"Hologram","floor":2},{"not_picked":["Stack","Barrage"],"picked":"Compile Driver","floor":3},{"not_picked":["Force Field","Barrage"],"picked":"Doom and Gloom","floor":7},{"not_picked":["Defragment","Heatsinks"],"picked":"Glacier","floor":10},{"not_picked":["Reprogram","White Noise"],"picked":"FTL","floor":12},{"not_picked":["Electrodynamics","Creative AI"],"picked":"Echo Form","floor":16},{"not_picked":["Reprogram","Stack","Go for the Eyes"],"picked":"SKIP","floor":18},{"not_picked":["Capacitor","Compile Driver"],"picked":"Coolheaded+1","floor":21}],"player_experience":1332277,"relics_obtained":[{"floor":7,"key":"Dodecahedron"},{"floor":9,"key":"Boot"},{"floor":10,"key":"Orichalcum"},{"floor":19,"key":"Necronomicon"}],"event_choices":[{"cards_removed":["Strike_B"],"damage_healed":0,"gold_gain":0,"player_choice":"Card Removal","damage_taken":7,"max_hp_gain":0,"max_hp_loss":0,"event_name":"Golden Wing","floor":4,"gold_loss":0},{"damage_healed":0,"gold_gain":75,"player_choice":"Gather Gold","damage_taken":11,"max_hp_gain":0,"max_hp_loss":0,"event_name":"World of Goop","floor":5,"gold_loss":0},{"damage_healed":0,"gold_gain":0,"player_choice":"Obtained Book","damage_taken":21,"max_hp_gain":0,"max_hp_loss":0,"event_name":"Cursed Tome","floor":19,"gold_loss":0}],"is_beta":true,"boss_relics":[{"not_picked":["Busted Crown","Pandora\u0027s Box"],"picked":"Ectoplasm"}],"items_purged_floors":[11,20],"is_endless":false,"potions_floor_spawned":[1,2,3,16,21],"killed_by":"Chosen and Byrds","ascension_level":20}