{"gold_per_floor":[117,127,142,157,3,3,29,49,75,91,55,84,21,33,45,57],"floor_reached":16,"playtime":677,"items_purged":[],"score":218,"play_id":"5b2020e5-e9b7-4e18-8b2d-cd9a5f7085af","local_time":"20190114211633","is_ascension_mode":true,"campfire_choices":[{"data":"Skewer","floor":6,"key":"SMITH"},{"data":"Footwork","floor":15,"key":"SMITH"}],"neow_cost":"NONE","seed_source_timestamp":444207618515988,"circlet_count":0,"master_deck":["AscendersBane","Defend_G","Defend_G","Defend_G","Defend_G","Defend_G","Strike_G","Strike_G","Strike_G","Survivor","Neutralize","Riddle With Holes","Flying Knee","Cloak And Dagger","Cloak And Dagger","Adrenaline","Skewer+1","Dash+1","Predator+1","PiercingWail","Footwork+1","Outmaneuver"],"relics":["Ring of the Snake","Bottled Lightning","Whetstone","MawBank"],"potions_floor_usage":[7,12,12,16],"damage_taken":[{"damage":17,"enemies":"Cultist","floor":1,"turns":6},{"damage":2,"enemies":"Jaw Worm","floor":2,"turns":5},{"damage":0,"enemies":"Small Slimes","floor":3,"turns":3},{"damage":3,"enemies":"Blue Slaver","floor":4,"turns":5},{"damage":4,"enemies":"3 Sentries","floor":7,"turns":8},{"damage":0,"enemies":"3 Louse","floor":8,"turns":3},{"damage":6,"enemies":"Exordium Thugs","floor":10,"turns":5},{"damage":3,"enemies":"Lagavulin","floor":12,"turns":8},{"damage":33,"enemies":"Hexaghost","floor":16,"turns":12}],"seed_played":"-7973875163707451564","potions_obtained":[{"floor":2,"key":"SkillPotion"},{"floor":4,"key":"Block Potion"},{"floor":8,"key":"Weak Potion"},{"floor":12,"key":"PowerPotion"}],"is_trial":false,"path_per_floor":["M","M","M","M","$","R","E","M","T","M","$","E","?","?","R","B"],"character_chosen":"THE_SILENT","items_purchased":["Adrenaline","Skewer","Footwork"],"campfire_rested":0,"item_purchase_floors":[5,5,11],"current_hp_per_floor":[42,40,40,37,37,37,33,33,33,27,27,24,24,29,29,0],"gold":57,"neow_bonus":"REMOVE_CARD","is_prod":false,"is_daily":false,"chose_seed":false,"campfire_upgraded":2,"win_rate":0,"timestamp":1547525793,"path_taken":["M","M","M","M","$","R","E","?","T","M","?","E","?","?","R","BOSS"],"build_version":"2019-01-10","purchased_purges":0,"victory":false,"max_hp_per_floor":[66,66,66,66,66,66,66,66,66,66,66,66,66,71,71,71],"card_choices":[{"not_picked":["Cloak And Dagger","Choke"],"picked":"Riddle With Holes","floor":1},{"not_picked":["Acrobatics","Dodge and Roll"],"picked":"Flying Knee","floor":2},{"not_picked":["Slice","Backflip"],"picked":"Cloak And Dagger","floor":3},{"not_picked":["Concentrate","Calculated Gamble"],"picked":"Cloak And Dagger","floor":4},{"not_picked":["Blade Dance","Sucker Punch"],"picked":"Dash","floor":7},{"not_picked":["Escape Plan","Slice"],"picked":"Predator","floor":8},{"not_picked":["Riddle With Holes","Burst"],"picked":"PiercingWail","floor":10},{"not_picked":["Escape Plan","Reflex"],"picked":"Outmaneuver","floor":12}],"player_experience":1209026,"relics_obtained":[{"floor":7,"key":"Bottled Lightning"},{"floor":9,"key":"Whetstone"},{"floor":12,"key":"MawBank"}],"event_choices":[{"cards_removed":["Strike_G"],"damage_healed":0,"gold_gain":0,"player_choice":"Card Removal","damage_taken":0,"max_hp_gain":0,"max_hp_loss":0,"event_name":"The Cleric","floor":13,"gold_loss":75},{"damage_healed":0,"gold_gain":0,"player_choice":"Donut","damage_taken":0,"max_hp_gain":5,"max_hp_loss":0,"event_name":"Big Fish","floor":14,"gold_loss":0}],"is_beta":true,"boss_relics":[],"items_purged_floors":[],"is_endless":false,"potions_floor_spawned":[2,4,8,10,12],"killed_by":"Hexaghost","ascension_level":19}