{"gold_per_floor":[113,127,145,45,60,60,81,81,149,149,162,162,182,82,82,180,180,194,176,176,176],"floor_reached":21,"playtime":1296,"items_purged":["Strike_R","Strike_R"],"score":171,"play_id":"09dd0e91-623f-4302-98ef-9276f671ad30","local_time":"20190211010119","is_ascension_mode":false,"campfire_choices":[{"data":"True Grit","floor":6,"key":"SMITH"},{"data":"Heavy Blade","floor":8,"key":"SMITH"},{"data":"Heavy Blade","floor":10,"key":"SMITH"},{"data":"Armaments","floor":12,"key":"SMITH"},{"floor":15,"key":"REST"}],"neow_cost":"NONE","seed_source_timestamp":10843617588200,"circlet_count":0,"master_deck":["Strike_R","Strike_R","Defend_R","Defend_R","Defend_R","Defend_R","Bash","Pommel Strike","Armaments+1","Heavy Blade+1","True Grit+1","Heavy Blade+1","Clothesline","Impervious"],"relics":["Burning Blood","Odd Mushroom","Dodecahedron","Runic Pyramid"],"potions_floor_usage":[16,16,16,21],"damage_taken":[{"damage":7,"enemies":"Small Slimes","floor":1,"turns":4},{"damage":1,"enemies":"Jaw Worm","floor":2,"turns":5},{"damage":1,"enemies":"Cultist","floor":3,"turns":3},{"damage":10,"enemies":"Looter","floor":5,"turns":3},{"damage":29,"enemies":"The Mushroom Lair","floor":7,"turns":6},{"damage":16,"enemies":"Exordium Wildlife","floor":11,"turns":4},{"damage":2,"enemies":"Blue Slaver","floor":13,"turns":5},{"damage":59,"enemies":"Hexaghost","floor":16,"turns":12},{"damage":24,"enemies":"Spheric Guardian","floor":18,"turns":7},{"damage":20,"enemies":"2 Thieves","floor":19,"turns":4},{"damage":56,"enemies":"Cultist and Chosen","floor":21,"turns":10}],"seed_played":"-4172096197186953066","potions_obtained":[{"floor":2,"key":"Poison Potion"},{"floor":5,"key":"Swift Potion"},{"floor":13,"key":"LiquidBronze"},{"floor":16,"key":"Block Potion"}],"is_trial":false,"path_per_floor":["M","M","M","$","M","R","?","R","T","R","M","R","M","$","R","B",null,"M","M","?","M"],"character_chosen":"IRONCLAD","items_purchased":["True Grit"],"campfire_rested":1,"item_purchase_floors":[4],"current_hp_per_floor":[79,80,80,80,76,76,53,53,53,53,43,43,47,47,71,18,80,62,48,48,0],"gold":176,"neow_bonus":"REMOVE_CARD","is_prod":false,"is_daily":false,"chose_seed":false,"campfire_upgraded":4,"win_rate":0.0,"timestamp":1549875679,"path_taken":["M","M","M","$","M","R","?","R","T","R","M","R","M","$","R","BOSS","M","M","?","M"],"build_version":"2019-01-23","purchased_purges":2,"victory":false,"max_hp_per_floor":[80,80,80,80,80,80,80,80,80,80,80,80,80,80,80,80,80,80,80,80,80],"card_choices":[{"not_picked":["Body Slam","Clash"],"picked":"Pommel Strike","floor":1},{"not_picked":["Havoc","Hemokinesis"],"picked":"Armaments","floor":2},{"not_picked":["Twin Strike","Clothesline"],"picked":"Heavy Blade","floor":3},{"not_picked":["Pummel","Headbutt"],"picked":"Heavy Blade","floor":5},{"not_picked":["Ghostly Armor","Dropkick"],"picked":"Clothesline","floor":7},{"not_picked":["Clothesline","Anger","Sword Boomerang"],"picked":"SKIP","floor":11},{"not_picked":["Hemokinesis","Armaments","Headbutt"],"picked":"SKIP","floor":13},{"not_picked":["Dark Embrace","Immolate"],"picked":"Impervious","floor":16},{"not_picked":["Dropkick","Sword Boomerang+1","Anger"],"picked":"SKIP","floor":18},{"not_picked":["Clothesline","Thunderclap","Rage"],"picked":"SKIP","floor":19}],"player_experience":117875,"relics_obtained":[{"floor":7,"key":"Odd Mushroom"},{"floor":9,"key":"Dodecahedron"}],"event_choices":[{"damage_healed":0,"gold_gain":0,"player_choice":"Fought Mushrooms","damage_taken":0,"max_hp_gain":0,"max_hp_loss":0,"event_name":"Mushrooms","floor":7,"gold_loss":0},{"damage_healed":0,"gold_gain":0,"player_choice":"0 cards matched","damage_taken":0,"max_hp_gain":0,"max_hp_loss":0,"event_name":"Match and Keep!","floor":20,"gold_loss":0,"cards_obtained":[]}],"is_beta":false,"boss_relics":[{"not_picked":["Runic Dome","Velvet Choker"],"picked":"Runic Pyramid"}],"items_purged_floors":[4,14],"is_endless":false,"potions_floor_spawned":[2,5,13,16],"killed_by":"Cultist and Chosen","ascension_level":0}