{"gold_per_floor":[117,137,154,171,171,205,205,223,246,246,246,265,278,203,203,303,303,314,314,314,314,314],"floor_reached":22,"playtime":1419,"items_purged":["Strike_B"],"score":298,"play_id":"159ebfb5-5dfc-414e-ad2e-6cd15baaecd6","local_time":"20190202220214","is_ascension_mode":true,"campfire_choices":[{"data":"Electrodynamics","floor":7,"key":"SMITH"},{"data":"Thunder Strike","floor":11,"key":"SMITH"},{"floor":15,"key":"REST"}],"neow_cost":"NONE","seed_source_timestamp":891488347387690,"circlet_count":0,"master_deck":["Strike_B","Strike_B","Strike_B","Defend_B","Defend_B","Defend_B","Defend_B","Zap","Dualcast","White Noise","Ball Lightning","Electrodynamics+1","Beam Cell","Coolheaded","Capacitor","Thunder Strike+1","Aggregate+1","Ball Lightning","Regret","Hologram","Coolheaded","Cold Snap","Storm","Electrodynamics","Stack+1","Necronomicurse"],"relics":["Orrery","Gremlin Horn","Pen Nib","Ancient Tea Set","Sozu","Necronomicon","GremlinMask"],"potions_floor_usage":[3,8,16,21],"damage_taken":[{"damage":1,"enemies":"Cultist","floor":1,"turns":3},{"damage":9,"enemies":"Small Slimes","floor":2,"turns":3},{"damage":0,"enemies":"2 Louse","floor":3,"turns":2},{"damage":7,"enemies":"Blue Slaver","floor":4,"turns":5},{"damage":28,"enemies":"Gremlin Nob","floor":6,"turns":4},{"damage":12,"enemies":"Exordium Thugs","floor":8,"turns":2},{"damage":15,"enemies":"Red Slaver","floor":12,"turns":3},{"damage":2,"enemies":"Large Slime","floor":13,"turns":5},{"damage":3,"enemies":"Slime Boss","floor":16,"turns":4},{"damage":18,"enemies":"Shell Parasite","floor":18,"turns":4},{"damage":0,"enemies":"2 Thieves","floor":21,"turns":1},{"damage":29,"enemies":"Shelled Parasite and Fungi","floor":22,"turns":2}],"seed_played":"5394888176632793391","potions_obtained":[{"floor":2,"key":"Fire Potion"},{"floor":6,"key":"SkillPotion"},{"floor":12,"key":"SmokeBomb"},{"floor":13,"key":"FocusPotion"}],"is_trial":false,"path_per_floor":["M","M","M","M","?","E","R","M","T","?","R","M","M","$","R","B",null,"M","?","?","M","M"],"character_chosen":"DEFECT","items_purchased":[],"campfire_rested":1,"item_purchase_floors":[],"current_hp_per_floor":[74,65,65,58,58,30,30,18,18,18,18,3,1,1,23,20,61,43,27,27,27,0],"gold":314,"neow_bonus":"BOSS_RELIC","is_prod":false,"is_daily":false,"chose_seed":false,"campfire_upgraded":2,"win_rate":0,"timestamp":1549141334,"path_taken":["M","M","?","M","?","E","R","M","T","?","R","M","?","?","R","BOSS","M","?","?","?","M"],"build_version":"2019-01-23","purchased_purges":1,"victory":false,"max_hp_per_floor":[75,75,75,75,75,75,75,75,75,75,75,75,75,75,75,75,75,75,75,75,75,75],"card_choices":[{"not_picked":["Conserve Battery","Coolheaded"],"picked":"White Noise","floor":0},{"not_picked":["Sweeping Beam","Stack"],"picked":"Ball Lightning","floor":0},{"not_picked":["Cold Snap","Force Field"],"picked":"Electrodynamics","floor":0},{"not_picked":["Sweeping Beam","Leap"],"picked":"Beam Cell","floor":0},{"not_picked":["Steam","Leap"],"picked":"Coolheaded","floor":0},{"not_picked":["Aggregate","Cold Snap"],"picked":"Capacitor","floor":1},{"not_picked":["Rebound","Beam Cell"],"picked":"Thunder Strike","floor":2},{"not_picked":["Rebound","Double Energy"],"picked":"Aggregate","floor":3},{"not_picked":["Stack","Gash"],"picked":"Ball Lightning","floor":4},{"not_picked":["Chaos","Stack"],"picked":"Hologram","floor":6},{"not_picked":["Sweeping Beam","Gash"],"picked":"Coolheaded","floor":8},{"not_picked":["Lockon","Redo"],"picked":"Cold Snap","floor":12},{"not_picked":["Sweeping Beam","Buffer"],"picked":"Storm","floor":13},{"not_picked":["Amplify","All For One"],"picked":"Electrodynamics","floor":16},{"not_picked":["Go for the Eyes","Redo"],"picked":"Stack+1","floor":18}],"player_experience":139717,"relics_obtained":[{"floor":6,"key":"Pen Nib"},{"floor":9,"key":"Ancient Tea Set"},{"floor":19,"key":"Necronomicon"}],"event_choices":[{"damage_healed":0,"gold_gain":0,"player_choice":"Box","damage_taken":0,"relics_obtained":["Gremlin Horn"],"max_hp_gain":0,"max_hp_loss":0,"event_name":"Big Fish","floor":5,"gold_loss":0,"cards_obtained":["Regret"]},{"damage_healed":0,"gold_gain":0,"player_choice":"Upgraded","damage_taken":0,"max_hp_gain":0,"max_hp_loss":0,"event_name":"Upgrade Shrine","floor":10,"gold_loss":0,"cards_upgraded":["Aggregate"]},{"damage_healed":0,"gold_gain":0,"player_choice":"Obtained Book","damage_taken":16,"max_hp_gain":0,"max_hp_loss":0,"event_name":"Cursed Tome","floor":19,"gold_loss":0},{"damage_healed":0,"gold_gain":0,"player_choice":"Trade","damage_taken":0,"relics_obtained":["GremlinMask"],"max_hp_gain":0,"max_hp_loss":0,"event_name":"FaceTrader","floor":20,"gold_loss":0}],"is_beta":false,"boss_relics":[{"not_picked":["Lizard Tail","Ectoplasm"],"picked":"Sozu"}],"items_purged_floors":[14],"is_endless":false,"potions_floor_spawned":[2,6,12,13],"killed_by":"Shelled Parasite and Fungi","ascension_level":5}