{"gold_per_floor":[125,137,167,24,43,69,69,144,144,164,17,33,67,82,82,208,208,226,226,226,78,89,89,89],"floor_reached":24,"playtime":1876,"items_purged":["Writhe"],"score":206,"play_id":"a71e7944-f03a-46c7-b4e9-d71a690849ab","local_time":"20190202234901","is_ascension_mode":false,"campfire_choices":[{"floor":15,"key":"REST"},{"floor":23,"key":"REST"}],"neow_cost":"NONE","seed_source_timestamp":24517330996900,"circlet_count":0,"master_deck":["Strike_R","Strike_R","Strike_R","Strike_R","Strike_R","Defend_R","Defend_R","Defend_R","Defend_R","Bash","Clothesline","Flame Barrier","Body Slam","Body Slam","Injury","Clothesline","True Grit","Reaper","Entrench","Demon Form","Ghostly Armor+1","Feel No Pain","Feel No Pain"],"relics":["Burning Blood","MawBank","Happy Flower","Dodecahedron","Bloody Idol","Blue Candle","Juzu Bracelet","Blood Vial","Runic Pyramid","Ancient Tea Set"],"potions_floor_usage":[12,13,16,16],"damage_taken":[{"damage":15,"enemies":"Jaw Worm","floor":1,"turns":4},{"damage":7,"enemies":"Small Slimes","floor":3,"turns":4},{"damage":6,"enemies":"2 Louse","floor":5,"turns":3},{"damage":14,"enemies":"Gremlin Nob","floor":6,"turns":4},{"damage":4,"enemies":"Exordium Wildlife","floor":10,"turns":5},{"damage":0,"enemies":"Looter","floor":12,"turns":4},{"damage":39,"enemies":"3 Sentries","floor":13,"turns":9},{"damage":5,"enemies":"3 Louse","floor":14,"turns":4},{"damage":71,"enemies":"The Guardian","floor":16,"turns":17},{"damage":48,"enemies":"Shell Parasite","floor":18,"turns":10},{"damage":46,"enemies":"3 Byrds","floor":22,"turns":7},{"damage":47,"enemies":"Shelled Parasite and Fungi","floor":24,"turns":6}],"seed_played":"3950422922210532075","potions_obtained":[{"floor":3,"key":"Weak Potion"},{"floor":5,"key":"LiquidBronze"},{"floor":10,"key":"Block Potion"},{"floor":12,"key":"Fire Potion"},{"floor":16,"key":"GamblersBrew"}],"is_trial":false,"path_per_floor":["M","?","M","$","M","E","?","?","T","M","$","M","E","M","R","B",null,"M","?","?","$","M","R","M"],"character_chosen":"IRONCLAD","items_purchased":["Happy Flower","Juzu Bracelet","Feel No Pain"],"campfire_rested":2,"item_purchase_floors":[4,11,21],"current_hp_per_floor":[71,71,70,70,70,62,62,62,62,64,64,70,37,42,66,7,80,44,44,44,44,17,41,0],"gold":89,"neow_bonus":"RANDOM_COMMON_RELIC","is_prod":false,"is_daily":false,"chose_seed":false,"campfire_upgraded":0,"win_rate":0.0,"timestamp":1549180141,"path_taken":["M","?","M","$","M","E","?","?","T","M","$","M","E","M","R","BOSS","M","?","?","?","M","R","M"],"build_version":"2019-01-23","purchased_purges":1,"victory":false,"max_hp_per_floor":[80,80,80,80,80,80,80,80,80,80,80,80,80,80,80,80,80,80,80,80,80,80,80,80],"card_choices":[{"not_picked":["Wild Strike","Armaments"],"picked":"Clothesline","floor":1},{"not_picked":["Shrug It Off","Iron Wave"],"picked":"Flame Barrier","floor":3},{"not_picked":["Warcry","Dual Wield"],"picked":"Body Slam","floor":5},{"not_picked":["Twin Strike","Clash"],"picked":"Body Slam","floor":6},{"not_picked":["Sentinel","Headbutt"],"picked":"Clothesline","floor":10},{"not_picked":["Rage","Iron Wave"],"picked":"True Grit","floor":12},{"not_picked":["Clash","Twin Strike"],"picked":"Reaper","floor":13},{"not_picked":["Heavy Blade","Rage"],"picked":"Entrench","floor":14},{"not_picked":["Berserk","Limit Break"],"picked":"Demon Form","floor":16},{"not_picked":["Warcry","True Grit"],"picked":"Ghostly Armor+1","floor":18},{"not_picked":["Flex","Havoc"],"picked":"Feel No Pain","floor":22}],"player_experience":61553,"relics_obtained":[{"floor":6,"key":"Dodecahedron"},{"floor":9,"key":"Blue Candle"},{"floor":13,"key":"Blood Vial"}],"event_choices":[{"damage_healed":0,"gold_gain":0,"player_choice":"Ignored","damage_taken":0,"max_hp_gain":0,"max_hp_loss":0,"event_name":"Shining Light","floor":2,"gold_loss":0},{"damage_healed":0,"gold_gain":0,"player_choice":"Take Wound","damage_taken":0,"relics_obtained":["Golden Idol"],"max_hp_gain":0,"max_hp_loss":0,"event_name":"Golden Idol","floor":7,"gold_loss":0,"cards_obtained":["Injury"]},{"damage_healed":0,"gold_gain":75,"player_choice":"Gained Gold","damage_taken":0,"max_hp_gain":0,"max_hp_loss":0,"event_name":"Golden Wing","floor":8,"gold_loss":0},{"damage_healed":0,"gold_gain":0,"player_choice":"Gave Idol","damage_taken":0,"relics_obtained":["Bloody Idol"],"max_hp_gain":0,"max_hp_loss":0,"event_name":"Forgotten Altar","floor":19,"relics_lost":["Golden Idol"],"gold_loss":0},{"damage_healed":0,"gold_gain":0,"player_choice":"Opened","damage_taken":0,"relics_obtained":["Ancient Tea Set"],"max_hp_gain":0,"max_hp_loss":0,"event_name":"The Mausoleum","floor":20,"gold_loss":0,"cards_obtained":["Writhe"]}],"is_beta":false,"boss_relics":[{"not_picked":["Philosopher\u0027s Stone","Ectoplasm"],"picked":"Runic Pyramid"}],"items_purged_floors":[21],"is_endless":false,"potions_floor_spawned":[3,5,10,12,16],"killed_by":"Shelled Parasite and Fungi","ascension_level":0}