{"gold_per_floor":[116,41,55,68,68,68,98,111,191,191,204,204,236,236,236,334,334,345,361,371,371],"floor_reached":21,"playtime":794,"items_purged":["Shame"],"score":235,"play_id":"1cf564fe-1d1e-41d3-8239-90b36c4daa80","local_time":"20181025190458","is_ascension_mode":true,"campfire_choices":[{"data":"Zap","floor":6,"key":"SMITH"},{"data":"Dualcast","floor":10,"key":"SMITH"},{"data":"Redo","floor":15,"key":"SMITH"}],"neow_cost":"CURSE","seed_source_timestamp":6562693047984,"circlet_count":0,"master_deck":["Strike_B","Strike_B","Strike_B","Defend_B","Defend_B+1","Defend_B","Defend_B","Zap+1","Dualcast+1","Self Repair+1","Steam","Go for the Eyes+1","Electrodynamics","Gash+1","Gash","Redo+1","Machine Learning","Sweeping Beam+1","Capacitor","Conserve Battery"],"relics":["Cracked Core","Ice Cream","Nunchaku","Pear","Whetstone","Philosopher\u0027s Stone"],"potions_floor_usage":[7,19,21],"damage_taken":[{"damage":3,"enemies":"Cultist","floor":1,"turns":3},{"damage":11,"enemies":"Small Slimes","floor":3,"turns":4},{"damage":4,"enemies":"2 Louse","floor":4,"turns":3},{"damage":23,"enemies":"Gremlin Nob","floor":7,"turns":5},{"damage":4,"enemies":"Red Slaver","floor":8,"turns":4},{"damage":7,"enemies":"Large Slime","floor":11,"turns":4},{"damage":12,"enemies":"3 Sentries","floor":13,"turns":3},{"damage":34,"enemies":"Hexaghost","floor":16,"turns":10},{"damage":0,"enemies":"Spheric Guardian","floor":18,"turns":3},{"damage":56,"enemies":"3 Byrds","floor":19,"turns":4},{"damage":30,"enemies":"Centurion and Healer","floor":20,"turns":8},{"damage":27,"enemies":"Cultist and Chosen","floor":21,"turns":4}],"seed_played":"-2978400407579442358","potions_obtained":[{"floor":3,"key":"Block Potion"},{"floor":4,"key":"Ancient Potion"},{"floor":13,"key":"EssenceOfSteel"},{"floor":16,"key":"SteroidPotion"},{"floor":19,"key":"Ancient Potion"}],"is_trial":false,"path_per_floor":["M","$","M","M","?","R","E","M","T","R","M","?","E","?","R","B",null,"M","M","M"],"character_chosen":"DEFECT","items_purchased":[],"campfire_rested":0,"item_purchase_floors":[],"current_hp_per_floor":[72,72,68,71,76,76,60,63,73,73,73,73,68,50,50,26,90,90,44,24,0],"gold":371,"neow_bonus":"ONE_RARE_RELIC","is_prod":false,"is_daily":false,"chose_seed":false,"campfire_upgraded":3,"win_rate":0,"timestamp":1540501498,"path_taken":["M","?","M","M","?","R","E","M","T","R","M","?","E","?","R","BOSS","M","M","M","M"],"build_version":"2018-10-18","purchased_purges":1,"victory":false,"max_hp_per_floor":[75,75,75,75,80,80,80,80,90,90,90,90,90,90,90,90,90,90,90,90,90],"card_choices":[{"not_picked":["Tempest","Lockon"],"picked":"Self Repair","floor":1},{"not_picked":["Hologram","Barrage"],"picked":"Steam","floor":3},{"not_picked":["Sweeping Beam","Redo"],"picked":"Go for the Eyes","floor":4},{"not_picked":["Turbo","Hello World"],"picked":"Electrodynamics","floor":7},{"not_picked":["Leap","Sunder"],"picked":"Gash","floor":8},{"not_picked":["Redo","Aggregate"],"picked":"Gash","floor":11},{"not_picked":["Undo","Rip and Tear"],"picked":"Redo","floor":13},{"not_picked":["Buffer","Fission"],"picked":"Machine Learning","floor":16},{"not_picked":["Barrage","Streamline+1"],"picked":"Sweeping Beam+1","floor":18},{"not_picked":["Conserve Battery+1","Heatsinks+1"],"picked":"Capacitor","floor":19},{"not_picked":["Undo+1","Stack"],"picked":"Conserve Battery","floor":20}],"player_experience":111369,"relics_obtained":[{"floor":7,"key":"Nunchaku"},{"floor":9,"key":"Pear"},{"floor":13,"key":"Whetstone"}],"event_choices":[{"damage_healed":0,"gold_gain":0,"player_choice":"Donut","damage_taken":0,"max_hp_gain":5,"max_hp_loss":0,"event_name":"Big Fish","floor":5,"gold_loss":0},{"cards_removed":["Strike_B"],"damage_healed":0,"gold_gain":0,"player_choice":"Offered Basic","damage_taken":0,"max_hp_gain":0,"max_hp_loss":0,"event_name":"Bonfire Elementals","floor":12,"gold_loss":0},{"damage_healed":0,"gold_gain":0,"player_choice":"Entered Light","damage_taken":18,"max_hp_gain":0,"max_hp_loss":0,"event_name":"Shining Light","floor":14,"gold_loss":0,"cards_upgraded":["Defend_B","Self Repair"]}],"is_beta":false,"boss_relics":[{"not_picked":["Calling Bell","Orrery"],"picked":"Philosopher\u0027s Stone"}],"items_purged_floors":[2],"is_endless":false,"potions_floor_spawned":[3,4,13,16,19],"killed_by":"Cultist and Chosen","ascension_level":2}