{"gold_per_floor":[116,135,147,159,159,159,178,203,203,203,234,252,129,129,129,228,228,247,257,257,267,47,47,82,82,82,111,123,137,162,27,27,125,125,144,144,144,154,102,102,102,102,102,130,150,161,181,213,213,213,213,213,25,55,55],"floor_reached":55,"playtime":3950,"items_purged":[],"score":1109,"play_id":"26d158e2-fd0e-41c8-8037-d153a401fdfe","local_time":"20181210194917","is_ascension_mode":true,"campfire_choices":[{"data":"Hologram","floor":6.0,"key":"SMITH"},{"floor":15.0,"key":"REST"},{"data":"Dualcast","floor":23,"key":"SMITH"},{"data":"Turbo","floor":25,"key":"SMITH"},{"data":"Redo","floor":32,"key":"SMITH"},{"data":"Madness","floor":40,"key":"SMITH"},{"floor":42,"key":"RECALL"},{"floor":49,"key":"REST"},{"data":"Madness","floor":52,"key":"SMITH"}],"neow_cost":"NONE","seed_source_timestamp":0,"circlet_count":0,"master_deck":["Defend_B","Defend_B","Defend_B","Zap+1","Dualcast+1","Gash","Hologram+1","Glacier","Genetic Algorithm","Leap","Steam","FTL+1","BootSequence","Gash+1","Scrape+1","Biased Cognition","Capacitor+1","Machine Learning+1","Reinforced Body+1","Cold Snap+1","Scrape+1","Stack","Steam","Turbo+1","Redo+1","Stack+1","Redo+1","Go for the Eyes+1","Core Surge+1","All For One+1","Gash+1","Madness+1","Madness+1","Swift Strike+1","Purity","Hologram+1","Ball Lightning+1","Scrape+1","Rebound+1","Barrage+1","Conserve Battery","Core Surge+1","Panacea","Compile Driver+1","Coolheaded+1"],"special_seed":0,"relics":["Cracked Core","Dodecahedron","Molten Egg 2","FaceOfCleric","Sundial","Astrolabe","Runic Capacitor","Question Card","Omamori","Kunai","Eternal Feather","Art of War","Pear","Torii","Blood Vial"],"potions_floor_usage":[33,38,44,44,47,54,55,55],"damage_taken":[{"damage":6.0,"enemies":"2 Louse","floor":1.0,"turns":2.0},{"damage":4.0,"enemies":"Jaw Worm","floor":2.0,"turns":3.0},{"damage":0.0,"enemies":"Cultist","floor":3.0,"turns":3.0},{"damage":7.0,"enemies":"2 Fungi Beasts","floor":4.0,"turns":4.0},{"damage":7.0,"enemies":"3 Louse","floor":7.0,"turns":4.0},{"damage":39.0,"enemies":"Gremlin Nob","floor":8.0,"turns":7.0},{"damage":5.0,"enemies":"Lagavulin","floor":11.0,"turns":11.0},{"damage":0.0,"enemies":"Red Slaver","floor":12.0,"turns":3.0},{"damage":21.0,"enemies":"Hexaghost","floor":16.0,"turns":11.0},{"damage":1,"enemies":"Shell Parasite","floor":18,"turns":6},{"damage":1,"enemies":"Chosen","floor":19,"turns":6},{"damage":0,"enemies":"Snecko","floor":21,"turns":5},{"damage":2,"enemies":"Book of Stabbing","floor":24,"turns":7},{"damage":17,"enemies":"Slavers","floor":27,"turns":6},{"damage":1,"enemies":"Snake Plant","floor":28,"turns":5},{"damage":1,"enemies":"Centurion and Healer","floor":29,"turns":11},{"damage":1,"enemies":"Book of Stabbing","floor":30,"turns":8},{"damage":22,"enemies":"Collector","floor":33,"turns":16},{"damage":0,"enemies":"Orb Walker","floor":35,"turns":3},{"damage":22,"enemies":"3 Darklings","floor":38,"turns":8},{"damage":31,"enemies":"Nemesis","floor":44,"turns":5},{"damage":18,"enemies":"4 Shapes","floor":45,"turns":8},{"damage":8,"enemies":"Spire Growth","floor":46,"turns":6},{"damage":8,"enemies":"Writhing Mass","floor":47,"turns":3},{"damage":0,"enemies":"Giant Head","floor":48,"turns":8},{"damage":18,"enemies":"Donu and Deca","floor":50,"turns":14},{"damage":71,"enemies":"Shield and Spear","floor":54,"turns":8},{"damage":53,"enemies":"The Heart","floor":55,"turns":3}],"seed_played":"4528701274062177245","potions_obtained":[{"floor":3.0,"key":"Poison Potion"},{"floor":7.0,"key":"Swift Potion"},{"floor":11.0,"key":"AttackPotion"},{"floor":12.0,"key":"SteroidPotion"},{"floor":16.0,"key":"GamblersBrew"},{"floor":21,"key":"Energy Potion"},{"floor":30,"key":"EntropicBrew"},{"floor":33,"key":"Energy Potion"},{"floor":38,"key":"SpeedPotion"},{"floor":45,"key":"FairyPotion"},{"floor":46,"key":"Regen Potion"},{"floor":48,"key":"Poison Potion"}],"is_trial":false,"path_per_floor":["M","M","M","M","?","R","M","E","T","?","E","M","$","?","R","B",null,"M","M","?","M","$","R","E","R","T","E","M","M","E","$","R","B",null,"M","?","?","M","$","R","?","R","T","E","M","M","M","E","R","B",null,"R","$","E","B"],"character_chosen":"DEFECT","items_purchased":["Gash+1","Scrape+1","Runic Capacitor","Steam","Core Surge+1","Ball Lightning+1","Panacea","Compile Driver+1","EssenceOfSteel"],"campfire_rested":2,"item_purchase_floors":[13,13,22,22,31,39,53,53,53],"current_hp_per_floor":[69,65,65,58,58,58,51,12,12,12,8,9,9,14,38,18,67,67,67,67,68,68,68,67,67,67,51,51,51,51,51,51,30,77,78,66,61,40,40,61,61,82,82,62,45,38,40,41,97,80,103,110,110,40,0],"gold":55,"neow_bonus":"UPGRADE_CARD","is_prod":false,"is_daily":false,"chose_seed":false,"campfire_upgraded":6,"win_rate":0,"timestamp":1544478557,"path_taken":["M","M","M","M","?","R","M","E","T","?","E","?","$","?","R","BOSS","M","M","?","M","$","R","E","R","T","E","M","?","E","$","R","BOSS","M","?","?","M","$","R","?","R","T","E","M","M","?","E","R","BOSS","R","$","E","BOSS"],"build_version":"2018-12-06","purchased_purges":0,"victory":false,"max_hp_per_floor":[75,75,75,75,75,75,75,75,75,75,76,77,77,82,82,83,83,84,85,85,86,86,86,87,87,87,88,89,90,91,91,91,92,92,93,93,93,94,94,94,94,94,94,105,106,107,108,109,109,110,110,110,110,111,111],"card_choices":[{"not_picked":["Cold Snap","Recycle"],"picked":"Gash","floor":1.0},{"not_picked":["Beam Cell","Chaos"],"picked":"Hologram","floor":2.0},{"not_picked":["Go for the Eyes","Coolheaded"],"picked":"Glacier","floor":3.0},{"not_picked":["Turbo","Sweeping Beam"],"picked":"Genetic Algorithm","floor":4.0},{"not_picked":["Aggregate","Coolheaded"],"picked":"Leap","floor":7.0},{"not_picked":["Cold Snap","Heatsinks"],"picked":"Steam","floor":8.0},{"not_picked":["Echo Form","Beam Cell+1"],"picked":"FTL+1","floor":11.0},{"not_picked":["Darkness","Tempest"],"picked":"BootSequence","floor":12.0},{"not_picked":["Buffer","Amplify"],"picked":"Biased Cognition","floor":16.0},{"not_picked":["Consume","Force Field"],"picked":"Cold Snap+1","floor":18},{"not_picked":["White Noise","Hello World"],"picked":"Scrape+1","floor":19},{"not_picked":["Self Repair","Steam"],"picked":"Stack","floor":21},{"not_picked":["Lockon+1","Machine Learning"],"picked":"Turbo","floor":24},{"not_picked":["Self Repair","Skim","Turbo"],"picked":"Redo","floor":27},{"not_picked":["Heatsinks+1","Cold Snap+1","Consume"],"picked":"Stack+1","floor":28},{"not_picked":["Reinforced Body","Reprogram+1","Coolheaded"],"picked":"Redo+1","floor":29},{"not_picked":["Conserve Battery","Beam Cell+1","BootSequence"],"picked":"Go for the Eyes+1","floor":30},{"not_picked":["Biased Cognition","Creative AI","Thunder Strike+1"],"picked":"All For One+1","floor":33},{"not_picked":["Leap","Loop+1","Turbo+1"],"picked":"Gash+1","floor":35},{"not_picked":["Trip","Secret Technique","Impatience"],"picked":"Swift Strike+1","floor":37},{"not_picked":["Enlightenment","Good Instincts","Swift Strike+1"],"picked":"Purity","floor":37},{"not_picked":["Self Repair","Storm+1","Recycle+1"],"picked":"Hologram+1","floor":38},{"not_picked":["Redo+1","Doom and Gloom+1","Steam Power"],"picked":"Scrape+1","floor":44},{"not_picked":["Scrape+1","Force Field","Stack+1"],"picked":"Rebound+1","floor":45},{"not_picked":["Coolheaded","Steam","Conserve Battery"],"picked":"Barrage+1","floor":46},{"not_picked":["Sunder+1","Leap+1","Skim"],"picked":"Conserve Battery","floor":47},{"not_picked":["Undo","Auto Shields","Defragment"],"picked":"Core Surge+1","floor":48},{"not_picked":["Aggregate","Storm","Blizzard+1"],"picked":"Coolheaded+1","floor":54}],"player_experience":220837,"relics_obtained":[{"floor":8.0,"key":"Dodecahedron"},{"floor":9.0,"key":"Molten Egg 2"},{"floor":11.0,"key":"Sundial"},{"floor":24,"key":"Question Card"},{"floor":27,"key":"Omamori"},{"floor":30,"key":"Kunai"},{"floor":43,"key":"Art of War"},{"floor":44,"key":"Pear"},{"floor":48,"key":"Torii"},{"floor":54,"key":"Blood Vial"}],"event_choices":[{"cards_removed":["Strike_B"],"damage_healed":0.0,"max_hp_gain":0.0,"max_hp_loss":0.0,"gold_gain":0.0,"event_name":"Living Wall","player_choice":"Forget","floor":5.0,"gold_loss":0.0,"damage_taken":0.0},{"damage_healed":0.0,"max_hp_gain":0.0,"max_hp_loss":0.0,"gold_gain":0.0,"event_name":"FaceTrader","player_choice":"Trade","floor":10.0,"gold_loss":0.0,"damage_taken":0.0,"relics_obtained":["FaceOfCleric"]},{"damage_healed":0.0,"max_hp_gain":5.0,"max_hp_loss":0.0,"gold_gain":0.0,"event_name":"Big Fish","player_choice":"Donut","floor":14.0,"gold_loss":0.0,"damage_taken":0.0},{"cards_removed":["Strike_B"],"damage_healed":0,"gold_gain":0,"player_choice":"Purged","damage_taken":0,"max_hp_gain":0,"max_hp_loss":0,"event_name":"Purifier","floor":20,"gold_loss":0},{"damage_healed":0,"gold_gain":0,"player_choice":"Embrace Madness","damage_taken":12,"max_hp_gain":0,"max_hp_loss":0,"event_name":"Winding Halls","floor":36,"gold_loss":0,"cards_obtained":["Madness","Madness"]},{"damage_healed":0,"gold_gain":0,"player_choice":"Memory 2","damage_taken":5,"max_hp_gain":0,"max_hp_loss":0,"event_name":"SensoryStone","floor":37,"gold_loss":0},{"damage_healed":0,"gold_gain":0,"player_choice":"Ignored","damage_taken":0,"max_hp_gain":0,"max_hp_loss":0,"event_name":"SecretPortal","floor":41,"gold_loss":0}],"is_beta":false,"boss_relics":[{"not_picked":["Orrery","Pandora\u0027s Box"],"picked":"Astrolabe"},{"not_picked":["Runic Pyramid","Coffee Dripper"],"picked":"Eternal Feather"}],"items_purged_floors":[],"is_endless":false,"potions_floor_spawned":[3,7,11,12,16,21,24,28,29,30,33,38,45,46,48],"killed_by":"The Heart","ascension_level":5}