{"gold_per_floor":[118,118,43,43,63,92,22,55,81,96,171,198,198,198],"floor_reached":14,"playtime":1109,"items_purged":["Strike_B"],"score":111,"play_id":"d6211610-c700-4129-be3a-5c4a8e078b68","local_time":"20190124154253","is_ascension_mode":true,"campfire_choices":[],"neow_cost":"PERCENT_DAMAGE","seed_source_timestamp":91392014170951,"circlet_count":0,"master_deck":["Strike_B","Strike_B","Strike_B","Defend_B","Defend_B","Defend_B","Defend_B","Zap+1","Dualcast","Coolheaded","Capacitor","Capacitor","Seek","Reprogram","Go for the Eyes","Injury"],"relics":["Cracked Core","Gambling Chip","Bronze Scales","Meat on the Bone","Ancient Tea Set","Bottled Flame","Golden Idol"],"potions_floor_usage":[6],"damage_taken":[{"damage":4,"enemies":"Jaw Worm","floor":1,"turns":4},{"damage":0,"enemies":"Cultist","floor":5,"turns":3},{"damage":22,"enemies":"Gremlin Nob","floor":6,"turns":5},{"damage":8,"enemies":"Lagavulin","floor":8,"turns":8},{"damage":0,"enemies":"2 Louse","floor":10,"turns":3},{"damage":26,"enemies":"3 Sentries","floor":12,"turns":8},{"damage":36,"enemies":"Gremlin Nob","floor":14,"turns":4}],"seed_played":"-5864313184103006774","potions_obtained":[{"floor":1,"key":"PowerPotion"}],"is_trial":false,"path_per_floor":["M","?","$","?","M","E","$","E","T","M","?","E","?","E"],"character_chosen":"DEFECT","items_purchased":["Capacitor"],"campfire_rested":0,"item_purchase_floors":[7],"current_hp_per_floor":[50,75,75,75,75,53,53,45,45,45,34,20,20,0],"gold":198,"neow_bonus":"ONE_RARE_RELIC","is_prod":false,"is_daily":false,"chose_seed":false,"campfire_upgraded":0,"win_rate":0,"timestamp":1548340973,"path_taken":["M","?","$","?","M","E","$","E","T","M","?","E","?","E"],"build_version":"2019-01-23","purchased_purges":1,"victory":false,"max_hp_per_floor":[75,75,75,75,75,75,75,75,75,75,75,75,75,75],"card_choices":[{"not_picked":["BootSequence","FTL"],"picked":"Heatsinks","floor":1},{"not_picked":["Double Energy","Conserve Battery"],"picked":"Coolheaded","floor":5},{"not_picked":["Meteor Strike","Conserve Battery"],"picked":"Capacitor","floor":6},{"not_picked":["Hello World","Self Repair"],"picked":"Seek","floor":8},{"not_picked":["Tempest","Leap"],"picked":"Reprogram","floor":10},{"not_picked":["Turbo","Tempest"],"picked":"Go for the Eyes","floor":12}],"player_experience":30373,"relics_obtained":[{"floor":6,"key":"Bronze Scales"},{"floor":8,"key":"Meat on the Bone"},{"floor":9,"key":"Ancient Tea Set"},{"floor":12,"key":"Bottled Flame"}],"event_choices":[{"cards_removed":["Heatsinks"],"damage_healed":25,"gold_gain":0,"player_choice":"Offered Uncommon","damage_taken":0,"max_hp_gain":0,"max_hp_loss":0,"event_name":"Bonfire Elementals","floor":2,"gold_loss":0},{"damage_healed":0,"gold_gain":0,"player_choice":"Grow","damage_taken":0,"max_hp_gain":0,"max_hp_loss":0,"event_name":"Living Wall","floor":4,"gold_loss":0,"cards_upgraded":["Zap"]},{"damage_healed":0,"gold_gain":75,"player_choice":"Gather Gold","damage_taken":11,"max_hp_gain":0,"max_hp_loss":0,"event_name":"World of Goop","floor":11,"gold_loss":0},{"damage_healed":0,"gold_gain":0,"player_choice":"Take Wound","damage_taken":0,"relics_obtained":["Golden Idol"],"max_hp_gain":0,"max_hp_loss":0,"event_name":"Golden Idol","floor":13,"gold_loss":0,"cards_obtained":["Injury"]}],"is_beta":false,"boss_relics":[],"items_purged_floors":[3],"is_endless":false,"potions_floor_spawned":[1],"killed_by":"Gremlin Nob","ascension_level":1}