{"gold_per_floor":[18,33,33,52,52,52,79,79,103,118,118,118,14,48,48,122,122,133,153,153,2,14,14,43,53,53,53,153,169,185,36,36,36],"floor_reached":33,"playtime":1290,"items_purged":["Strike_B","Strike_B"],"score":575,"play_id":"bd072d37-09e0-450f-aa05-916c8f41389c","local_time":"20190117184013","is_ascension_mode":true,"campfire_choices":[{"data":"Defragment","floor":6,"key":"SMITH"},{"data":"Fission","floor":8,"key":"SMITH"},{"data":"Darkness","floor":15,"key":"SMITH"},{"data":"Defragment","floor":23,"key":"SMITH"},{"floor":27,"key":"REST"},{"data":"Storm","floor":32,"key":"SMITH"}],"neow_cost":"NO_GOLD","seed_source_timestamp":693414359958696,"circlet_count":0,"master_deck":["AscendersBane","Strike_B","Strike_B","Defend_B","Defend_B","Defend_B","Defend_B","Zap+1","Dualcast","Electrodynamics","Streamline","Glacier","Defragment+1","Fission+1","Coolheaded","Conserve Battery","Darkness+1","All For One","Conserve Battery","Defragment+1","Storm+1","Static Discharge","Coolheaded","Steam","Conserve Battery","Conserve Battery","Self Repair"],"relics":["Cracked Core","Centennial Puzzle","Art of War","The Courier","Busted Crown","Omamori","Happy Flower","Pocketwatch","Bottled Flame"],"potions_floor_usage":[7,16,16,22,24,28,28,33],"damage_taken":[{"damage":5,"enemies":"Small Slimes","floor":1,"turns":2},{"damage":4,"enemies":"Jaw Worm","floor":2,"turns":3},{"damage":3,"enemies":"2 Louse","floor":4,"turns":3},{"damage":25,"enemies":"Gremlin Nob","floor":7,"turns":4},{"damage":3,"enemies":"Blue Slaver","floor":10,"turns":3},{"damage":1,"enemies":"Lagavulin","floor":14,"turns":6},{"damage":1,"enemies":"Hexaghost","floor":16,"turns":7},{"damage":3,"enemies":"3 Byrds","floor":18,"turns":3},{"damage":0,"enemies":"Chosen","floor":19,"turns":3},{"damage":2,"enemies":"3 Cultists","floor":22,"turns":2},{"damage":23,"enemies":"Slavers","floor":24,"turns":2},{"damage":11,"enemies":"Centurion and Healer","floor":25,"turns":3},{"damage":3,"enemies":"Colosseum Slavers","floor":28,"turns":3},{"damage":8,"enemies":"Colosseum Nobs","floor":28,"turns":4},{"damage":6,"enemies":"Snake Plant","floor":29,"turns":4},{"damage":0,"enemies":"Chosen and Byrds","floor":30,"turns":6},{"damage":33,"enemies":"Champ","floor":33,"turns":6}],"seed_played":"5961585001575393701","potions_obtained":[{"floor":1,"key":"SkillPotion"},{"floor":7,"key":"AttackPotion"},{"floor":10,"key":"GamblersBrew"},{"floor":16,"key":"Energy Potion"},{"floor":22,"key":"AttackPotion"},{"floor":24,"key":"Block Potion"},{"floor":25,"key":"Ancient Potion"},{"floor":29,"key":"FocusPotion"}],"is_trial":false,"path_per_floor":["M","M","?","M","?","R","E","R","T","M","?","?","$","E","R","B",null,"M","M","?","$","M","R","E","M","T","R","?","M","M","$","R","B"],"character_chosen":"DEFECT","items_purchased":["Conserve Battery","Storm","Static Discharge","Coolheaded","Self Repair"],"campfire_rested":1,"item_purchase_floors":[13,21,21,21,31],"current_hp_per_floor":[59,55,55,52,52,52,27,27,27,24,24,24,24,23,23,22,59,56,56,56,56,54,54,31,20,20,41,30,24,24,24,24,0],"gold":36,"neow_bonus":"THREE_RARE_CARDS","is_prod":false,"is_daily":false,"chose_seed":false,"campfire_upgraded":5,"win_rate":0,"timestamp":1547775613,"path_taken":["M","M","?","M","?","R","E","R","T","M","?","?","$","E","R","BOSS","M","M","?","$","M","R","E","M","T","R","?","M","M","$","R","BOSS"],"build_version":"2019-01-16","purchased_purges":2,"victory":false,"max_hp_per_floor":[71,71,71,71,71,71,71,71,71,71,71,71,71,71,71,71,71,71,71,71,71,71,71,71,71,71,71,71,71,71,71,71,71],"card_choices":[{"not_picked":["Creative AI","Core Surge"],"picked":"Electrodynamics","floor":0},{"not_picked":["Fusion","Steam"],"picked":"Streamline","floor":1},{"not_picked":["Redo","Cold Snap"],"picked":"Glacier","floor":2},{"not_picked":["Turbo","Stack"],"picked":"Defragment","floor":4},{"not_picked":["Rebound","Gash"],"picked":"Fission","floor":7},{"not_picked":["Streamline","Redo"],"picked":"Coolheaded","floor":10},{"not_picked":["Rebound","Recycle"],"picked":"Darkness","floor":14},{"not_picked":["Multi-Cast","Electrodynamics"],"picked":"All For One","floor":16},{"not_picked":[],"picked":"Conserve Battery","floor":18},{"not_picked":[],"picked":"Defragment","floor":19},{"not_picked":["Rebound"],"picked":"SKIP","floor":22},{"not_picked":[],"picked":"Steam","floor":24},{"not_picked":["Gash"],"picked":"SKIP","floor":25},{"not_picked":[],"picked":"Conserve Battery","floor":28},{"not_picked":[],"picked":"Conserve Battery","floor":29},{"not_picked":["Doom and Gloom"],"picked":"SKIP","floor":30}],"player_experience":1214782,"relics_obtained":[{"floor":7,"key":"Centennial Puzzle"},{"floor":9,"key":"Art of War"},{"floor":14,"key":"The Courier"},{"floor":24,"key":"Omamori"},{"floor":26,"key":"Happy Flower"},{"floor":28,"key":"Pocketwatch"},{"floor":28,"key":"Bottled Flame"}],"event_choices":[{"damage_healed":0,"gold_gain":0,"player_choice":"Leave","damage_taken":0,"max_hp_gain":0,"max_hp_loss":0,"event_name":"The Cleric","floor":3,"gold_loss":0},{"damage_healed":0,"gold_gain":0,"player_choice":"Ignored","damage_taken":0,"max_hp_gain":0,"max_hp_loss":0,"event_name":"Liars Game","floor":5,"gold_loss":0},{"damage_healed":0,"gold_gain":0,"player_choice":"Grow","damage_taken":0,"max_hp_gain":0,"max_hp_loss":0,"event_name":"Living Wall","floor":11,"gold_loss":0,"cards_upgraded":["Zap"]},{"damage_healed":0,"gold_gain":0,"player_choice":"Ignored","damage_taken":0,"max_hp_gain":0,"max_hp_loss":0,"event_name":"Shining Light","floor":12,"gold_loss":0},{"damage_healed":0,"gold_gain":0,"player_choice":"Ignored","damage_taken":0,"max_hp_gain":0,"max_hp_loss":0,"event_name":"Beggar","floor":20,"gold_loss":0},{"damage_healed":0,"gold_gain":0,"player_choice":"Fight","damage_taken":0,"max_hp_gain":0,"max_hp_loss":0,"event_name":"Colosseum","floor":28,"gold_loss":0},{"damage_healed":0,"gold_gain":0,"player_choice":"Fought Nobs","damage_taken":0,"max_hp_gain":0,"max_hp_loss":0,"event_name":"Colosseum","floor":28,"gold_loss":0}],"is_beta":true,"boss_relics":[{"not_picked":["Tiny House","Fusion Hammer"],"picked":"Busted Crown"}],"items_purged_floors":[13,31],"is_endless":false,"potions_floor_spawned":[1,7,10,16,22,24,25,29],"killed_by":"Champ","ascension_level":20}