{"gold_per_floor":[110,129,129,129,129,129,163,163,187,200,213,213,45,58,58,132,132,150,65,65,65,85,85,104,104,104,118,138,138,51,69,69,141,141,151,151,151,171,15,15,25,59,85,85,85,104,104],"floor_reached":47,"playtime":2249,"items_purged":["Strike_G","Strike_G+1"],"score":934,"play_id":"7e96a447-a90a-4429-8673-d15fc2e0c99b","local_time":"20180830130435","is_ascension_mode":true,"campfire_choices":[{"data":"Sucker Punch","floor":6,"key":"SMITH"},{"data":"Survivor","floor":8,"key":"SMITH"},{"data":"Catalyst","floor":12,"key":"SMITH"},{"data":"Noxious Fumes","floor":15,"key":"SMITH"},{"data":"Blur","floor":23,"key":"SMITH"},{"floor":25,"key":"REST"},{"floor":32,"key":"REST"},{"floor":40,"key":"REST"},{"data":"Poisoned Stab","floor":45,"key":"SMITH"}],"neow_cost":"NONE","seed_source_timestamp":1343972974978749,"circlet_count":0,"master_deck":["Defend_G+1","Defend_G+1","Defend_G+1","Defend_G+1","Strike_G+1","Survivor+1","Neutralize+1","AscendersBane","Flying Knee","Sucker Punch+1","Catalyst+1","Backstab","Noxious Fumes+1","Poisoned Stab+1","Adrenaline","Escape Plan","Blur+1","Deflect+1","Caltrops+1","After Image","Heel Hook+1","Backflip"],"relics":["Ring of the Snake","Centennial Puzzle","Boot","Black Star","War Paint","Bottled Tornado","Busted Crown","Oddly Smooth Stone","Strawberry","Blood Vial"],"potions_floor_usage":[1,7,14,16,27,31,33,35,41,42],"damage_taken":[{"damage":0,"enemies":"Jaw Worm","floor":1,"turns":3},{"damage":1,"enemies":"Cultist","floor":2,"turns":5},{"damage":24,"enemies":"Lagavulin","floor":7,"turns":9},{"damage":0,"enemies":"Small Slimes","floor":10,"turns":4},{"damage":0,"enemies":"2 Fungi Beasts","floor":11,"turns":5},{"damage":13,"enemies":"Exordium Thugs","floor":14,"turns":6},{"damage":0,"enemies":"The Guardian","floor":16,"turns":9},{"damage":7,"enemies":"3 Byrds","floor":18,"turns":4},{"damage":4,"enemies":"Spheric Guardian","floor":22,"turns":4},{"damage":12,"enemies":"Snake Plant","floor":24,"turns":7},{"damage":12,"enemies":"Cultist and Chosen","floor":27,"turns":7},{"damage":3,"enemies":"Sentry and Sphere","floor":28,"turns":5},{"damage":5,"enemies":"Snecko","floor":31,"turns":5},{"damage":23,"enemies":"Automaton","floor":33,"turns":11},{"damage":18,"enemies":"Orb Walker","floor":35,"turns":5},{"damage":14,"enemies":"3 Shapes","floor":38,"turns":7},{"damage":0,"enemies":"3 Darklings","floor":41,"turns":5},{"damage":7,"enemies":"Nemesis","floor":42,"turns":9},{"damage":6,"enemies":"Maw","floor":46,"turns":7},{"damage":53,"enemies":"2 Orb Walkers","floor":47,"turns":4}],"seed_played":"-1483529371150161981","potions_obtained":[{"floor":0,"key":"Block Potion"},{"floor":0,"key":"SteroidPotion"},{"floor":1,"key":"Explosive Potion"},{"floor":10,"key":"LiquidBronze"},{"floor":18,"key":"SneckoOil"},{"floor":31,"key":"Strength Potion"},{"floor":33,"key":"SpeedPotion"},{"floor":35,"key":"Fruit Juice"},{"floor":38,"key":"Strength Potion"}],"is_trial":false,"path_per_floor":["M","M","?","?","?","R","E","R","T","M","M","R","$","M","R","B",null,"M","?","?","?","M","R","M","R","T","M","M","?","$","M","R","B",null,"M","?","?","M","$","R","M","E","T","?","R","M"],"character_chosen":"THE_SILENT","items_purchased":["Noxious Fumes","Regen Potion","PowerPotion"],"campfire_rested":3,"item_purchase_floors":[13,30,39],"current_hp_per_floor":[59,58,58,58,58,58,34,34,34,34,34,34,34,21,21,21,55,48,48,30,30,26,26,14,35,35,23,20,20,20,29,50,27,60,47,47,47,33,33,55,55,55,55,55,55,51,0],"gold":104,"neow_bonus":"THREE_SMALL_POTIONS","is_prod":false,"is_daily":false,"chose_seed":false,"campfire_upgraded":6,"win_rate":0,"timestamp":1535655875,"path_taken":["M","M","?","?","?","R","E","R","T","M","M","R","$","M","R","BOSS","M","?","?","?","?","R","M","R","T","M","M","?","$","M","R","BOSS","M","?","?","M","$","R","?","E","T","?","R","M","E"],"build_version":"2018-08-29","purchased_purges":2,"victory":false,"max_hp_per_floor":[66,66,66,66,66,66,66,66,66,66,66,66,66,66,66,66,66,66,66,71,71,71,71,71,71,71,71,71,71,71,71,71,71,71,76,76,76,76,76,76,76,83,83,83,83,83,83],"card_choices":[{"not_picked":["Backflip","Dodge and Roll"],"picked":"Flying Knee","floor":1},{"not_picked":["Flying Knee","Reflex"],"picked":"Sucker Punch","floor":2},{"not_picked":["Storm of Steel","Blade Dance","Outmaneuver"],"picked":"SKIP","floor":7},{"not_picked":["Slice","Backflip"],"picked":"Catalyst","floor":10},{"not_picked":["Quick Slash","Choke"],"picked":"Backstab","floor":11},{"not_picked":["Deflect","Dodge and Roll"],"picked":"Poisoned Stab","floor":14},{"not_picked":["Tools of the Trade","Envenom"],"picked":"Adrenaline","floor":16},{"not_picked":["Slice","Flechettes"],"picked":"Escape Plan","floor":18},{"not_picked":["Cloak And Dagger","Dagger Spray+1"],"picked":"Blur","floor":22},{"not_picked":["Slice","Accuracy","Dodge and Roll"],"picked":"SKIP","floor":24},{"not_picked":["Prepared","Underhanded Strike","Quick Slash"],"picked":"SKIP","floor":27},{"not_picked":["Doppelganger","Sucker Punch"],"picked":"Deflect+1","floor":28},{"not_picked":["Dagger Throw","Leg Sweep"],"picked":"Caltrops+1","floor":31},{"not_picked":["A Thousand Cuts","Malaise"],"picked":"After Image","floor":33},{"not_picked":[],"picked":"Heel Hook+1","floor":35},{"not_picked":["Masterful Stab"],"picked":"SKIP","floor":38},{"not_picked":["Sucker Punch"],"picked":"SKIP","floor":41},{"not_picked":["Deadly Poison"],"picked":"SKIP","floor":42},{"not_picked":[],"picked":"Backflip","floor":46}],"player_experience":1002843,"relics_obtained":[{"floor":7,"key":"Centennial Puzzle"},{"floor":9,"key":"Boot"},{"floor":26,"key":"Bottled Tornado"},{"floor":42,"key":"Oddly Smooth Stone"},{"floor":42,"key":"Strawberry"},{"floor":43,"key":"Blood Vial"}],"event_choices":[{"event_name":"Accursed Blacksmith","player_choice":"Forge","floor":3,"damage_taken":0},{"event_name":"Living Wall","player_choice":"Forget","floor":4,"damage_taken":0},{"event_name":"Purifier","player_choice":"One Purge","floor":5,"damage_taken":0},{"event_name":"Addict","player_choice":"Obtained Relic","floor":19,"damage_taken":0},{"event_name":"Forgotten Altar","player_choice":"Shed Blood","floor":20,"damage_taken":0},{"event_name":"Back to Basics","player_choice":"Simplicity","floor":21,"damage_taken":0},{"event_name":"The Mausoleum","player_choice":"No","floor":29,"damage_taken":0},{"event_name":"Tomb of Lord Red Mask","player_choice":"Ignored","floor":36,"damage_taken":0},{"event_name":"SensoryStone","player_choice":"Memory 1","floor":37,"damage_taken":0},{"event_name":"Falling","player_choice":"Removed Skill","floor":44,"damage_taken":0}],"is_beta":true,"boss_relics":[{"not_picked":["Philosopher\u0027s Stone","Pandora\u0027s Box"],"picked":"Black Star"},{"not_picked":["Runic Dome","Calling Bell"],"picked":"Busted Crown"}],"items_purged_floors":[13,39],"is_endless":false,"potions_floor_spawned":[1,10,18,31,33,35,38],"killed_by":"2 Orb Walkers","ascension_level":17}