{"gold_per_floor":[111,91,104,115,129,129,155,155,155,190,190,204,204,217,217,217],"floor_reached":16,"playtime":717,"items_purged":[],"score":118,"play_id":"6a32807d-ccca-4f89-83d6-d999bda66ec5","local_time":"20181104121830","is_ascension_mode":true,"campfire_choices":[{"data":"Noxious Fumes","floor":6,"key":"SMITH"},{"data":"Neutralize","floor":8,"key":"SMITH"},{"floor":15,"key":"RECALL"}],"neow_cost":"PERCENT_DAMAGE","seed_source_timestamp":696604646760825,"circlet_count":0,"master_deck":["Defend_G","Defend_G","Defend_G","Defend_G","Defend_G","Strike_G","Strike_G","Strike_G","Strike_G","Strike_G","Survivor","Neutralize+1","Forethought","Secret Weapon","Backflip","Slice","Noxious Fumes+1","Crippling Poison","Heel Hook","Catalyst+1","PiercingWail","Night Terror"],"relics":["Ring of the Snake","Dream Catcher","The Courier","Bottled Flame"],"potions_floor_usage":[7,10,10],"damage_taken":[{"damage":0,"enemies":"Jaw Worm","floor":1,"turns":4},{"damage":0,"enemies":"Cultist","floor":3,"turns":4},{"damage":0,"enemies":"2 Louse","floor":4,"turns":3},{"damage":11,"enemies":"Lots of Slimes","floor":5,"turns":5},{"damage":10,"enemies":"Gremlin Nob","floor":7,"turns":5},{"damage":10,"enemies":"Lagavulin","floor":10,"turns":7},{"damage":2,"enemies":"Exordium Wildlife","floor":12,"turns":4},{"damage":0,"enemies":"3 Louse","floor":14,"turns":4},{"damage":0,"enemies":"Slime Boss","floor":16,"turns":3}],"seed_played":"-3967810537349136681","potions_obtained":[{"floor":1,"key":"SpeedPotion"},{"floor":2,"key":"EssenceOfSteel"},{"floor":4,"key":"LiquidBronze"},{"floor":10,"key":"Weak Potion"},{"floor":14,"key":"EssenceOfSteel"}],"is_trial":false,"path_per_floor":["M","?","M","M","M","R","E","R","T","E","?","M","T","M","R","B"],"character_chosen":"THE_SILENT","items_purchased":[],"campfire_rested":0,"item_purchase_floors":[],"current_hp_per_floor":[49,49,49,49,38,38,28,28,28,18,18,16,16,16,16,16],"gold":217,"neow_bonus":"RANDOM_COLORLESS_2","is_prod":false,"is_daily":false,"chose_seed":false,"campfire_upgraded":2,"win_rate":0,"timestamp":1541359110,"path_taken":["M","?","?","M","?","R","E","R","T","E","?","?","?","M","R","BOSS"],"build_version":"2018-11-02","purchased_purges":0,"victory":false,"max_hp_per_floor":[70,70,70,70,70,70,70,70,70,70,70,70,70,70,70,70],"card_choices":[{"not_picked":["PiercingWail","Bane"],"picked":"Backflip","floor":1},{"not_picked":["Flying Knee","Poisoned Stab"],"picked":"Slice","floor":3},{"not_picked":["Eviscerate","Crippling Poison"],"picked":"Noxious Fumes","floor":4},{"not_picked":["Slice","Bane"],"picked":"Crippling Poison","floor":5},{"not_picked":["Storm of Steel","Terror"],"picked":"Heel Hook","floor":7},{"not_picked":["Prepared","Bullet Time"],"picked":"Catalyst","floor":10},{"not_picked":["Poisoned Stab","Slice"],"picked":"PiercingWail","floor":12},{"not_picked":["Deflect","Sucker Punch"],"picked":"Night Terror","floor":14}],"player_experience":1094349,"relics_obtained":[{"floor":7,"key":"Dream Catcher"},{"floor":9,"key":"The Courier"},{"floor":10,"key":"Bottled Flame"}],"event_choices":[{"damage_healed":0,"gold_gain":0,"player_choice":"Bought 1 Potion","damage_taken":0,"max_hp_gain":0,"max_hp_loss":0,"event_name":"The Woman in Blue","floor":2,"gold_loss":0},{"damage_healed":0,"gold_gain":0,"player_choice":"Forge","damage_taken":0,"max_hp_gain":0,"max_hp_loss":0,"event_name":"Accursed Blacksmith","floor":11,"gold_loss":0,"cards_upgraded":["Catalyst"]}],"is_beta":true,"boss_relics":[],"items_purged_floors":[],"is_endless":false,"potions_floor_spawned":[1,4,10,14],"killed_by":"Slime Boss","ascension_level":1}