{"gold_per_floor":[109,124,134,147,161,161,195,212,239,239,253,282,232,243,243,343,343,359,375,450,132,231,231,244,255,278,278,307,317,8,21,21,125,125,144,144,144,65,79,79,110,123,123,123,143,160,0,25,25,25],"floor_reached":51,"playtime":2459,"items_purged":["Strike_R"],"score":865,"play_id":"bd043248-0326-4bd6-8bd2-a641f0eb5c00","local_time":"20181028155503","is_ascension_mode":true,"campfire_choices":[{"data":"Armaments","floor":6.0,"key":"SMITH"},{"floor":15.0,"key":"REST"},{"data":"Whirlwind","floor":23,"key":"SMITH"},{"data":"Pommel Strike","floor":32,"key":"SMITH"},{"data":"Body Slam","floor":40,"key":"SMITH"},{"data":"Inflame","floor":44,"key":"SMITH"},{"floor":49,"key":"REST"}],"neow_cost":"NONE","seed_source_timestamp":24687574076418,"circlet_count":0,"master_deck":["Strike_R","Defend_R","Defend_R","Defend_R","Defend_R","Bash","Evolve","Clash","Armaments+1","Clothesline","Double Tap","Flex","Warcry","Flex","Metallicize","Offering","Inflame+1","Twin Strike+1","Whirlwind+1","Shrug It Off","Cleave","Battle Trance","Warcry","Pommel Strike+1","Spot Weakness+1","Reaper","Cleave+1","Flash of Steel","Madness","Madness","Ghostly Armor","Body Slam+1","Clothesline+1","Injury","Armaments+1","Fiend Fire"],"special_seed":0,"relics":["Burning Blood","NeowsBlessing","Strawberry","Anchor","Bottled Flame","Cursed Key","Ancient Tea Set","Red Skull","Vajra","Dead Branch","Empty Cage","Bag of Marbles","Mummified Hand","Red Mask","Regal Pillow"],"potions_floor_usage":[24,29,35,50,50,50],"damage_taken":[{"damage":0.0,"enemies":"Small Slimes","floor":1.0,"turns":1.0},{"damage":0.0,"enemies":"Jaw Worm","floor":2.0,"turns":1.0},{"damage":0.0,"enemies":"Cultist","floor":3.0,"turns":1.0},{"damage":17.0,"enemies":"Large Slime","floor":4.0,"turns":7.0},{"damage":8.0,"enemies":"Blue Slaver","floor":5.0,"turns":4.0},{"damage":19.0,"enemies":"Gremlin Nob","floor":7.0,"turns":4.0},{"damage":9.0,"enemies":"Looter","floor":8.0,"turns":4.0},{"damage":13.0,"enemies":"Red Slaver","floor":11.0,"turns":4.0},{"damage":31.0,"enemies":"Lagavulin","floor":12.0,"turns":6.0},{"damage":10.0,"enemies":"2 Fungi Beasts","floor":14.0,"turns":3.0},{"damage":53.0,"enemies":"Hexaghost","floor":16.0,"turns":13.0},{"damage":14.0,"enemies":"2 Thieves","floor":18.0,"turns":4.0},{"damage":28.0,"enemies":"3 Byrds","floor":19.0,"turns":6.0},{"damage":17,"enemies":"Snecko","floor":24,"turns":6},{"damage":6,"enemies":"Centurion and Healer","floor":25,"turns":6},{"damage":6,"enemies":"Book of Stabbing","floor":28,"turns":2},{"damage":4,"enemies":"Snake Plant","floor":29,"turns":3},{"damage":0,"enemies":"Cultist and Chosen","floor":31,"turns":3},{"damage":38,"enemies":"Collector","floor":33,"turns":6},{"damage":9,"enemies":"Orb Walker","floor":35,"turns":4},{"damage":13,"enemies":"3 Shapes","floor":39,"turns":4},{"damage":11,"enemies":"Nemesis","floor":41,"turns":7},{"damage":25,"enemies":"Sphere and 2 Shapes","floor":42,"turns":4},{"damage":6,"enemies":"Jaw Worm Horde","floor":45,"turns":1},{"damage":6,"enemies":"3 Darklings","floor":46,"turns":2},{"damage":68,"enemies":"Giant Head","floor":48,"turns":8},{"damage":45,"enemies":"Donu and Deca","floor":50,"turns":7}],"seed_played":"-2523380670746678558","potions_obtained":[{"floor":1.0,"key":"FearPotion"},{"floor":3.0,"key":"SpeedPotion"},{"floor":4.0,"key":"Dexterity Potion"},{"floor":8.0,"key":"Regen Potion"},{"floor":18.0,"key":"Weak Potion"},{"floor":28,"key":"Block Potion"},{"floor":33,"key":"Energy Potion"},{"floor":35,"key":"Ancient Potion"},{"floor":39,"key":"FearPotion"},{"floor":46,"key":"LiquidBronze"}],"is_trial":false,"path_per_floor":["M","M","M","M","M","R","E","M","T","?","M","E","?","M","R","B",null,"M","M","?","$","?","R","M","M","T","?","E","M","$","M","R","B",null,"M","?","?","$","M","R","E","M","T","R","M","M","?","E","R","B"],"character_chosen":"IRONCLAD","items_purchased":["Whirlwind","Shrug It Off","Ancient Tea Set","Dead Branch","Ghostly Armor"],"campfire_rested":2,"item_purchase_floors":[21,21,21,30,38],"current_hp_per_floor":[80,80,80,69,67,67,61,58,58,63,56,31,31,27,54,16,92,84,62,53,53,53,53,42,42,42,42,42,44,44,50,50,18,89,86,86,75,75,73,73,68,49,49,49,89,89,89,27,68,50],"gold":25,"neow_bonus":"THREE_ENEMY_KILL","is_prod":false,"is_daily":false,"chose_seed":false,"campfire_upgraded":5,"win_rate":0,"timestamp":1540749303,"path_taken":["M","M","M","M","M","R","E","M","T","?","?","E","?","M","R","BOSS","M","M","?","$","?","R","M","?","T","?","E","M","$","M","R","BOSS","M","?","?","?","M","R","E","M","T","R","M","M","?","E","R","BOSS"],"build_version":"2018-10-25v2","purchased_purges":1,"victory":true,"max_hp_per_floor":[80,80,80,80,80,80,87,87,87,92,92,92,92,92,92,92,92,92,92,92,92,92,92,92,92,92,89,89,89,89,89,89,89,89,89,89,89,89,89,89,89,89,89,89,89,89,89,89,89,89],"card_choices":[{"not_picked":["Sword Boomerang","Entrench"],"picked":"Evolve","floor":1.0},{"not_picked":["Heavy Blade","Power Through"],"picked":"Clash","floor":2.0},{"not_picked":["Battle Trance","Shockwave"],"picked":"Armaments","floor":3.0},{"not_picked":["Armaments","Infernal Blade"],"picked":"Clothesline","floor":4.0},{"not_picked":["Wild Strike","Bloodletting"],"picked":"Double Tap","floor":5.0},{"not_picked":["Burning Pact","Heavy Blade","Infernal Blade"],"picked":"SKIP","floor":7.0},{"not_picked":["Heavy Blade","Power Through"],"picked":"Flex","floor":8.0},{"not_picked":["Twin Strike","Armaments"],"picked":"Warcry","floor":11.0},{"not_picked":["Intimidate","Disarm"],"picked":"Flex","floor":12.0},{"not_picked":["Warcry","Anger"],"picked":"Metallicize","floor":14.0},{"not_picked":["Double Tap","Dark Embrace"],"picked":"Offering","floor":16.0},{"not_picked":["Rampage","Entrench"],"picked":"Inflame","floor":18.0},{"not_picked":["Anger","Wild Strike"],"picked":"Twin Strike+1","floor":19.0},{"not_picked":["Clash","Twin Strike"],"picked":"Cleave","floor":24},{"not_picked":["Second Wind+1","Pummel"],"picked":"Battle Trance","floor":25},{"not_picked":["Heavy Blade","Intimidate"],"picked":"Warcry","floor":28},{"not_picked":["Rupture+1","Rage"],"picked":"Pommel Strike","floor":29},{"not_picked":["Perfected Strike","Blood for Blood"],"picked":"Spot Weakness+1","floor":31},{"not_picked":["Barricade","Feed"],"picked":"Reaper","floor":33},{"not_picked":["Clash+1","Headbutt"],"picked":"Cleave+1","floor":35},{"not_picked":["Deep Breath","Panacea"],"picked":"Flash of Steel","floor":36},{"not_picked":["Infernal Blade+1","Cleave"],"picked":"Body Slam","floor":39},{"not_picked":["Inflame","Perfected Strike+1"],"picked":"Clothesline+1","floor":41},{"not_picked":["Iron Wave","Searing Blow","Wild Strike+1"],"picked":"SKIP","floor":42},{"not_picked":["Havoc+1","Heavy Blade+1"],"picked":"Armaments+1","floor":45},{"not_picked":["Dropkick","Havoc","Perfected Strike+1"],"picked":"SKIP","floor":46},{"not_picked":["Infernal Blade","Body Slam"],"picked":"Fiend Fire","floor":48}],"player_experience":114914,"relics_obtained":[{"floor":7.0,"key":"Strawberry"},{"floor":9.0,"key":"Anchor"},{"floor":12.0,"key":"Bottled Flame"},{"floor":26,"key":"Red Skull"},{"floor":28,"key":"Vajra"},{"floor":41,"key":"Bag of Marbles"},{"floor":43,"key":"Mummified Hand"},{"floor":48,"key":"Regal Pillow"}],"event_choices":[{"damage_healed":0.0,"max_hp_gain":5.0,"max_hp_loss":0.0,"gold_gain":0.0,"event_name":"Big Fish","player_choice":"Donut","floor":10.0,"gold_loss":0.0,"damage_taken":0.0},{"cards_removed":["Strike_R"],"damage_healed":0.0,"max_hp_gain":0.0,"max_hp_loss":0.0,"gold_gain":0.0,"event_name":"The Cleric","player_choice":"Card Removal","floor":13.0,"gold_loss":50.0,"damage_taken":0.0},{"damage_healed":0,"gold_gain":75,"player_choice":"Touch","damage_taken":9,"max_hp_gain":0,"max_hp_loss":0,"event_name":"FaceTrader","floor":20,"gold_loss":0},{"damage_healed":0,"gold_gain":99,"player_choice":"Stole From Cult","damage_taken":0,"max_hp_gain":0,"max_hp_loss":0,"event_name":"Nest","floor":22,"gold_loss":0},{"cards_removed":["Parasite"],"damage_healed":0,"gold_gain":0,"player_choice":"Elegance","damage_taken":0,"max_hp_gain":0,"max_hp_loss":0,"event_name":"Back to Basics","floor":27,"gold_loss":0},{"damage_healed":0,"gold_gain":0,"player_choice":"Memory 1","damage_taken":0,"max_hp_gain":0,"max_hp_loss":0,"event_name":"SensoryStone","floor":36,"gold_loss":0},{"damage_healed":0,"gold_gain":0,"player_choice":"Embrace Madness","damage_taken":11,"max_hp_gain":0,"max_hp_loss":0,"event_name":"Winding Halls","floor":37,"gold_loss":0,"cards_obtained":["Madness","Madness"]},{"damage_healed":0,"gold_gain":0,"player_choice":"Paid","damage_taken":0,"relics_obtained":["Red Mask"],"max_hp_gain":0,"max_hp_loss":0,"event_name":"Tomb of Lord Red Mask","floor":47,"gold_loss":160}],"is_beta":false,"boss_relics":[{"not_picked":["Runic Pyramid","Black Star"],"picked":"Cursed Key"},{"not_picked":["Calling Bell","Velvet Choker"],"picked":"Empty Cage"}],"items_purged_floors":[21],"is_endless":false,"potions_floor_spawned":[1,3,4,8,14,18,28,33,35,39,46],"ascension_level":2}