{"gold_per_floor":[115,37,37,56,77,77,117,117,140,174,204,237,276,57,57,181,181,205,27,45,64,64,64,98,98,98,142,142,71,71,20,20,140,140,154,154,177,198,122,162,162,162,162,175,195,220,234,270,270,270,270,270,42,82,82],"floor_reached":56,"playtime":2897,"items_purged":["Strike_B","Strike_B","Strike_B"],"score":1471,"play_id":"3ff342cc-79ff-44a2-96f4-bf7b2eab9475","local_time":"20181103040704","is_ascension_mode":true,"campfire_choices":[{"floor":6,"key":"RECALL"},{"data":"Zap","floor":8,"key":"SMITH"},{"data":"Capacitor","floor":15,"key":"SMITH"},{"data":"Fission","floor":23,"key":"SMITH"},{"data":"Capacitor","floor":25,"key":"SMITH"},{"data":"Barrage","floor":28,"key":"SMITH"},{"data":"Glacier","floor":30,"key":"SMITH"},{"data":"Leap","floor":32,"key":"SMITH"},{"floor":41,"key":"REST"},{"floor":49,"key":"REST"},{"floor":52,"key":"REST"}],"neow_cost":"NONE","seed_source_timestamp":574409057282754,"circlet_count":0,"master_deck":["Defend_B","Defend_B","Defend_B","Defend_B","Zap+1","Dualcast","Glacier","FTL","Glacier+1","Capacitor+1","Core Surge","Barrage+1","Cold Snap","Leap+1","Gash+1","Fission+1","Chill","Capacitor+1","Ball Lightning+1","Hologram+1","Electrodynamics","Go for the Eyes+1","All For One+1","FTL+1","Blizzard+1","Ball Lightning+1","Seek","Blizzard+1","Gash+1"],"relics":["FrozenCore","Anchor","Golden Idol","Boot","DataDisk","Odd Mushroom","Molten Egg 2","Singing Bowl","Lantern","Mango","Gremlin Horn","Oddly Smooth Stone","Fusion Hammer","Pear","Frozen Egg 2","Meat on the Bone","Calipers"],"potions_floor_usage":[16,20,27,40,47,50,54,55,55,55],"damage_taken":[{"damage":0,"enemies":"2 Louse","floor":1,"turns":2},{"damage":0,"enemies":"Jaw Worm","floor":4,"turns":3},{"damage":0,"enemies":"Cultist","floor":5,"turns":3},{"damage":7,"enemies":"3 Sentries","floor":7,"turns":11},{"damage":14,"enemies":"Lagavulin","floor":10,"turns":9},{"damage":0,"enemies":"The Mushroom Lair","floor":11,"turns":5},{"damage":0,"enemies":"3 Sentries","floor":12,"turns":8},{"damage":7,"enemies":"Gremlin Nob","floor":13,"turns":4},{"damage":0,"enemies":"Slime Boss","floor":16,"turns":5},{"damage":19,"enemies":"2 Thieves","floor":18,"turns":5},{"damage":0,"enemies":"3 Byrds","floor":20,"turns":7},{"damage":0,"enemies":"Shelled Parasite and Fungi","floor":21,"turns":8},{"damage":22,"enemies":"Slavers","floor":24,"turns":8},{"damage":14,"enemies":"Gremlin Leader","floor":27,"turns":5},{"damage":0,"enemies":"Champ","floor":33,"turns":13},{"damage":0,"enemies":"Orb Walker","floor":35,"turns":4},{"damage":0,"enemies":"3 Darklings","floor":37,"turns":4},{"damage":8,"enemies":"Spire Growth","floor":38,"turns":4},{"damage":19,"enemies":"Reptomancer","floor":40,"turns":6},{"damage":0,"enemies":"Transient","floor":44,"turns":5},{"damage":0,"enemies":"3 Darklings","floor":45,"turns":5},{"damage":0,"enemies":"4 Shapes","floor":46,"turns":3},{"damage":0,"enemies":"Sphere and 2 Shapes","floor":47,"turns":5},{"damage":45,"enemies":"Nemesis","floor":48,"turns":7},{"damage":5,"enemies":"Time Eater","floor":50,"turns":13},{"damage":81,"enemies":"Shield and Spear","floor":54,"turns":9},{"damage":21,"enemies":"The Heart","floor":55,"turns":12}],"seed_played":"7746909165691120290","potions_obtained":[{"floor":7,"key":"EssenceOfSteel"},{"floor":13,"key":"PowerPotion"},{"floor":16,"key":"GamblersBrew"},{"floor":20,"key":"EssenceOfSteel"},{"floor":24,"key":"LiquidBronze"},{"floor":33,"key":"FocusPotion"},{"floor":44,"key":"FocusPotion"},{"floor":47,"key":"Strength Potion"},{"floor":54,"key":"Poison Potion"}],"is_trial":false,"path_per_floor":["M","$","?","M","M","R","E","R","T","E","?","E","?","$","R","B",null,"M","$","M","M","?","R","E","R","T","E","R","$","R","$","R","B",null,"M","?","M","M","$","E","R","?","T","M","M","M","M","E","R","B",null,"R","$","E","B",null],"character_chosen":"DEFECT","items_purchased":["FTL","Lantern","Capacitor","Electrodynamics","Go for the Eyes+1","FTL+1","Gash+1","SkillPotion"],"campfire_rested":3,"item_purchase_floors":[2,14,19,29,31,39,53,53],"current_hp_per_floor":[75,75,57,57,57,57,50,50,50,36,36,36,29,29,29,29,75,56,56,56,56,56,56,50,50,50,38,38,38,38,38,38,38,93,95,95,97,91,91,84,111,111,111,111,113,115,115,70,104,99,115,115,115,48,39],"gold":82,"neow_bonus":"RANDOM_COMMON_RELIC","is_prod":false,"is_daily":false,"chose_seed":false,"campfire_upgraded":7,"win_rate":0,"timestamp":1541239624,"path_taken":["M","$","?","M","M","R","E","R","T","E","?","E","?","?","R","BOSS","M","$","M","M","?","R","E","R","T","E","R","$","R","$","R","BOSS","M","?","?","M","$","E","R","?","T","M","M","M","?","E","R","BOSS","R","$","E","BOSS"],"build_version":"2018-11-01v2","purchased_purges":3,"victory":true,"max_hp_per_floor":[75,75,75,75,75,75,75,75,75,75,75,75,75,75,75,75,75,75,75,75,75,75,75,91,91,91,93,93,93,93,93,93,93,93,95,95,97,99,99,111,111,111,111,111,113,115,115,115,115,115,115,115,115,117,117],"card_choices":[{"not_picked":["Ball Lightning","Capacitor"],"picked":"Glacier","floor":1},{"not_picked":["Redo","Streamline"],"picked":"Glacier","floor":4},{"not_picked":["Compile Driver","Conserve Battery"],"picked":"Capacitor","floor":5},{"not_picked":["Redo","Leap"],"picked":"Core Surge","floor":7},{"not_picked":["Streamline","Coolheaded"],"picked":"Barrage","floor":10},{"not_picked":["Force Field","Conserve Battery"],"picked":"Cold Snap","floor":11},{"not_picked":["Steam","Redo"],"picked":"Leap","floor":12},{"not_picked":["Leap","Sweeping Beam+1"],"picked":"Gash+1","floor":13},{"not_picked":["Reboot","Buffer"],"picked":"Fission","floor":16},{"not_picked":["Steam","Beam Cell+1"],"picked":"Chill","floor":18},{"not_picked":["Hologram","Reinforced Body+1"],"picked":"Ball Lightning+1","floor":20},{"not_picked":["Recycle","Self Repair"],"picked":"Hologram+1","floor":21},{"not_picked":["Melter+1","Reinforced Body","Streamline+1"],"picked":"Singing Bowl","floor":24},{"not_picked":["Compile Driver+1","Rip and Tear+1","Force Field"],"picked":"Singing Bowl","floor":27},{"not_picked":["Thunder Strike+1","Amplify"],"picked":"All For One+1","floor":33},{"not_picked":["Steam","Cold Snap+1","Auto Shields"],"picked":"Singing Bowl","floor":35},{"not_picked":["Turbo+1","Coolheaded+1","Fusion+1"],"picked":"Singing Bowl","floor":37},{"not_picked":["Coolheaded","Compile Driver+1","Darkness+1"],"picked":"Singing Bowl","floor":38},{"not_picked":["Amplify","Go for the Eyes+1","Sweeping Beam+1"],"picked":"Singing Bowl","floor":40},{"not_picked":["Hello World+1","Stack"],"picked":"Ball Lightning+1","floor":44},{"not_picked":["Auto Shields+1","Doom and Gloom+1","Skim+1"],"picked":"Singing Bowl","floor":45},{"not_picked":["White Noise","Beam Cell+1","Fusion"],"picked":"Singing Bowl","floor":46},{"not_picked":["Conserve Battery","Leap+1"],"picked":"Seek","floor":47},{"not_picked":["Fusion+1","Cold Snap+1"],"picked":"Blizzard+1","floor":48},{"not_picked":["Conserve Battery+1","Rainbow","Gash+1"],"picked":"Singing Bowl","floor":54}],"player_experience":1089231,"relics_obtained":[{"floor":7,"key":"Boot"},{"floor":10,"key":"DataDisk"},{"floor":11,"key":"Odd Mushroom"},{"floor":12,"key":"Molten Egg 2"},{"floor":13,"key":"Singing Bowl"},{"floor":24,"key":"Mango"},{"floor":26,"key":"Gremlin Horn"},{"floor":27,"key":"Oddly Smooth Stone"},{"floor":40,"key":"Pear"},{"floor":43,"key":"Frozen Egg 2"},{"floor":48,"key":"Meat on the Bone"},{"floor":54,"key":"Calipers"}],"event_choices":[{"damage_healed":0,"gold_gain":0,"player_choice":"Take Damage","damage_taken":18,"relics_obtained":["Golden Idol"],"max_hp_gain":0,"max_hp_loss":0,"event_name":"Golden Idol","floor":3,"gold_loss":0},{"damage_healed":0,"gold_gain":0,"player_choice":"Fought Mushrooms","damage_taken":0,"max_hp_gain":0,"max_hp_loss":0,"event_name":"Mushrooms","floor":11,"gold_loss":0},{"damage_healed":0,"gold_gain":30,"player_choice":"Searched \u00273\u0027 times","damage_taken":0,"max_hp_gain":0,"max_hp_loss":0,"event_name":"Dead Adventurer","floor":13,"gold_loss":0},{"damage_healed":0,"gold_gain":0,"player_choice":"Ignored","damage_taken":0,"max_hp_gain":0,"max_hp_loss":0,"event_name":"Vampires","floor":22,"gold_loss":0},{"damage_healed":0,"gold_gain":0,"player_choice":"Got Potions","damage_taken":0,"max_hp_gain":0,"max_hp_loss":0,"event_name":"Lab","floor":36,"gold_loss":0},{"damage_healed":0,"gold_gain":0,"cards_transformed":["Strike_B"],"player_choice":"Transformed","damage_taken":0,"max_hp_gain":0,"max_hp_loss":0,"event_name":"Transmorgrifier","floor":42,"gold_loss":0,"cards_obtained":["Blizzard"]}],"is_beta":true,"boss_relics":[{"not_picked":["Empty Cage","White Beast Statue"],"picked":"FrozenCore"},{"not_picked":["Nuclear Battery","Runic Pyramid"],"picked":"Fusion Hammer"}],"items_purged_floors":[14,19,53],"is_endless":false,"potions_floor_spawned":[7,13,16,20,24,33,44,45,47,48,54],"ascension_level":1}