{"gold_per_floor":[116,66,141,151,151,184,184,209,209,118,149,23,43,79,79,210,210,234,359,359,16,16,16,31,31,31,31,41,41,75,88,88,88],"floor_reached":33,"playtime":1769,"items_purged":[],"score":306,"play_id":"3d7983cf-6b5e-478e-8693-2dd770052061","local_time":"20190217002128","is_ascension_mode":false,"campfire_choices":[{"data":"Zap","floor":7,"key":"SMITH"},{"floor":15,"key":"REST"},{"floor":23,"key":"REST"},{"floor":27,"key":"REST"},{"floor":29,"key":"REST"},{"data":"Hologram","floor":32,"key":"SMITH"}],"neow_cost":"NONE","seed_source_timestamp":34877538307299,"circlet_count":0,"master_deck":["Strike_B","Strike_B","Strike_B","Defend_B","Defend_B","Defend_B","Defend_B","Zap+1","Dualcast","Leap","Sunder","Static Discharge","Conserve Battery","Self Repair","Conserve Battery","Loop","Loop","White Noise+1","Self Repair","Conserve Battery","Sunder+1","Hologram+1","Self Repair+1","Go for the Eyes+1"],"relics":["Cracked Core","NeowsBlessing","Bloody Idol","Mummified Hand","Darkstone Periapt","PreservedInsect","Molten Egg 2","Black Star","Ice Cream","Blue Candle","Question Card","Turnip","Orichalcum","Juzu Bracelet"],"potions_floor_usage":[11,14,14,24,28,31],"damage_taken":[{"damage":0,"enemies":"Small Slimes","floor":1,"turns":1},{"damage":0,"enemies":"Jaw Worm","floor":4,"turns":1},{"damage":0,"enemies":"Lagavulin","floor":6,"turns":1},{"damage":0,"enemies":"2 Louse","floor":8,"turns":2},{"damage":15,"enemies":"Gremlin Nob","floor":11,"turns":4},{"damage":0,"enemies":"Large Slime","floor":13,"turns":5},{"damage":2,"enemies":"3 Sentries","floor":14,"turns":4},{"damage":36,"enemies":"Slime Boss","floor":16,"turns":10},{"damage":22,"enemies":"Spheric Guardian","floor":18,"turns":5},{"damage":18,"enemies":"Colosseum Slavers","floor":19,"turns":5},{"damage":46,"enemies":"Colosseum Nobs","floor":19,"turns":5},{"damage":13,"enemies":"3 Byrds","floor":24,"turns":3},{"damage":0,"enemies":"Sentry and Sphere","floor":28,"turns":6},{"damage":50,"enemies":"Gremlin Leader","floor":30,"turns":6},{"damage":19,"enemies":"Centurion and Healer","floor":31,"turns":7},{"damage":69,"enemies":"Automaton","floor":33,"turns":8}],"seed_played":"3264794492764195845","potions_obtained":[{"floor":8,"key":"Regen Potion"},{"floor":11,"key":"LiquidBronze"},{"floor":13,"key":"Swift Potion"},{"floor":19,"key":"AttackPotion"},{"floor":24,"key":"Fruit Juice"},{"floor":30,"key":"SkillPotion"}],"is_trial":false,"path_per_floor":["M","?","?","M","?","E","R","M","T","$","E","$","M","E","R","B",null,"M","?","?","$","$","R","M","$","T","R","M","R","E","M","R","B"],"character_chosen":"DEFECT","items_purchased":["Static Discharge","Conserve Battery","Self Repair","Conserve Battery","Question Card","Self Repair","Conserve Battery"],"campfire_rested":4,"item_purchase_floors":[10,10,12,12,21,21,21],"current_hp_per_floor":[75,75,64,64,46,46,46,46,46,46,40,40,47,52,74,45,75,60,10,10,10,10,32,38,38,38,60,80,80,49,59,59,0],"gold":88,"neow_bonus":"THREE_ENEMY_KILL","is_prod":false,"is_daily":false,"chose_seed":false,"campfire_upgraded":2,"win_rate":0.0,"timestamp":1550391688,"path_taken":["M","?","?","M","?","E","R","M","T","$","E","$","M","E","R","BOSS","M","?","?","?","$","R","?","$","T","R","M","R","E","M","R","BOSS"],"build_version":"2019-01-23","purchased_purges":0,"victory":false,"max_hp_per_floor":[75,75,75,75,75,75,75,75,75,75,75,75,75,75,75,75,75,75,75,75,75,75,75,75,75,75,75,80,80,80,80,80,80],"card_choices":[{"not_picked":["Coolheaded","Cold Snap"],"picked":"Leap","floor":1},{"not_picked":["Steam Power","Cold Snap","Force Field"],"picked":"SKIP","floor":4},{"not_picked":["Steam","Glacier","FTL"],"picked":"SKIP","floor":6},{"not_picked":["Defragment","Beam Cell"],"picked":"Sunder","floor":8},{"not_picked":["Streamline","Turbo","Cold Snap"],"picked":"SKIP","floor":11},{"not_picked":["Sweeping Beam","Aggregate"],"picked":"Loop","floor":13},{"not_picked":["Recycle","Chill"],"picked":"Loop","floor":14},{"not_picked":["Compile Driver+1","Heatsinks"],"picked":"White Noise+1","floor":18},{"not_picked":["Cold Snap+1","Auto Shields+1","Chaos"],"picked":"Sunder+1","floor":24},{"not_picked":["Recycle","Reinforced Body","Steam"],"picked":"Hologram","floor":28},{"not_picked":["Turbo","Go for the Eyes+1","Compile Driver+1"],"picked":"Self Repair+1","floor":30},{"not_picked":["Compile Driver+1","Rebound+1","Recycle"],"picked":"Go for the Eyes+1","floor":31}],"player_experience":157193,"relics_obtained":[{"floor":6,"key":"Mummified Hand"},{"floor":9,"key":"Darkstone Periapt"},{"floor":11,"key":"PreservedInsect"},{"floor":14,"key":"Molten Egg 2"},{"floor":19,"key":"Ice Cream"},{"floor":19,"key":"Blue Candle"},{"floor":26,"key":"Turnip"},{"floor":30,"key":"Orichalcum"},{"floor":30,"key":"Juzu Bracelet"}],"event_choices":[{"cards_removed":["Strike_B"],"damage_healed":0,"gold_gain":0,"player_choice":"Card Removal","damage_taken":0,"max_hp_gain":0,"max_hp_loss":0,"event_name":"The Cleric","floor":2,"gold_loss":50},{"damage_healed":0,"gold_gain":75,"player_choice":"Gather Gold","damage_taken":11,"max_hp_gain":0,"max_hp_loss":0,"event_name":"World of Goop","floor":3,"gold_loss":0},{"damage_healed":0,"gold_gain":0,"player_choice":"Take Damage","damage_taken":18,"relics_obtained":["Golden Idol"],"max_hp_gain":0,"max_hp_loss":0,"event_name":"Golden Idol","floor":5,"gold_loss":0},{"damage_healed":0,"gold_gain":0,"player_choice":"Fight","damage_taken":0,"max_hp_gain":0,"max_hp_loss":0,"event_name":"Colosseum","floor":19,"gold_loss":0},{"damage_healed":0,"gold_gain":0,"player_choice":"Fought Nobs","damage_taken":0,"max_hp_gain":0,"max_hp_loss":0,"event_name":"Colosseum","floor":19,"gold_loss":0},{"damage_healed":0,"gold_gain":0,"player_choice":"Gave Idol","damage_taken":0,"relics_obtained":["Bloody Idol"],"max_hp_gain":0,"max_hp_loss":0,"event_name":"Forgotten Altar","floor":20,"relics_lost":["Golden Idol"],"gold_loss":0}],"is_beta":false,"boss_relics":[{"not_picked":["Ectoplasm","Coffee Dripper"],"picked":"Black Star"}],"items_purged_floors":[],"is_endless":false,"potions_floor_spawned":[8,11,13,19,19,24,30],"killed_by":"Automaton","ascension_level":0}