{"gold_per_floor":[210,229,12,30,30,30,359,373,447,462,488,498,498,511,511,585,585,570,570,570,294,305,305,305,318,393,42,42,42,69,69,69,145,145,163,163,7,7,18,18,82,100,100,100,1,1,12,12,12,12],"floor_reached":51,"playtime":2859,"items_purged":["Fusion","Beam Cell"],"score":1324,"play_id":"31b94999-2fad-40d0-aae2-79486d081638","local_time":"20180803150735","is_ascension_mode":true,"campfire_choices":[{"data":"Loop","floor":6,"key":"SMITH"},{"data":"Zap","floor":13,"key":"SMITH"},{"data":"Ball Lightning","floor":15,"key":"SMITH"},{"data":"Seek","floor":23,"key":"SMITH"},{"data":"Streamline","floor":28,"key":"SMITH"},{"data":"Hologram","floor":32,"key":"SMITH"},{"data":"Deep Breath","floor":40,"key":"SMITH"},{"data":"Ball Lightning","floor":44,"key":"SMITH"},{"data":"Hologram","floor":46,"key":"SMITH"},{"data":"Undo","floor":49,"key":"SMITH"}],"neow_cost":"NONE","seed_source_timestamp":794704059903202,"circlet_count":0,"master_deck":["Zap+1","Dualcast","AscendersBane","Loop+1","Leap","Glacier","Cold Snap","Undo+1","Glacier","Ball Lightning+1","Gash","Genetic Algorithm","Ball Lightning+1","Seek+1","Conserve Battery","Steam","Sweeping Beam","Conserve Battery","Self Repair","Streamline+1","Glacier","Compile Driver","Hologram+1","Gash","Echo Form","Deep Breath+1","Gash","Hologram+1"],"relics":["Cracked Core","Juzu Bracelet","Old Coin","Shuriken","Orichalcum","Pandora\u0027s Box","DollysMirror","Mercury Hourglass","Pantograph","Toolbox","Symbiotic Virus","Busted Crown","DataDisk","NlothsMask","Tiny Chest"],"potions_floor_usage":[7,10,18,30,33,42,50],"damage_taken":[{"damage":10,"enemies":"Small Slimes","floor":1,"turns":4},{"damage":8,"enemies":"Jaw Worm","floor":2,"turns":5},{"damage":0,"enemies":"2 Louse","floor":4,"turns":4},{"damage":11,"enemies":"Lagavulin","floor":7,"turns":9},{"damage":1,"enemies":"Exordium Wildlife","floor":8,"turns":3},{"damage":16,"enemies":"Lots of Slimes","floor":10,"turns":4},{"damage":1,"enemies":"3 Sentries","floor":11,"turns":11},{"damage":3,"enemies":"3 Louse","floor":12,"turns":5},{"damage":0,"enemies":"Blue Slaver","floor":14,"turns":3},{"damage":0,"enemies":"The Guardian","floor":16,"turns":15},{"damage":1,"enemies":"2 Thieves","floor":18,"turns":4},{"damage":13,"enemies":"Chosen","floor":22,"turns":6},{"damage":13,"enemies":"Slaver and Parasite","floor":25,"turns":7},{"damage":17,"enemies":"Gremlin Leader","floor":30,"turns":9},{"damage":7,"enemies":"Champ","floor":33,"turns":10},{"damage":16,"enemies":"Flame Bruiser 1 Orb","floor":35,"turns":4},{"damage":0,"enemies":"Orb Walker","floor":39,"turns":4},{"damage":23,"enemies":"2 Orb Walkers","floor":41,"turns":7},{"damage":6,"enemies":"Flame Bruiser 2 Orb","floor":42,"turns":8},{"damage":0,"enemies":"3 Darklings","floor":47,"turns":4},{"damage":35,"enemies":"Donu and Deca","floor":50,"turns":10}],"seed_played":"-1504990234910054389","potions_obtained":[{"floor":1,"key":"Energy Potion"},{"floor":8,"key":"Energy Potion"},{"floor":12,"key":"SpeedPotion"},{"floor":14,"key":"AttackPotion"},{"floor":22,"key":"SteroidPotion"},{"floor":41,"key":"Fruit Juice"},{"floor":47,"key":"EssenceOfSteel"}],"is_trial":false,"path_per_floor":["M","M","$","M","$","R","E","M","T","M","E","M","R","M","R","B",null,"M","?","?","$","M","R","T","M","T","$","R","$","E","?","R","B",null,"M","?","$","?","M","R","E","M","T","R","$","R","M","?","R","B"],"character_chosen":"DEFECT","items_purchased":["Glacier","Juzu Bracelet","DollysMirror","Toolbox","AttackPotion","DataDisk","Gash","Hologram"],"campfire_rested":0,"item_purchase_floors":[3,3,21,27,27,37,45,45],"current_hp_per_floor":[54,46,46,46,46,46,35,34,34,18,17,14,14,14,14,14,57,63,63,63,63,57,57,57,51,51,51,51,51,41,41,41,66,70,54,54,54,54,61,61,48,58,58,58,58,58,65,65,65,48],"gold":12,"neow_bonus":"HUNDRED_GOLD","is_prod":false,"is_daily":false,"chose_seed":false,"campfire_upgraded":10,"win_rate":0,"timestamp":1533330455,"path_taken":["M","M","$","M","$","R","E","M","T","M","E","M","R","M","R","BOSS","M","?","?","$","M","R","?","M","T","$","R","?","E","?","R","BOSS","M","?","$","?","M","R","E","M","T","R","$","R","M","?","R","BOSS"],"build_version":"2018-08-01","purchased_purges":2,"victory":true,"max_hp_per_floor":[71,71,71,71,71,71,71,71,71,71,71,71,71,71,71,71,71,71,71,71,71,71,71,71,71,71,71,71,71,71,71,71,71,71,71,71,71,71,71,71,71,76,76,76,76,76,76,76,76,76],"card_choices":[{"not_picked":["Rip and Tear","Sweeping Beam"],"picked":"Loop","floor":1},{"not_picked":["Coolheaded","Steam"],"picked":"Leap","floor":2},{"not_picked":["Compile Driver","Barrage"],"picked":"Cold Snap","floor":4},{"not_picked":["Sweeping Beam","Coolheaded"],"picked":"Undo","floor":7},{"not_picked":["Undo","Compile Driver"],"picked":"Glacier","floor":8},{"not_picked":["Fusion","Capacitor"],"picked":"Ball Lightning","floor":10},{"not_picked":["Sweeping Beam","Reboot"],"picked":"Gash","floor":11},{"not_picked":["Sunder","Streamline"],"picked":"Genetic Algorithm","floor":12},{"not_picked":["Turbo","Reinforced Body"],"picked":"Ball Lightning","floor":14},{"not_picked":["Meteor Strike","Multi-Cast"],"picked":"Seek","floor":16},{"not_picked":["Sweeping Beam","Barrage","Skim"],"picked":"SKIP","floor":18},{"not_picked":["Go for the Eyes","Rebound"],"picked":"Compile Driver","floor":22},{"not_picked":["Hello World+1","Sweeping Beam+1"],"picked":"Hologram","floor":25},{"not_picked":["Conserve Battery","Coolheaded"],"picked":"Gash","floor":30},{"not_picked":["Core Surge","Seek"],"picked":"Echo Form","floor":33},{"not_picked":["Melter"],"picked":"SKIP","floor":35},{"not_picked":[],"picked":"Deep Breath","floor":36},{"not_picked":["Sweeping Beam"],"picked":"SKIP","floor":39},{"not_picked":["Sweeping Beam"],"picked":"SKIP","floor":39},{"not_picked":["Sweeping Beam"],"picked":"SKIP","floor":39},{"not_picked":["Reprogram"],"picked":"SKIP","floor":41},{"not_picked":["Sweeping Beam"],"picked":"SKIP","floor":42},{"not_picked":["Turbo"],"picked":"SKIP","floor":47}],"player_experience":933022,"relics_obtained":[{"floor":7,"key":"Old Coin"},{"floor":9,"key":"Shuriken"},{"floor":11,"key":"Orichalcum"},{"floor":24,"key":"Mercury Hourglass"},{"floor":26,"key":"Pantograph"},{"floor":30,"key":"Symbiotic Virus"},{"floor":41,"key":"Tiny Chest"}],"event_choices":[{"event_name":"Vampires","player_choice":"Ignored","floor":19,"damage_taken":0},{"event_name":"NoteForYourself","player_choice":"Ignored","floor":20,"damage_taken":0},{"event_name":"Transmorgrifier","player_choice":"Skipped","floor":31,"damage_taken":0},{"event_name":"SensoryStone","player_choice":"Memory 1","floor":36,"damage_taken":0},{"event_name":"FaceTrader","player_choice":"Trade","floor":38,"damage_taken":0},{"event_name":"SecretPortal","player_choice":"Rejected Portal.","floor":48,"damage_taken":0}],"is_beta":true,"boss_relics":[{"not_picked":["Coffee Dripper","Empty Cage"],"picked":"Pandora\u0027s Box"},{"not_picked":["Nuclear Battery","FrozenCore"],"picked":"Busted Crown"}],"items_purged_floors":[21,27],"is_endless":false,"potions_floor_spawned":[1,8,12,14,16,22,41,47],"ascension_level":15}