{"gold_per_floor":[114,114,128,128,228,228,267,267,267,288,288,312,224,245,245,375,375,388,22,22,45,64,64,84,14,14,14,25,25,25,45,45,45],"floor_reached":33,"playtime":2908,"items_purged":["Strike_G","Strike_G"],"score":272,"play_id":"c22a16eb-eef9-4bf5-90bb-475fc7d75c0f","local_time":"20190206014619","is_ascension_mode":false,"campfire_choices":[{"data":"Dagger Spray","floor":6,"key":"SMITH"},{"data":"Slice","floor":8,"key":"SMITH"},{"data":"Slice","floor":11,"key":"SMITH"},{"floor":15,"key":"REST"},{"floor":23,"key":"REST"},{"floor":30,"key":"REST"},{"floor":32,"key":"REST"}],"neow_cost":"NONE","seed_source_timestamp":23359852603000,"circlet_count":0,"master_deck":["Defend_G","Defend_G","Defend_G","Defend_G","Defend_G","Strike_G","Strike_G","Survivor","Neutralize","Sucker Punch","Dagger Spray+1","Slice+1","Slice+1","Poisoned Stab","Blur","Backflip","Corpse Explosion","Dodge and Roll","Catalyst","Caltrops","Deadly Poison","Bane","Catalyst","Infinite Blades+1","Burst","Catalyst"],"relics":["Ring of the Snake","NeowsBlessing","Bloody Idol","Smiling Mask","Sundial","Velvet Choker","MealTicket","Kunai"],"potions_floor_usage":[12,16,16,24,33],"damage_taken":[{"damage":0,"enemies":"2 Louse","floor":1,"turns":1},{"damage":0,"enemies":"Cultist","floor":3,"turns":1},{"damage":0,"enemies":"Lagavulin","floor":7,"turns":1},{"damage":0,"enemies":"Small Slimes","floor":10,"turns":3},{"damage":1,"enemies":"Blue Slaver","floor":12,"turns":3},{"damage":0,"enemies":"Gremlin Gang","floor":14,"turns":3},{"damage":67,"enemies":"The Guardian","floor":16,"turns":16},{"damage":16,"enemies":"Shell Parasite","floor":18,"turns":6},{"damage":15,"enemies":"Spheric Guardian","floor":21,"turns":5},{"damage":17,"enemies":"Snecko","floor":22,"turns":5},{"damage":31,"enemies":"Shelled Parasite and Fungi","floor":24,"turns":6},{"damage":5,"enemies":"Centurion and Healer","floor":28,"turns":4},{"damage":3,"enemies":"Cultist and Chosen","floor":31,"turns":6},{"damage":86,"enemies":"Champ","floor":33,"turns":10}],"seed_played":"4396356295015226018","potions_obtained":[{"floor":1,"key":"Explosive Potion"},{"floor":10,"key":"SkillPotion"},{"floor":12,"key":"GhostInAJar"},{"floor":22,"key":"LiquidBronze"},{"floor":24,"key":"SteroidPotion"}],"is_trial":false,"path_per_floor":["M","?","M","?","?","R","E","R","T","M","R","M","$","M","R","B",null,"M","$","?","M","M","R","M","$","T","?","M","?","R","M","R","B"],"character_chosen":"THE_SILENT","items_purchased":["Blur","Catalyst","Caltrops","MealTicket","Infinite Blades"],"campfire_rested":4,"item_purchase_floors":[13,19,19,19,25],"current_hp_per_floor":[70,70,70,70,70,70,70,70,70,70,70,69,69,69,70,3,70,54,54,54,39,22,43,12,27,27,27,27,27,48,50,70,0],"gold":45,"neow_bonus":"THREE_ENEMY_KILL","is_prod":false,"is_daily":false,"chose_seed":false,"campfire_upgraded":3,"win_rate":0.0,"timestamp":1549446379,"path_taken":["M","?","M","?","?","R","E","R","T","M","R","?","$","M","R","BOSS","M","$","?","M","M","R","?","$","T","?","M","?","R","M","R","BOSS"],"build_version":"2019-01-23","purchased_purges":2,"victory":false,"max_hp_per_floor":[70,70,70,70,70,70,70,70,70,70,70,70,70,70,70,70,70,70,70,70,70,70,70,70,70,70,70,70,70,70,70,70,70],"card_choices":[{"not_picked":["Bane","Blade Dance"],"picked":"Sucker Punch","floor":1},{"not_picked":["Dagger Throw","Prepared"],"picked":"Dagger Spray","floor":3},{"not_picked":["Tactician","All Out Attack"],"picked":"Slice","floor":7},{"not_picked":["Outmaneuver","Blade Dance"],"picked":"Slice","floor":10},{"not_picked":["Adrenaline","Underhanded Strike"],"picked":"Poisoned Stab","floor":12},{"not_picked":["Heel Hook","Acrobatics"],"picked":"Backflip","floor":14},{"not_picked":["Unload","Phantasmal Killer"],"picked":"Corpse Explosion","floor":16},{"not_picked":["Reflex","Masterful Stab"],"picked":"Dodge and Roll","floor":18},{"not_picked":["Dagger Throw","Finisher"],"picked":"Deadly Poison","floor":21},{"not_picked":["Underhanded Strike+1","Dagger Throw"],"picked":"Bane","floor":22},{"not_picked":["Blade Dance","Skewer"],"picked":"Catalyst","floor":24},{"not_picked":["Well Laid Plans","Heel Hook"],"picked":"Burst","floor":28},{"not_picked":["Acrobatics+1","Predator+1"],"picked":"Catalyst","floor":31}],"player_experience":79618,"relics_obtained":[{"floor":7,"key":"Smiling Mask"},{"floor":9,"key":"Sundial"},{"floor":26,"key":"Kunai"}],"event_choices":[{"damage_healed":0,"gold_gain":0,"player_choice":"Take Wound","damage_taken":0,"relics_obtained":["Golden Idol"],"max_hp_gain":0,"max_hp_loss":0,"event_name":"Golden Idol","floor":2,"gold_loss":0,"cards_obtained":["Injury"]},{"cards_removed":["Injury"],"damage_healed":0,"gold_gain":0,"player_choice":"Forget","damage_taken":0,"max_hp_gain":0,"max_hp_loss":0,"event_name":"Living Wall","floor":4,"gold_loss":0},{"damage_healed":0,"gold_gain":100,"player_choice":"Pray","damage_taken":0,"max_hp_gain":0,"max_hp_loss":0,"event_name":"Golden Shrine","floor":5,"gold_loss":0},{"cards_removed":["Strike_G"],"damage_healed":0,"gold_gain":0,"player_choice":"Card Removal","damage_taken":0,"max_hp_gain":0,"max_hp_loss":0,"event_name":"Wheel of Change","floor":20,"gold_loss":0},{"damage_healed":0,"gold_gain":0,"player_choice":"Gave Idol","damage_taken":0,"relics_obtained":["Bloody Idol"],"max_hp_gain":0,"max_hp_loss":0,"event_name":"Forgotten Altar","floor":27,"relics_lost":["Golden Idol"],"gold_loss":0},{"damage_healed":0,"gold_gain":0,"player_choice":"Forge","damage_taken":0,"max_hp_gain":0,"max_hp_loss":0,"event_name":"Accursed Blacksmith","floor":29,"gold_loss":0,"cards_upgraded":["Infinite Blades"]}],"is_beta":false,"boss_relics":[{"not_picked":["Fusion Hammer","Coffee Dripper"],"picked":"Velvet Choker"}],"items_purged_floors":[13,19],"is_endless":false,"potions_floor_spawned":[1,10,12,22,24],"killed_by":"Champ","ascension_level":0}