{"gold_per_floor":[116,116,116,132,151,151,163,192,192,224,241,241,258,284,284,383,383,393,409,409,421,421,454,454,454,531,531,566,154,253,281,281,378,378,392,407,407,259,277,303,303,63,87,107,107,119,119,150,150,150],"floor_reached":51,"playtime":1440,"items_purged":["Strike_R"],"score":1054,"play_id":"78a4ec71-e098-460c-9856-46508fc5c11b","local_time":"20181217222507","is_ascension_mode":true,"campfire_choices":[{"data":"Inflame","floor":6.0,"key":"SMITH"},{"data":"Whirlwind","floor":15.0,"key":"SMITH"},{"data":"Iron Wave","floor":24.0,"key":"SMITH"},{"data":"Shrug It Off","floor":27.0,"key":"SMITH"},{"data":"Strike_R","floor":32,"key":"PURGE"},{"data":"Pummel","floor":41,"key":"SMITH"},{"data":"Strike_R","floor":45,"key":"PURGE"},{"data":"Reaper","floor":49,"key":"SMITH"}],"neow_cost":"NONE","seed_source_timestamp":18795011990756,"circlet_count":0,"master_deck":["Strike_R","Defend_R","Defend_R","Defend_R","Defend_R","Bash+1","Cleave","Shrug It Off+1","Inflame+1","Rampage+1","Cleave","Shrug It Off+1","Iron Wave+1","Whirlwind+1","Reaper+1","Body Slam+1","Dropkick+1","Thunderclap","Necronomicurse","Havoc+1","True Grit+1","Pummel+1","Sword Boomerang+1"],"special_seed":0,"relics":["Burning Blood","Oddly Smooth Stone","Happy Flower","Toxic Egg 2","Mango","Unceasing Top","Regal Pillow","Busted Crown","Necronomicon","Potion Belt","Bottled Lightning","Peace Pipe","Nunchaku","Incense Burner","Snecko Eye","Bag of Preparation","Self Forming Clay","Bottled Flame","Charon\u0027s Ashes"],"potions_floor_usage":[40,48,48,50],"damage_taken":[{"damage":2.0,"enemies":"2 Louse","floor":1.0,"turns":3.0},{"damage":10.0,"enemies":"Jaw Worm","floor":4.0,"turns":4.0},{"damage":0.0,"enemies":"Cultist","floor":5.0,"turns":3.0},{"damage":6.0,"enemies":"2 Fungi Beasts","floor":7.0,"turns":4.0},{"damage":28.0,"enemies":"Lagavulin","floor":8.0,"turns":7.0},{"damage":8.0,"enemies":"Gremlin Nob","floor":10.0,"turns":3.0},{"damage":8.0,"enemies":"Red Slaver","floor":11.0,"turns":4.0},{"damage":7.0,"enemies":"Looter","floor":13.0,"turns":3.0},{"damage":10.0,"enemies":"3 Sentries","floor":14.0,"turns":2.0},{"damage":13.0,"enemies":"Slime Boss","floor":16.0,"turns":6.0},{"damage":0.0,"enemies":"3 Byrds","floor":18.0,"turns":4.0},{"damage":0.0,"enemies":"Chosen","floor":19.0,"turns":4.0},{"damage":16.0,"enemies":"Centurion and Healer","floor":21.0,"turns":6.0},{"damage":9.0,"enemies":"Slavers","floor":23.0,"turns":2.0},{"damage":18.0,"enemies":"Gremlin Leader","floor":28.0,"turns":4.0},{"damage":0.0,"enemies":"Slavers","floor":31.0,"turns":1.0},{"damage":28,"enemies":"Champ","floor":33,"turns":8},{"damage":0,"enemies":"Orb Walker","floor":35,"turns":2},{"damage":0,"enemies":"3 Darklings","floor":36,"turns":2},{"damage":30,"enemies":"Maw","floor":39,"turns":5},{"damage":7,"enemies":"Nemesis","floor":40,"turns":3},{"damage":12,"enemies":"Transient","floor":44,"turns":5},{"damage":10,"enemies":"4 Shapes","floor":46,"turns":1},{"damage":0,"enemies":"Reptomancer","floor":48,"turns":2},{"damage":39,"enemies":"Donu and Deca","floor":50,"turns":7}],"seed_played":"5209974050021611288","potions_obtained":[{"floor":1.0,"key":"Fruit Juice"},{"floor":5.0,"key":"PowerPotion"},{"floor":8.0,"key":"Fruit Juice"},{"floor":10.0,"key":"BloodPotion"},{"floor":13.0,"key":"Weak Potion"},{"floor":21.0,"key":"Energy Potion"},{"floor":31.0,"key":"Fire Potion"},{"floor":33,"key":"Dexterity Potion"},{"floor":36,"key":"Strength Potion"},{"floor":44,"key":"Fire Potion"},{"floor":46,"key":"PowerPotion"}],"is_trial":false,"path_per_floor":["M","?","?","M","M","R","M","E","T","E","M","T","M","E","R","B",null,"M","M","?","M","?","E","R","?","T","R","E","$","?","E","R","B",null,"M","M","?","$","M","E","R","$","T","M","R","M","?","E","R","B",null],"character_chosen":"IRONCLAD","items_purchased":["True Grit+1","Nunchaku","Bag of Preparation","Bottled Flame"],"campfire_rested":0,"item_purchase_floors":[29,29,38,42],"current_hp_per_floor":[85,90,90,86,90,90,90,73,73,85,83,83,82,78,78,71,100,106,109,109,99,83,90,90,90,90,90,102,102,102,108,108,86,103,109,109,109,109,95,94,94,94,94,108,108,104,104,109,109,108],"gold":150,"neow_bonus":"RANDOM_COMMON_RELIC","is_prod":false,"is_daily":false,"chose_seed":false,"campfire_upgraded":6,"win_rate":0,"timestamp":1545092707,"path_taken":["M","?","?","M","M","R","M","E","T","E","M","?","M","E","R","BOSS","M","?","?","?","?","E","R","?","T","R","E","$","?","E","R","BOSS","M","M","?","?","M","E","R","$","T","?","R","M","?","E","R","BOSS"],"build_version":"2018-12-13","purchased_purges":1,"victory":true,"max_hp_per_floor":[85,90,90,90,90,90,90,95,95,109,109,109,109,109,109,109,109,109,109,109,109,109,109,109,109,109,109,109,109,109,109,109,109,109,109,109,109,109,109,109,109,109,109,109,109,109,109,109,109,109],"card_choices":[{"not_picked":["Whirlwind","Shockwave"],"picked":"Cleave","floor":1.0},{"not_picked":["Wild Strike","Evolve"],"picked":"Shrug It Off","floor":4.0},{"not_picked":["Shrug It Off","Feed"],"picked":"Inflame","floor":5.0},{"not_picked":["Intimidate","Body Slam"],"picked":"Rampage","floor":7.0},{"not_picked":["Second Wind","Disarm"],"picked":"Cleave","floor":8.0},{"not_picked":["Anger","Clash"],"picked":"Shrug It Off+1","floor":10.0},{"not_picked":["Heavy Blade","Cleave"],"picked":"Iron Wave","floor":11.0},{"not_picked":["Inflame","Rupture"],"picked":"Whirlwind","floor":13.0},{"not_picked":["Brutality","Flex+1","Body Slam"],"picked":"SKIP","floor":14.0},{"not_picked":["Feed","Bludgeon"],"picked":"Reaper","floor":16.0},{"not_picked":[],"picked":"Body Slam+1","floor":18.0},{"not_picked":[],"picked":"Dropkick+1","floor":19.0},{"not_picked":[],"picked":"Thunderclap","floor":21.0},{"not_picked":[],"picked":"Havoc+1","floor":23.0},{"not_picked":["Dual Wield+1"],"picked":"SKIP","floor":28.0},{"not_picked":["Infernal Blade+1"],"picked":"SKIP","floor":31.0},{"not_picked":["Entrench+1"],"picked":"SKIP","floor":35},{"not_picked":[],"picked":"Pummel","floor":36},{"not_picked":["Cleave+1"],"picked":"SKIP","floor":39},{"not_picked":["Bloodletting+1"],"picked":"SKIP","floor":40},{"not_picked":["Cleave"],"picked":"SKIP","floor":44},{"not_picked":["Perfected Strike+1"],"picked":"SKIP","floor":46},{"not_picked":[],"picked":"Sword Boomerang+1","floor":48}],"player_experience":261626,"relics_obtained":[{"floor":8.0,"key":"Happy Flower"},{"floor":9.0,"key":"Toxic Egg 2"},{"floor":10.0,"key":"Mango"},{"floor":12.0,"key":"Unceasing Top"},{"floor":14.0,"key":"Regal Pillow"},{"floor":22.0,"key":"Necronomicon"},{"floor":23.0,"key":"Potion Belt"},{"floor":26.0,"key":"Bottled Lightning"},{"floor":28.0,"key":"Peace Pipe"},{"floor":31.0,"key":"Incense Burner"},{"floor":40,"key":"Self Forming Clay"},{"floor":48,"key":"Charon\u0027s Ashes"}],"event_choices":[{"damage_healed":0.0,"max_hp_gain":5.0,"max_hp_loss":0.0,"gold_gain":0.0,"event_name":"Big Fish","player_choice":"Donut","floor":2.0,"gold_loss":0.0,"damage_taken":0.0},{"damage_healed":0.0,"max_hp_gain":0.0,"max_hp_loss":0.0,"gold_gain":0.0,"event_name":"Living Wall","player_choice":"Grow","floor":3.0,"gold_loss":0.0,"damage_taken":0.0,"cards_upgraded":["Bash"]},{"damage_healed":0.0,"max_hp_gain":0.0,"max_hp_loss":0.0,"gold_gain":0.0,"event_name":"Accursed Blacksmith","player_choice":"Forge","floor":20.0,"gold_loss":0.0,"damage_taken":0.0,"cards_upgraded":["Rampage"]},{"damage_healed":0.0,"max_hp_gain":0.0,"max_hp_loss":0.0,"gold_gain":0.0,"event_name":"Cursed Tome","player_choice":"Obtained Book","floor":22.0,"gold_loss":0.0,"damage_taken":16.0},{"damage_healed":0.0,"max_hp_gain":0.0,"max_hp_loss":0.0,"gold_gain":0.0,"event_name":"Vampires","player_choice":"Ignored","floor":25.0,"gold_loss":0.0,"damage_taken":0.0},{"damage_healed":0.0,"max_hp_gain":0.0,"max_hp_loss":0.0,"gold_gain":99.0,"event_name":"Nest","player_choice":"Stole From Cult","floor":30.0,"gold_loss":0.0,"damage_taken":0.0},{"damage_healed":0,"gold_gain":0,"player_choice":"0 cards matched","damage_taken":0,"max_hp_gain":0,"max_hp_loss":0,"event_name":"Match and Keep!","floor":37,"gold_loss":0,"cards_obtained":[]},{"cards_removed":["Strike_R"],"damage_healed":0,"gold_gain":0,"player_choice":"Purged","damage_taken":0,"max_hp_gain":0,"max_hp_loss":0,"event_name":"Purifier","floor":47,"gold_loss":0}],"is_beta":false,"boss_relics":[{"not_picked":["Calling Bell","White Beast Statue"],"picked":"Busted Crown"},{"not_picked":["Lizard Tail","Coffee Dripper"],"picked":"Snecko Eye"}],"items_purged_floors":[29],"is_endless":false,"potions_floor_spawned":[1,5,8,10,13,21,31,33,36,44,46],"ascension_level":5}