{"gold_per_floor":[216,11,61,10,10,10,22,48,48,48,60,73,93,93,93,170,170,181,181,10,10,26,26],"floor_reached":23,"playtime":700,"items_purged":[],"score":403,"play_id":"996b5e64-70cb-4bf1-b081-f9113a68ce0a","local_time":"20190127182851","is_ascension_mode":true,"campfire_choices":[{"data":"Zap","floor":6,"key":"SMITH"},{"data":"Loop","floor":10,"key":"SMITH"},{"floor":15,"key":"REST"}],"neow_cost":"NONE","seed_source_timestamp":1557322733220239,"circlet_count":0,"master_deck":["AscendersBane","Strike_B+1","Defend_B+1","Defend_B+1","Defend_B+1","Defend_B+1","Zap+1","Dualcast","Compile Driver","Mayhem","Ball Lightning","Loop+1","Cold Snap","BootSequence","Ball Lightning","Capacitor","Echo Form","Beam Cell+1","Machine Learning+1","Melter+1","Ball Lightning","Ghostly","Ghostly","Ghostly","Ball Lightning"],"relics":["Cracked Core","Sundial","Bottled Flame","Astrolabe","Happy Flower"],"potions_floor_usage":[13,16,22],"damage_taken":[{"damage":9,"enemies":"Jaw Worm","floor":1,"turns":4},{"damage":0,"enemies":"Cultist","floor":7,"turns":3},{"damage":35,"enemies":"3 Sentries","floor":8,"turns":7},{"damage":5,"enemies":"Small Slimes","floor":11,"turns":3},{"damage":1,"enemies":"Blue Slaver","floor":12,"turns":4},{"damage":0,"enemies":"2 Fungi Beasts","floor":13,"turns":2},{"damage":34,"enemies":"Slime Boss","floor":16,"turns":11},{"damage":33,"enemies":"2 Thieves","floor":18,"turns":4},{"damage":15,"enemies":"3 Byrds","floor":22,"turns":5},{"damage":2,"enemies":"Book of Stabbing","floor":23,"turns":2}],"seed_played":"-7281950144608108217","potions_obtained":[{"floor":7,"key":"FearPotion"},{"floor":8,"key":"AttackPotion"},{"floor":18,"key":"Poison Potion"},{"floor":22,"key":"Dexterity Potion"}],"is_trial":false,"path_per_floor":["M","$","?","$","?","R","M","E","T","R","M","M","M","?","R","B",null,"M","?","$","?","M","E"],"character_chosen":"DEFECT","items_purchased":["Mayhem","Ball Lightning","Happy Flower"],"campfire_rested":1,"item_purchase_floors":[2,4,20],"current_hp_per_floor":[55,55,55,55,60,60,60,25,25,25,20,19,19,19,41,7,59,26,26,26,26,11,9],"gold":26,"neow_bonus":"HUNDRED_GOLD","is_prod":false,"is_daily":false,"chose_seed":false,"campfire_upgraded":2,"win_rate":0,"timestamp":1548638931,"path_taken":["M","$","?","?","?","R","M","E","T","R","M","?","?","?","R","BOSS","M","?","$","?","M","E"],"build_version":"2019-01-23","purchased_purges":0,"victory":false,"max_hp_per_floor":[71,71,71,71,76,76,76,76,76,76,76,76,76,76,76,76,76,76,38,38,38,38,38],"card_choices":[{"not_picked":["Streamline","Hologram"],"picked":"Compile Driver","floor":1},{"not_picked":["Barrage","Stack"],"picked":"Loop","floor":7},{"not_picked":["Heatsinks","Fusion"],"picked":"Cold Snap","floor":8},{"not_picked":["Compile Driver","Double Energy"],"picked":"BootSequence","floor":11},{"not_picked":["Turbo","Undo"],"picked":"Ball Lightning","floor":12},{"not_picked":["Sweeping Beam","Stack"],"picked":"Capacitor","floor":13},{"not_picked":["Meteor Strike","Creative AI"],"picked":"Echo Form","floor":16},{"not_picked":["Rebound","Barrage"],"picked":"Ball Lightning","floor":18},{"not_picked":["Gash","Steam"],"picked":"Ball Lightning","floor":22}],"player_experience":1275261,"relics_obtained":[{"floor":8,"key":"Sundial"},{"floor":9,"key":"Bottled Flame"}],"event_choices":[{"damage_healed":0,"gold_gain":50,"player_choice":"Pray","damage_taken":0,"max_hp_gain":0,"max_hp_loss":0,"event_name":"Golden Shrine","floor":3,"gold_loss":0},{"damage_healed":0,"gold_gain":0,"player_choice":"Donut","damage_taken":0,"max_hp_gain":5,"max_hp_loss":0,"event_name":"Big Fish","floor":5,"gold_loss":0},{"damage_healed":0,"gold_gain":0,"player_choice":"Ignored","damage_taken":0,"max_hp_gain":0,"max_hp_loss":0,"event_name":"Shining Light","floor":14,"gold_loss":0},{"damage_healed":0,"gold_gain":0,"player_choice":"Became a Ghost","damage_taken":0,"max_hp_gain":0,"max_hp_loss":38,"event_name":"Ghosts","floor":19,"gold_loss":0,"cards_obtained":["Ghostly","Ghostly","Ghostly"]},{"damage_healed":0,"gold_gain":0,"player_choice":"Simplicity","damage_taken":0,"max_hp_gain":0,"max_hp_loss":0,"event_name":"Back to Basics","floor":21,"gold_loss":0,"cards_upgraded":["Strike_B","Defend_B","Defend_B","Defend_B","Defend_B"]}],"is_beta":true,"boss_relics":[{"not_picked":["White Beast Statue","Inserter"],"picked":"Astrolabe"}],"items_purged_floors":[],"is_endless":false,"potions_floor_spawned":[7,8,12,18,22],"killed_by":"Book of Stabbing","ascension_level":20}