{"gold_per_floor":[119,119,137,154,30,30,62,156,156,156,10,40,58,74,74,171,171,181,196,196,216,265,265,275,310,310,326,201,228,228,251,251,251],"floor_reached":33,"playtime":1378,"items_purged":["Brutality","Defend_R","Defend_R"],"score":289,"play_id":"5863ad14-b9e0-47ee-84d5-231b81d44652","local_time":"20190203161725","is_ascension_mode":true,"campfire_choices":[{"data":"Anger","floor":6,"key":"SMITH"},{"data":"Bash","floor":10,"key":"SMITH"},{"data":"Flex","floor":15,"key":"SMITH"},{"data":"Limit Break","floor":23,"key":"SMITH"},{"data":"Shrug It Off","floor":30,"key":"SMITH"},{"data":"Strike_R","floor":32,"key":"SMITH"}],"neow_cost":"NONE","seed_source_timestamp":333884184090750,"circlet_count":0,"master_deck":["Strike_R","Strike_R","Strike_R","Strike_R+1","Defend_R+1","Defend_R+1","Bash+1","Anger+1","Limit Break+1","Shrug It Off+1","Flex+1"],"relics":["Burning Blood","Blood Vial","Tiny Chest","Kunai","Art of War","Sozu","MutagenicStrength","Happy Flower","Red Mask","Prayer Wheel","Vajra","War Paint"],"potions_floor_usage":[7,8,25],"damage_taken":[{"damage":13,"enemies":"Small Slimes","floor":1,"turns":5},{"damage":6,"enemies":"Jaw Worm","floor":3,"turns":4},{"damage":8,"enemies":"Cultist","floor":4,"turns":3},{"damage":25,"enemies":"Gremlin Nob","floor":7,"turns":4},{"damage":16,"enemies":"3 Sentries","floor":8,"turns":9},{"damage":22,"enemies":"3 Sentries","floor":12,"turns":8},{"damage":3,"enemies":"2 Fungi Beasts","floor":13,"turns":4},{"damage":6,"enemies":"Blue Slaver","floor":14,"turns":3},{"damage":36,"enemies":"The Guardian","floor":16,"turns":10},{"damage":12,"enemies":"Spheric Guardian","floor":18,"turns":4},{"damage":1,"enemies":"Chosen","floor":19,"turns":4},{"damage":16,"enemies":"Sentry and Sphere","floor":21,"turns":4},{"damage":12,"enemies":"Shelled Parasite and Fungi","floor":24,"turns":4},{"damage":6,"enemies":"Masked Bandits","floor":25,"turns":3},{"damage":23,"enemies":"Snecko","floor":27,"turns":5},{"damage":21,"enemies":"Gremlin Leader","floor":29,"turns":4},{"damage":26,"enemies":"Collector","floor":33,"turns":6}],"seed_played":"-5066932238534806794","potions_obtained":[{"floor":1,"key":"Explosive Potion"},{"floor":7,"key":"LiquidBronze"},{"floor":16,"key":"Poison Potion"}],"is_trial":false,"path_per_floor":["M","?","M","M","$","R","E","?","T","R","$","E","M","M","R","B",null,"M","M","?","M","T","R","M","?","T","M","$","E","R","T","R","B"],"character_chosen":"IRONCLAD","items_purchased":["Anger","Shrug It Off"],"campfire_rested":0,"item_purchase_floors":[5,11],"current_hp_per_floor":[73,78,78,76,76,76,57,49,49,49,49,35,40,42,42,14,85,79,85,85,75,75,75,71,73,73,58,58,45,45,45,45,21],"gold":251,"neow_bonus":"TRANSFORM_CARD","is_prod":false,"is_daily":false,"chose_seed":false,"campfire_upgraded":6,"win_rate":0,"timestamp":1549235845,"path_taken":["M","?","M","M","$","R","E","?","T","R","$","E","?","M","R","BOSS","M","M","?","M","?","R","?","?","T","M","$","E","R","?","R","BOSS"],"build_version":"2019-01-23","purchased_purges":3,"victory":false,"max_hp_per_floor":[80,85,85,85,85,85,85,85,85,85,85,85,85,85,85,85,85,85,85,85,85,85,85,85,85,85,85,85,85,85,85,85,85],"card_choices":[{"not_picked":["Body Slam","Twin Strike","Flex"],"picked":"SKIP","floor":1},{"not_picked":["Cleave","Clash","Inflame"],"picked":"SKIP","floor":3},{"not_picked":["Iron Wave","Battle Trance","Entrench"],"picked":"SKIP","floor":4},{"not_picked":["Sword Boomerang","Havoc","Perfected Strike"],"picked":"SKIP","floor":7},{"not_picked":["Anger","True Grit"],"picked":"Limit Break","floor":8},{"not_picked":["Shrug It Off","Cleave","Rampage"],"picked":"SKIP","floor":12},{"not_picked":["Cleave","Havoc","Body Slam"],"picked":"SKIP","floor":13},{"not_picked":["Sentinel","Evolve"],"picked":"Flex","floor":14},{"not_picked":["Perfected Strike","Armaments+1","Havoc"],"picked":"SKIP","floor":18},{"not_picked":["Rupture","Twin Strike+1","Heavy Blade"],"picked":"SKIP","floor":19},{"not_picked":["Havoc","Seeing Red","Pommel Strike"],"picked":"SKIP","floor":21},{"not_picked":["Reaper","Inflame","Battle Trance+1"],"picked":"SKIP","floor":24},{"not_picked":["True Grit","Headbutt+1","Heavy Blade"],"picked":"SKIP","floor":27},{"not_picked":["Dropkick","Sword Boomerang","Whirlwind"],"picked":"SKIP","floor":27},{"not_picked":["Burning Pact+1","Armaments","Anger"],"picked":"SKIP","floor":29}],"player_experience":1303967,"relics_obtained":[{"floor":7,"key":"Blood Vial"},{"floor":8,"key":"Tiny Chest"},{"floor":9,"key":"Kunai"},{"floor":12,"key":"Art of War"},{"floor":22,"key":"Happy Flower"},{"floor":25,"key":"Red Mask"},{"floor":26,"key":"Prayer Wheel"},{"floor":29,"key":"Vajra"},{"floor":31,"key":"War Paint"}],"event_choices":[{"damage_healed":0,"gold_gain":0,"player_choice":"Donut","damage_taken":0,"max_hp_gain":5,"max_hp_loss":0,"event_name":"Big Fish","floor":2,"gold_loss":0},{"damage_healed":0,"gold_gain":30,"player_choice":"Searched \u00273\u0027 times","damage_taken":0,"max_hp_gain":0,"max_hp_loss":0,"event_name":"Dead Adventurer","floor":8,"gold_loss":0},{"damage_healed":0,"gold_gain":0,"player_choice":"Inject Mutagens","damage_taken":0,"relics_obtained":["MutagenicStrength"],"max_hp_gain":0,"max_hp_loss":0,"event_name":"Drug Dealer","floor":20,"gold_loss":0},{"damage_healed":0,"gold_gain":0,"player_choice":"Fought Bandits","damage_taken":0,"max_hp_gain":0,"max_hp_loss":0,"event_name":"Masked Bandits","floor":25,"gold_loss":0}],"is_beta":true,"boss_relics":[{"not_picked":["Snecko Eye","Runic Pyramid"],"picked":"Sozu"}],"items_purged_floors":[5,11,28],"is_endless":false,"potions_floor_spawned":[1,7,16,21,27],"killed_by":"Collector","ascension_level":1}