{"gold_per_floor":[110,110,385,71,82,82,94,94,94,128,128,2,2,17,17,17],"floor_reached":16,"playtime":669,"items_purged":["Strike_B"],"score":157,"play_id":"ea7b0f5a-214f-4d55-8edd-cf1e093a5970","local_time":"20190213173037","is_ascension_mode":true,"campfire_choices":[{"data":"Regret","floor":6,"key":"PURGE"},{"data":"Strike_B","floor":8,"key":"PURGE"},{"data":"Strike_B","floor":11,"key":"PURGE"},{"data":"Strike_B+1","floor":13,"key":"PURGE"},{"data":"Defend_B","floor":15,"key":"PURGE"}],"neow_cost":"NONE","seed_source_timestamp":803281078803422,"circlet_count":0,"master_deck":["AscendersBane","Defend_B","Defend_B+1","Defend_B","Zap","Dualcast","Seek","Steam","Tempest","Conserve Battery"],"relics":["Cracked Core","Peace Pipe","Letter Opener","Pantograph"],"potions_floor_usage":[10],"damage_taken":[{"damage":0,"enemies":"Small Slimes","floor":1,"turns":4},{"damage":0,"enemies":"2 Louse","floor":5,"turns":1},{"damage":0,"enemies":"Cultist","floor":7,"turns":3},{"damage":26,"enemies":"Gremlin Nob","floor":10,"turns":4},{"damage":12,"enemies":"Gremlin Gang","floor":14,"turns":3},{"damage":42,"enemies":"Hexaghost","floor":16,"turns":11}],"seed_played":"-1789450085955042990","potions_obtained":[{"floor":1,"key":"SmokeBomb"},{"floor":5,"key":"Energy Potion"}],"is_trial":false,"path_per_floor":["M","?","?","$","M","R","M","R","T","E","R","$","R","M","R","B"],"character_chosen":"DEFECT","items_purchased":["Peace Pipe","Conserve Battery"],"campfire_rested":0,"item_purchase_floors":[4,12],"current_hp_per_floor":[68,53,53,53,53,53,53,53,53,27,27,27,27,15,15,0],"gold":17,"neow_bonus":"ONE_RANDOM_RARE_CARD","is_prod":false,"is_daily":false,"chose_seed":false,"campfire_upgraded":0,"win_rate":0,"timestamp":1550057437,"path_taken":["M","?","?","$","?","R","M","R","T","E","R","$","R","?","R","BOSS"],"build_version":"2019-01-23","purchased_purges":1,"victory":false,"max_hp_per_floor":[75,75,75,75,75,75,75,75,75,75,75,75,75,75,75,75],"card_choices":[{"not_picked":["Gash","Reinforced Body"],"picked":"Steam","floor":1},{"not_picked":["Stack","Barrage"],"picked":"Tempest","floor":5},{"not_picked":["Melter","Steam","Rip and Tear"],"picked":"SKIP","floor":7},{"not_picked":["Conserve Battery","Chaos","Steam"],"picked":"SKIP","floor":10},{"not_picked":["Beam Cell","Melter","Go for the Eyes"],"picked":"SKIP","floor":14}],"player_experience":801447,"relics_obtained":[{"floor":9,"key":"Letter Opener"},{"floor":10,"key":"Pantograph"}],"event_choices":[{"damage_healed":0,"gold_gain":0,"player_choice":"Entered Light","damage_taken":15,"max_hp_gain":0,"max_hp_loss":0,"event_name":"Shining Light","floor":2,"gold_loss":0,"cards_upgraded":["Defend_B","Strike_B"]},{"damage_healed":0,"gold_gain":275,"player_choice":"Desecrate","damage_taken":0,"max_hp_gain":0,"max_hp_loss":0,"event_name":"Golden Shrine","floor":3,"gold_loss":0,"cards_obtained":["Regret"]}],"is_beta":false,"boss_relics":[],"items_purged_floors":[12],"is_endless":false,"potions_floor_spawned":[1,5],"killed_by":"Hexaghost","ascension_level":12}