{"gold_per_floor":[113,113,113,133,148,161,191,191,191,226,226,246,246,264,264,338,338,355,369,369,284,294,320,101,101,101,130,5,34,34,34,34,34],"floor_reached":33,"playtime":1197,"items_purged":["Strike_G"],"score":679,"play_id":"1876b1db-94a2-44c3-bee2-a5b64226f332","local_time":"20180803172859","is_ascension_mode":true,"campfire_choices":[{"data":"Phantasmal Killer","floor":8,"key":"SMITH"},{"data":"All Out Attack","floor":11,"key":"SMITH"},{"data":"Dagger Spray","floor":13,"key":"SMITH"},{"data":"Predator","floor":15,"key":"SMITH"},{"data":"Cloak And Dagger","floor":25,"key":"SMITH"},{"floor":30,"key":"REST"},{"data":"Cloak And Dagger","floor":32,"key":"SMITH"}],"neow_cost":"NONE","seed_source_timestamp":804859648954818,"circlet_count":0,"master_deck":["Defend_G","Defend_G","Defend_G","Defend_G","Defend_G","Strike_G","Strike_G","Strike_G","Survivor","Neutralize+1","AscendersBane","Predator+1","Phantasmal Killer+1","Slice","All Out Attack+1","Tools of the Trade+1","Dagger Spray+1","Sucker Punch","Flying Knee","Glass Knife","Blade Dance","Cloak And Dagger+1","Cloak And Dagger+1","Accuracy+1","Terror+1","Cloak And Dagger","Backstab","Slice","Shame"],"relics":["Ring of the Snake","Frozen Egg 2","Question Card","Kunai","Letter Opener","Cursed Key","Darkstone Periapt","Mercury Hourglass","Girya","Blue Candle","Du-Vu Doll"],"potions_floor_usage":[7,10,19,23,23,27],"damage_taken":[{"damage":2,"enemies":"2 Louse","floor":1,"turns":3},{"damage":0,"enemies":"Jaw Worm","floor":4,"turns":4},{"damage":0,"enemies":"Cultist","floor":5,"turns":4},{"damage":0,"enemies":"Looter","floor":6,"turns":3},{"damage":1,"enemies":"3 Sentries","floor":7,"turns":4},{"damage":13,"enemies":"Gremlin Nob","floor":10,"turns":3},{"damage":1,"enemies":"Red Slaver","floor":12,"turns":2},{"damage":4,"enemies":"Exordium Thugs","floor":14,"turns":5},{"damage":0,"enemies":"Slime Boss","floor":16,"turns":5},{"damage":0,"enemies":"Chosen","floor":18,"turns":4},{"damage":7,"enemies":"2 Thieves","floor":19,"turns":3},{"damage":0,"enemies":"Centurion and Healer","floor":22,"turns":6},{"damage":0,"enemies":"Book of Stabbing","floor":23,"turns":4},{"damage":33,"enemies":"Slavers","floor":27,"turns":5},{"damage":22,"enemies":"Book of Stabbing","floor":29,"turns":5},{"damage":38,"enemies":"Champ","floor":33,"turns":6}],"seed_played":"-8357431416822130611","potions_obtained":[{"floor":1,"key":"Weak Potion"},{"floor":5,"key":"Fire Potion"},{"floor":12,"key":"Energy Potion"},{"floor":16,"key":"Energy Potion"},{"floor":19,"key":"GhostInAJar"}],"is_trial":false,"path_per_floor":["M","?","?","M","M","M","E","R","T","E","R","M","R","M","R","B",null,"M","M","?","?","M","E","$","R","T","E","$","E","R","T","R"],"character_chosen":"THE_SILENT","items_purchased":["Accuracy+1","Regen Potion","Cloak And Dagger","Backstab"],"campfire_rested":1,"item_purchase_floors":[24,24,28,28],"current_hp_per_floor":[57,39,39,39,39,39,38,38,38,25,25,24,24,20,20,20,55,55,48,48,48,48,48,48,48,48,29,29,7,26,32,32,0],"gold":34,"neow_bonus":"UPGRADE_CARD","is_prod":false,"is_daily":false,"chose_seed":false,"campfire_upgraded":6,"win_rate":0,"timestamp":1533338939,"path_taken":["M","?","?","M","M","?","E","R","T","E","R","M","R","M","R","BOSS","M","M","?","?","M","E","$","R","T","E","$","E","R","?","R","BOSS"],"build_version":"2018-08-01","purchased_purges":1,"victory":false,"max_hp_per_floor":[66,66,66,66,66,66,66,66,66,66,66,66,66,66,66,66,66,66,66,66,66,66,66,66,66,66,66,66,66,66,72,72,72],"card_choices":[{"not_picked":["Bane","Flechettes"],"picked":"Predator","floor":1},{"not_picked":["Deadly Poison","Bane","Blade Dance"],"picked":"SKIP","floor":4},{"not_picked":["Prepared","Dagger Throw"],"picked":"Slice","floor":5},{"not_picked":["Masterful Stab","Quick Slash"],"picked":"All Out Attack","floor":6},{"not_picked":["Dagger Spray","Underhanded Strike"],"picked":"Tools of the Trade+1","floor":7},{"not_picked":["Poisoned Stab","Quick Slash","Deflect"],"picked":"Dagger Spray","floor":10},{"not_picked":["Deflect","Doppelganger","Acrobatics"],"picked":"Sucker Punch","floor":12},{"not_picked":["Reflex","Dodge and Roll","Malaise"],"picked":"Flying Knee","floor":14},{"not_picked":["Tools of the Trade+1","Wraith Form v2+1","Doppelganger"],"picked":"Glass Knife","floor":16},{"not_picked":["Predator","Bane+1","Catalyst","Outmaneuver"],"picked":"SKIP","floor":18},{"not_picked":["Backflip","Quick Slash","Blur"],"picked":"Blade Dance","floor":19},{"not_picked":["PiercingWail","Deflect","Calculated Gamble"],"picked":"Cloak And Dagger","floor":22},{"not_picked":["PiercingWail","Venomology","Blade Dance"],"picked":"Cloak And Dagger","floor":23},{"not_picked":["Setup","Reflex","Escape Plan"],"picked":"Terror+1","floor":27},{"not_picked":["Dagger Spray","Distraction","Setup"],"picked":"Slice","floor":29}],"player_experience":937310,"relics_obtained":[{"floor":7,"key":"Question Card"},{"floor":9,"key":"Kunai"},{"floor":10,"key":"Letter Opener"},{"floor":23,"key":"Mercury Hourglass"},{"floor":27,"key":"Girya"},{"floor":29,"key":"Blue Candle"},{"floor":31,"key":"Du-Vu Doll"}],"event_choices":[{"event_name":"Scrap Ooze","player_choice":"success","floor":2,"damage_taken":18},{"event_name":"Transmorgrifier","player_choice":"Transform","floor":3,"damage_taken":0},{"event_name":"The Mausoleum","player_choice":"No","floor":20,"damage_taken":0},{"event_name":"Addict","player_choice":"Obtained Relic","floor":21,"damage_taken":0}],"is_beta":true,"boss_relics":[{"not_picked":["Eternal Feather","Calling Bell"],"picked":"Cursed Key"}],"items_purged_floors":[24],"is_endless":false,"potions_floor_spawned":[1,5,12,16,19,22],"killed_by":"Champ","ascension_level":15}