{"gold_per_floor":[111,111,111,131,146,159,175,175,229,249,249,283,283,283,283,384,384,396,396,311,321,332,332],"floor_reached":23,"playtime":1628,"items_purged":[],"score":218,"play_id":"3f5844a9-509f-4bb2-a726-c6f82ebb8d28","local_time":"20181012183616","is_ascension_mode":false,"campfire_choices":[{"data":"Anger","floor":13,"key":"SMITH"},{"floor":15,"key":"REST"}],"neow_cost":"NONE","seed_source_timestamp":16001179470390,"circlet_count":0,"master_deck":["Strike_R","Strike_R","Strike_R","Defend_R","Defend_R","Defend_R","Bash","Twin Strike","Cleave","Anger+1","Shrug It Off","Cleave","Shockwave","Shrug It Off","Armaments","Offering","Iron Wave","Iron Wave","Anger","Infernal Blade","Feed","Metallicize+1","Hemokinesis","Anger","Pommel Strike"],"relics":["Burning Blood","Pear","Regal Pillow","Dream Catcher","Vajra","Orrery","Bag of Preparation"],"potions_floor_usage":[22,23,23],"damage_taken":[{"damage":5,"enemies":"Cultist","floor":1,"turns":4},{"damage":8,"enemies":"Jaw Worm","floor":4,"turns":3},{"damage":3,"enemies":"2 Louse","floor":5,"turns":2},{"damage":16,"enemies":"Red Slaver","floor":6,"turns":4},{"damage":13,"enemies":"Large Slime","floor":7,"turns":5},{"damage":0,"enemies":"3 Louse","floor":10,"turns":2},{"damage":10,"enemies":"Gremlin Nob","floor":12,"turns":4},{"damage":27,"enemies":"The Guardian","floor":16,"turns":9},{"damage":13,"enemies":"Shell Parasite","floor":18,"turns":5},{"damage":27,"enemies":"3 Byrds","floor":21,"turns":5},{"damage":23,"enemies":"3 Cultists","floor":22,"turns":4},{"damage":51,"enemies":"Gremlin Leader","floor":23,"turns":4}],"seed_played":"3901773620623525053","potions_obtained":[{"floor":6,"key":"SneckoOil"},{"floor":10,"key":"SkillPotion"},{"floor":16,"key":"GamblersBrew"},{"floor":18,"key":"Strength Potion"},{"floor":22,"key":"Ancient Potion"}],"is_trial":false,"path_per_floor":["M","?","?","M","M","M","M","?","T","M","?","E","R","?","R","B",null,"M","?","?","M","M"],"character_chosen":"IRONCLAD","items_purchased":[],"campfire_rested":1,"item_purchase_floors":[],"current_hp_per_floor":[80,90,90,88,90,80,73,70,70,76,76,72,72,63,90,69,90,83,83,83,65,51,0],"gold":332,"neow_bonus":"REMOVE_CARD","is_prod":false,"is_daily":false,"chose_seed":false,"campfire_upgraded":1,"win_rate":0.0,"timestamp":1539380176,"path_taken":["M","?","?","M","M","M","M","?","T","M","?","E","R","?","R","BOSS","M","?","?","M","M","E"],"build_version":"2018-10-11","purchased_purges":0,"victory":false,"max_hp_per_floor":[80,90,90,90,90,90,90,90,90,90,90,90,90,90,90,90,90,90,90,90,93,96,96],"card_choices":[{"not_picked":["True Grit","Clash"],"picked":"Twin Strike","floor":1},{"not_picked":["Shrug It Off","Body Slam"],"picked":"Cleave","floor":4},{"not_picked":["Shrug It Off","Flex"],"picked":"Anger","floor":5},{"not_picked":["Clothesline","Pommel Strike"],"picked":"Shrug It Off","floor":6},{"not_picked":["Impervious","Pummel"],"picked":"Cleave","floor":7},{"not_picked":["True Grit","Searing Blow"],"picked":"Shockwave","floor":10},{"not_picked":["Uppercut","Clothesline"],"picked":"Shrug It Off","floor":12},{"not_picked":["Infernal Blade","Seeing Red"],"picked":"Armaments","floor":15},{"not_picked":["Bludgeon","Feed"],"picked":"Offering","floor":16},{"not_picked":["Armaments","Body Slam"],"picked":"Iron Wave","floor":17},{"not_picked":["Uppercut","Body Slam"],"picked":"Iron Wave","floor":17},{"not_picked":["Cleave","Sword Boomerang"],"picked":"Anger","floor":17},{"not_picked":["Clothesline","Perfected Strike"],"picked":"Infernal Blade","floor":17},{"not_picked":["Burning Pact","Feel No Pain"],"picked":"Feed","floor":17},{"not_picked":["Body Slam","Reckless Charge"],"picked":"Metallicize+1","floor":18},{"not_picked":["Metallicize+1","Combust"],"picked":"Anger","floor":21},{"not_picked":["Shockwave","Sever Soul"],"picked":"Pommel Strike","floor":22}],"player_experience":9719,"relics_obtained":[{"floor":9,"key":"Dream Catcher"},{"floor":12,"key":"Vajra"}],"event_choices":[{"event_name":"Big Fish","player_choice":"Box","floor":2,"damage_taken":0},{"event_name":"Bonfire Elementals","player_choice":"BASIC","floor":3,"damage_taken":0},{"event_name":"Scrap Ooze","player_choice":"success","floor":8,"damage_taken":3},{"event_name":"Living Wall","player_choice":"Forget","floor":11,"damage_taken":0},{"event_name":"Wheel of Change","player_choice":"Damage","floor":14,"damage_taken":0},{"event_name":"Transmorgrifier","player_choice":"Transform","floor":19,"damage_taken":0},{"event_name":"Addict","player_choice":"Obtained Relic","floor":20,"damage_taken":0}],"is_beta":false,"boss_relics":[{"not_picked":["Cursed Key","Snecko Eye"],"picked":"Orrery"}],"items_purged_floors":[],"is_endless":false,"potions_floor_spawned":[6,10,16,18,22],"killed_by":"Gremlin Leader","ascension_level":0}