{"gold_per_floor":[110,125,50,61,71,105,116,116,139,198,198,148,148,182,182,282,282,296,281,281,298,123,123,103,103,103,103,116,116,116,145,145,244,244,261,261,274,274],"floor_reached":38,"playtime":1907,"items_purged":["Strike_B","Strike_B"],"score":508,"play_id":"12d124c8-f5ba-4939-83b5-8c8f8ee12834","local_time":"20181021125101","is_ascension_mode":true,"campfire_choices":[{"data":"Hologram","floor":8,"key":"SMITH"},{"data":"Dualcast","floor":11,"key":"SMITH"},{"data":"Turbo","floor":15,"key":"SMITH"},{"data":"Capacitor","floor":23,"key":"SMITH"},{"data":"Reboot","floor":25,"key":"SMITH"},{"data":"Auto Shields","floor":27,"key":"SMITH"},{"floor":32,"key":"REST"}],"neow_cost":"NONE","seed_source_timestamp":7297034396878,"circlet_count":0,"master_deck":["Defend_B","Defend_B","Zap+1","Dualcast+1","Hologram+1","Conserve Battery","Auto Shields+1","Turbo+1","FTL","Chill","Gash","Reboot+1","Scrape+1","Defragment+1","Gash","Capacitor+1","Coolheaded","Beam Cell+1","Rainbow","Amplify+1","Rip and Tear+1","Double Energy+1","Beam Cell+1","Madness","Madness","Gash"],"relics":["Cracked Core","Meat on the Bone","Bag of Marbles","Tiny Chest","Sundial","Art of War","Cursed Key","Gremlin Horn","Bottled Tornado","Ice Cream","Astrolabe"],"potions_floor_usage":[10,18,18,18,28,28,37],"damage_taken":[{"damage":0,"enemies":"2 Louse","floor":1,"turns":2},{"damage":4,"enemies":"Jaw Worm","floor":2,"turns":3},{"damage":0,"enemies":"Cultist","floor":4,"turns":3},{"damage":1,"enemies":"Large Slime","floor":5,"turns":6},{"damage":26,"enemies":"Gremlin Nob","floor":6,"turns":5},{"damage":3,"enemies":"Red Slaver","floor":7,"turns":5},{"damage":8,"enemies":"3 Sentries","floor":10,"turns":8},{"damage":0,"enemies":"Lagavulin","floor":14,"turns":7},{"damage":29,"enemies":"Hexaghost","floor":16,"turns":13},{"damage":13,"enemies":"Chosen","floor":18,"turns":8},{"damage":14,"enemies":"2 Thieves","floor":19,"turns":4},{"damage":0,"enemies":"Cultist and Chosen","floor":21,"turns":5},{"damage":46,"enemies":"Snecko","floor":28,"turns":7},{"damage":0,"enemies":"Gremlin Leader","floor":31,"turns":6},{"damage":40,"enemies":"Collector","floor":33,"turns":9},{"damage":1,"enemies":"3 Shapes","floor":35,"turns":5},{"damage":7,"enemies":"Orb Walker","floor":37,"turns":3},{"damage":65,"enemies":"Jaw Worm Horde","floor":38,"turns":3}],"seed_played":"-7716774075435143664","potions_obtained":[{"floor":2,"key":"Weak Potion"},{"floor":6,"key":"PowerPotion"},{"floor":10,"key":"EssenceOfSteel"},{"floor":14,"key":"Explosive Potion"},{"floor":18,"key":"Strength Potion"},{"floor":19,"key":"GamblersBrew"},{"floor":24,"key":"Fire Potion"},{"floor":33,"key":"Poison Potion"}],"is_trial":false,"path_per_floor":["M","M","$","M","M","E","M","R","T","E","R","?","T","E","R","B",null,"M","M","?","M","$","R","?","R","T","R","M","?","?","E","R","B",null,"M","?","M"],"character_chosen":"DEFECT","items_purchased":["Capacitor"],"campfire_rested":1,"item_purchase_floors":[22],"current_hp_per_floor":[75,71,71,71,70,44,41,41,41,45,45,45,45,45,45,28,75,62,48,48,48,48,48,48,48,48,48,14,14,39,39,61,33,75,74,65,58,0],"gold":274,"neow_bonus":"UPGRADE_CARD","is_prod":false,"is_daily":false,"chose_seed":false,"campfire_upgraded":6,"win_rate":0,"timestamp":1540133461,"path_taken":["M","M","$","M","M","E","M","R","T","E","R","?","?","E","R","BOSS","M","M","?","?","$","R","?","R","T","R","M","?","?","E","R","BOSS","M","?","M","M"],"build_version":"2018-10-18","purchased_purges":2,"victory":false,"max_hp_per_floor":[75,75,75,75,75,75,75,75,75,75,75,75,75,75,75,75,75,75,75,75,75,75,75,75,75,75,75,75,75,75,75,75,75,75,75,75,75,75],"card_choices":[{"not_picked":["Barrage","Stack"],"picked":"Hologram","floor":1},{"not_picked":["Cold Snap","Fusion"],"picked":"Conserve Battery","floor":2},{"not_picked":["Go for the Eyes","Steam"],"picked":"Auto Shields","floor":4},{"not_picked":["Consume","Meteor Strike"],"picked":"Turbo","floor":5},{"not_picked":["Hologram","Fusion","Lockon"],"picked":"SKIP","floor":6},{"not_picked":["Go for the Eyes","Turbo"],"picked":"FTL","floor":7},{"not_picked":["Go for the Eyes","Melter"],"picked":"Chill","floor":10},{"not_picked":["Conserve Battery","Sweeping Beam"],"picked":"Gash","floor":14},{"not_picked":["Amplify","Thunder Strike"],"picked":"Reboot","floor":16},{"not_picked":["Compile Driver+1","Hello World"],"picked":"Scrape+1","floor":18},{"not_picked":["Blizzard+1","Gash"],"picked":"Defragment+1","floor":19},{"not_picked":["Ball Lightning","Turbo"],"picked":"Gash","floor":21},{"not_picked":["Leap","Conserve Battery"],"picked":"Coolheaded","floor":28},{"not_picked":["Rip and Tear","Thunder Strike"],"picked":"Beam Cell+1","floor":31},{"not_picked":["Fission","Creative AI"],"picked":"Rainbow","floor":33},{"not_picked":["Coolheaded","Rebound"],"picked":"Beam Cell+1","floor":35},{"not_picked":["Conserve Battery","Tempest+1"],"picked":"Gash","floor":37}],"player_experience":102769,"relics_obtained":[{"floor":6,"key":"Meat on the Bone"},{"floor":9,"key":"Bag of Marbles"},{"floor":10,"key":"Tiny Chest"},{"floor":13,"key":"Sundial"},{"floor":14,"key":"Art of War"},{"floor":26,"key":"Bottled Tornado"},{"floor":31,"key":"Ice Cream"}],"event_choices":[{"cards_removed":["Strike_B"],"damage_healed":0,"gold_gain":0,"player_choice":"Card Removal","damage_taken":0,"max_hp_gain":0,"max_hp_loss":0,"event_name":"The Cleric","floor":12,"gold_loss":50},{"damage_healed":0,"gold_gain":0,"player_choice":"Opened","damage_taken":0,"relics_obtained":["Gremlin Horn"],"max_hp_gain":0,"max_hp_loss":0,"event_name":"The Mausoleum","floor":20,"gold_loss":0,"cards_obtained":["Writhe"]},{"damage_healed":0,"gold_gain":0,"player_choice":"Bought 1 Potion","damage_taken":0,"max_hp_gain":0,"max_hp_loss":0,"event_name":"The Woman in Blue","floor":24,"gold_loss":0},{"cards_removed":["Shame","Writhe"],"damage_healed":0,"gold_gain":0,"player_choice":"Removed Curses","damage_taken":0,"max_hp_gain":0,"max_hp_loss":0,"event_name":"Fountain of Cleansing","floor":29,"gold_loss":0},{"damage_healed":25,"gold_gain":0,"player_choice":"Heal","damage_taken":0,"max_hp_gain":0,"max_hp_loss":0,"event_name":"The Library","floor":30,"gold_loss":0},{"damage_healed":0,"gold_gain":0,"player_choice":"Embrace Madness","damage_taken":9,"max_hp_gain":0,"max_hp_loss":0,"event_name":"Winding Halls","floor":36,"gold_loss":0,"cards_obtained":["Madness","Madness"]}],"is_beta":false,"boss_relics":[{"not_picked":["Runic Dome","White Beast Statue"],"picked":"Cursed Key"},{"not_picked":["Coffee Dripper","Calling Bell"],"picked":"Astrolabe"}],"items_purged_floors":[3,22],"is_endless":false,"potions_floor_spawned":[2,6,10,14,18,19,33],"killed_by":"Jaw Worm Horde","ascension_level":2}