{"gold_per_floor":[114,13,30,45,145,145,171,171,171,201,220,220,253,253,253,253],"floor_reached":16,"playtime":730,"items_purged":["Strike_B"],"score":142,"play_id":"797942f9-0136-4f66-bcde-d56f869e54fb","local_time":"20190201020706","is_ascension_mode":true,"campfire_choices":[{"data":"Dualcast","floor":6,"key":"SMITH"},{"data":"Zap","floor":8,"key":"SMITH"},{"data":"Ball Lightning","floor":15,"key":"SMITH"}],"neow_cost":"NONE","seed_source_timestamp":734063433334680,"circlet_count":0,"master_deck":["Strike_B","Strike_B","Strike_B","Defend_B","Defend_B","Defend_B","Defend_B","Zap+1","Dualcast+1","Ball Lightning+1","Go for the Eyes","Gash","Chill","Glacier","Leap+1","Coolheaded+1","Coolheaded+1"],"relics":["Cracked Core","NeowsBlessing","Bronze Scales","Meat on the Bone","Toxic Egg 2","Golden Idol","Pantograph"],"potions_floor_usage":[7,10,13,14,16,16,16,16,16],"damage_taken":[{"damage":0,"enemies":"Small Slimes","floor":1,"turns":1},{"damage":0,"enemies":"Cultist","floor":3,"turns":1},{"damage":0,"enemies":"Jaw Worm","floor":4,"turns":1},{"damage":27,"enemies":"Gremlin Nob","floor":7,"turns":4},{"damage":12,"enemies":"3 Sentries","floor":10,"turns":6},{"damage":11,"enemies":"Gremlin Gang","floor":11,"turns":4},{"damage":17,"enemies":"Gremlin Nob","floor":13,"turns":5},{"damage":81,"enemies":"Slime Boss","floor":16,"turns":12}],"seed_played":"-97898458732756615","potions_obtained":[{"floor":1,"key":"Fruit Juice"},{"floor":7,"key":"SpeedPotion"},{"floor":10,"key":"Swift Potion"},{"floor":14,"key":"EntropicBrew"},{"floor":14,"key":"SneckoOil"},{"floor":14,"key":"Fruit Juice"}],"is_trial":false,"path_per_floor":["M","$","M","M","?","R","E","R","T","E","M","?","E","?","R","B"],"character_chosen":"DEFECT","items_purchased":["Go for the Eyes"],"campfire_rested":0,"item_purchase_floors":[2],"current_hp_per_floor":[75,75,75,75,75,75,53,53,53,41,42,42,37,42,42,0],"gold":253,"neow_bonus":"THREE_ENEMY_KILL","is_prod":false,"is_daily":false,"chose_seed":false,"campfire_upgraded":3,"win_rate":0,"timestamp":1548983226,"path_taken":["M","$","M","M","?","R","E","R","T","E","?","?","E","?","R","BOSS"],"build_version":"2019-01-23","purchased_purges":1,"victory":false,"max_hp_per_floor":[75,75,75,75,75,75,80,80,80,80,80,74,74,79,79,79],"card_choices":[{"not_picked":["Darkness","Conserve Battery"],"picked":"Ball Lightning","floor":1},{"not_picked":["Barrage","Darkness"],"picked":"Gash","floor":3},{"not_picked":["Turbo","Ball Lightning"],"picked":"Chill","floor":4},{"not_picked":["Redo","Coolheaded"],"picked":"Glacier","floor":7},{"not_picked":["Cold Snap","Static Discharge"],"picked":"Leap","floor":10},{"not_picked":["Conserve Battery+1","Go for the Eyes"],"picked":"Coolheaded+1","floor":11},{"not_picked":["Stack+1","Self Repair"],"picked":"Coolheaded+1","floor":13}],"player_experience":114122,"relics_obtained":[{"floor":7,"key":"Bronze Scales"},{"floor":9,"key":"Meat on the Bone"},{"floor":10,"key":"Toxic Egg 2"},{"floor":13,"key":"Pantograph"}],"event_choices":[{"damage_healed":0,"gold_gain":100,"player_choice":"Gold","damage_taken":0,"max_hp_gain":0,"max_hp_loss":0,"event_name":"Wheel of Change","floor":5,"gold_loss":0},{"damage_healed":0,"gold_gain":0,"player_choice":"Lose Max HP","damage_taken":0,"relics_obtained":["Golden Idol"],"max_hp_gain":0,"max_hp_loss":6,"event_name":"Golden Idol","floor":12,"gold_loss":0},{"damage_healed":0,"gold_gain":0,"player_choice":"Got Potions","damage_taken":0,"max_hp_gain":0,"max_hp_loss":0,"event_name":"Lab","floor":14,"gold_loss":0}],"is_beta":false,"boss_relics":[],"items_purged_floors":[2],"is_endless":false,"potions_floor_spawned":[1,7,10],"killed_by":"Slime Boss","ascension_level":4}