{"gold_per_floor":[110,121,121,140,150,150,183,193,193,208,218,218,218,234,234,362,362,378,143,143,143,156,199,199,237,237,237],"floor_reached":27,"playtime":1331,"items_purged":[],"score":293,"play_id":"ad0ba45f-eaac-4edf-9faa-4f30e7fa30c3","local_time":"20181125201830","is_ascension_mode":true,"campfire_choices":[{"data":"Dualcast","floor":6.0,"key":"SMITH"},{"floor":12.0,"key":"REST"},{"data":"Defragment","floor":15.0,"key":"SMITH"},{"floor":24,"key":"REST"}],"neow_cost":"NONE","seed_source_timestamp":0,"circlet_count":0,"master_deck":["Strike_B+1","Defend_B","Defend_B","Defend_B","Defend_B","Zap","Dualcast+1","Barrage","Glacier+1","White Noise","Steam","Beam Cell","Core Surge","Hologram","Loop","Gash","Defragment+1","Capacitor","Go for the Eyes","Scrape","Electrodynamics","BootSequence+1","Force Field+1","Recycle+1","Conserve Battery","BootSequence+1","Seek","FTL+1","Capacitor","Steam+1"],"special_seed":0,"relics":["Cracked Core","Singing Bowl","Prayer Wheel","Golden Idol","Astrolabe","Strawberry","MutagenicStrength","Pantograph","StoneCalendar"],"potions_floor_usage":[22],"damage_taken":[{"damage":0.0,"enemies":"Small Slimes","floor":1.0,"turns":2.0},{"damage":1.0,"enemies":"Jaw Worm","floor":2.0,"turns":3.0},{"damage":6.0,"enemies":"2 Louse","floor":4.0,"turns":2.0},{"damage":1.0,"enemies":"2 Fungi Beasts","floor":5.0,"turns":3.0},{"damage":17.0,"enemies":"3 Sentries","floor":7.0,"turns":9.0},{"damage":2.0,"enemies":"Blue Slaver","floor":8.0,"turns":3.0},{"damage":5.0,"enemies":"Exordium Thugs","floor":10.0,"turns":4.0},{"damage":7.0,"enemies":"2 Fungi Beasts","floor":11.0,"turns":4.0},{"damage":6.0,"enemies":"Looter","floor":14.0,"turns":2.0},{"damage":27.0,"enemies":"The Guardian","floor":16.0,"turns":15.0},{"damage":19.0,"enemies":"Chosen","floor":18.0,"turns":5.0},{"damage":22,"enemies":"Colosseum Slavers","floor":21,"turns":4},{"damage":0,"enemies":"Shell Parasite","floor":22,"turns":6},{"damage":18,"enemies":"Gremlin Leader","floor":23,"turns":8},{"damage":32,"enemies":"Book of Stabbing","floor":25,"turns":8},{"damage":25,"enemies":"Snake Plant","floor":27,"turns":5}],"seed_played":"-8522165922207468948","potions_obtained":[{"floor":1.0,"key":"FairyPotion"},{"floor":5.0,"key":"Dexterity Potion"},{"floor":10.0,"key":"SpeedPotion"},{"floor":14.0,"key":"SkillPotion"},{"floor":25,"key":"SpeedPotion"}],"is_trial":false,"path_per_floor":["M","M","?","M","M","R","E","M","T","M","M","R","?","M","R","B",null,"M","M","$","?","?","M","E","R","E","T","M"],"character_chosen":"DEFECT","items_purchased":["Seek","Strawberry"],"campfire_rested":2,"item_purchase_floors":[19,19],"current_hp_per_floor":[75,74,59,53,52,52,35,33,33,28,21,43,43,37,37,10,69,50,57,57,35,37,19,42,10,10,0],"gold":237,"neow_bonus":"THREE_CARDS","is_prod":false,"is_daily":false,"chose_seed":false,"campfire_upgraded":2,"win_rate":0,"timestamp":1543184310,"path_taken":["M","M","?","M","M","R","E","M","T","M","M","R","?","M","R","BOSS","M","$","?","?","M","E","R","E","T","M"],"build_version":"2018-11-15","purchased_purges":0,"victory":false,"max_hp_per_floor":[75,75,75,75,75,75,75,75,75,75,75,75,69,69,69,69,69,69,76,76,76,78,78,78,78,78,78],"card_choices":[{"not_picked":["Darkness","Leap"],"picked":"Barrage","floor":0.0},{"not_picked":["Reprogram","Leap"],"picked":"Glacier","floor":1.0},{"not_picked":["Leap","Double Energy"],"picked":"White Noise","floor":2.0},{"not_picked":["Hologram","Sweeping Beam"],"picked":"Steam","floor":4.0},{"not_picked":["Consume","Streamline"],"picked":"Beam Cell","floor":5.0},{"not_picked":["Heatsinks","Auto Shields"],"picked":"Core Surge","floor":7.0},{"not_picked":["Force Field","Rebound"],"picked":"Hologram","floor":8.0},{"not_picked":["Redo","Coolheaded"],"picked":"Loop","floor":10.0},{"not_picked":["Blizzard","Barrage"],"picked":"Gash","floor":10.0},{"not_picked":["Reprogram","Redo"],"picked":"Defragment","floor":11.0},{"not_picked":["Redo","Gash"],"picked":"Capacitor","floor":11.0},{"not_picked":["Steam","Leap"],"picked":"Go for the Eyes","floor":14.0},{"not_picked":["Coolheaded","Undo"],"picked":"Scrape","floor":14.0},{"not_picked":["Buffer","Echo Form"],"picked":"Electrodynamics","floor":16.0},{"not_picked":["Barrage","Hologram"],"picked":"Conserve Battery","floor":18},{"not_picked":["Barrage","Reprogram"],"picked":"BootSequence+1","floor":18},{"not_picked":["Cold Snap+1","Streamline+1"],"picked":"FTL+1","floor":22},{"not_picked":["Conserve Battery","Barrage","Redo"],"picked":"Singing Bowl","floor":22},{"not_picked":["Turbo+1","Lockon"],"picked":"Capacitor","floor":23},{"not_picked":["Sunder","Skim"],"picked":"Steam+1","floor":25}],"player_experience":167926,"relics_obtained":[{"floor":7.0,"key":"Singing Bowl"},{"floor":9.0,"key":"Prayer Wheel"},{"floor":23,"key":"Pantograph"},{"floor":25,"key":"StoneCalendar"}],"event_choices":[{"damage_healed":0.0,"max_hp_gain":0.0,"max_hp_loss":0.0,"gold_gain":0.0,"event_name":"Shining Light","player_choice":"Entered Light","floor":3.0,"gold_loss":0.0,"damage_taken":15.0,"cards_upgraded":["Strike_B","Glacier"]},{"damage_healed":0.0,"max_hp_gain":0.0,"max_hp_loss":6.0,"gold_gain":0.0,"event_name":"Golden Idol","player_choice":"Lose Max HP","floor":13.0,"gold_loss":0.0,"damage_taken":0.0,"relics_obtained":["Golden Idol"]},{"damage_healed":0,"gold_gain":0,"player_choice":"Inject Mutagens","damage_taken":0,"relics_obtained":["MutagenicStrength"],"max_hp_gain":0,"max_hp_loss":0,"event_name":"Drug Dealer","floor":20,"gold_loss":0},{"damage_healed":0,"gold_gain":0,"player_choice":"Fight","damage_taken":0,"max_hp_gain":0,"max_hp_loss":0,"event_name":"Colosseum","floor":21,"gold_loss":0},{"damage_healed":0,"gold_gain":0,"player_choice":"Fled From Nobs","damage_taken":0,"max_hp_gain":0,"max_hp_loss":0,"event_name":"Colosseum","floor":21,"gold_loss":0}],"is_beta":false,"boss_relics":[{"not_picked":["FrozenCore","Tiny House"],"picked":"Astrolabe"}],"items_purged_floors":[],"is_endless":false,"potions_floor_spawned":[1,5,10,14,18,25],"killed_by":"Snake Plant","ascension_level":3}