{"gold_per_floor":[117,130,130,130,148,189,189,264,264,264],"floor_reached":10,"playtime":540,"items_purged":[],"score":73,"play_id":"4a48d281-f84f-4b27-b4c7-083f351713f7","local_time":"20190126020954","is_ascension_mode":true,"campfire_choices":[{"floor":7,"key":"REST"}],"neow_cost":"NONE","seed_source_timestamp":215999109619603,"circlet_count":0,"master_deck":["Strike_B+1","Strike_B","Strike_B","Strike_B","Defend_B","Defend_B","Defend_B","Defend_B","Zap+1","Dualcast","Sunder","Melter","Sweeping Beam","Hologram","Beam Cell"],"relics":["Busted Crown","Golden Idol","Question Card","Pantograph"],"potions_floor_usage":[6,8],"damage_taken":[{"damage":4,"enemies":"2 Louse","floor":1,"turns":2},{"damage":2,"enemies":"Small Slimes","floor":2,"turns":2},{"damage":0,"enemies":"Jaw Worm","floor":5,"turns":2},{"damage":26,"enemies":"Lagavulin","floor":6,"turns":8},{"damage":5,"enemies":"Gremlin Nob","floor":8,"turns":3},{"damage":32,"enemies":"3 Sentries","floor":10,"turns":4}],"seed_played":"5109549535340849704","potions_obtained":[{"floor":1,"key":"Poison Potion"},{"floor":2,"key":"PowerPotion"},{"floor":8,"key":"Strength Potion"}],"is_trial":false,"path_per_floor":["M","M","?","?","M","E","R","?","T","E"],"character_chosen":"DEFECT","items_purchased":[],"campfire_rested":1,"item_purchase_floors":[],"current_hp_per_floor":[71,69,54,36,36,10,32,27,27,0],"gold":264,"neow_bonus":"BOSS_RELIC","is_prod":false,"is_daily":false,"chose_seed":false,"campfire_upgraded":0,"win_rate":0,"timestamp":1548464994,"path_taken":["M","M","?","?","M","E","R","?","T","E"],"build_version":"2019-01-23","purchased_purges":0,"victory":false,"max_hp_per_floor":[75,75,75,75,75,75,75,75,75,75],"card_choices":[{"not_picked":[],"picked":"Sunder","floor":1},{"not_picked":[],"picked":"Melter","floor":2},{"not_picked":[],"picked":"Sweeping Beam","floor":5},{"not_picked":[],"picked":"Hologram","floor":6},{"not_picked":["Aggregate"],"picked":"Beam Cell","floor":8}],"player_experience":83335,"relics_obtained":[{"floor":6,"key":"Question Card"}],"event_choices":[{"damage_healed":0,"gold_gain":0,"player_choice":"Entered Light","damage_taken":15,"max_hp_gain":0,"max_hp_loss":0,"event_name":"Shining Light","floor":3,"gold_loss":0,"cards_upgraded":["Strike_B","Zap"]},{"damage_healed":0,"gold_gain":0,"player_choice":"Take Damage","damage_taken":18,"relics_obtained":["Golden Idol"],"max_hp_gain":0,"max_hp_loss":0,"event_name":"Golden Idol","floor":4,"gold_loss":0},{"damage_healed":0,"gold_gain":0,"player_choice":"Searched \u00273\u0027 times","damage_taken":0,"relics_obtained":["Pantograph"],"max_hp_gain":0,"max_hp_loss":0,"event_name":"Dead Adventurer","floor":8,"gold_loss":0}],"is_beta":false,"boss_relics":[],"items_purged_floors":[],"is_endless":false,"potions_floor_spawned":[1,2,8],"killed_by":"3 Sentries","ascension_level":2}