{"gold_per_floor":[109,284,298,32,32,60,60,60,60,87,97,48,68,88,88,185,185,201,201,101,120,45,45,72,72,72,72,72,86,98,125,125,125],"floor_reached":33,"playtime":1699,"items_purged":["Strike_B","Defend_B"],"score":467,"play_id":"81f8e9fe-a8a3-44dc-a82d-1ea82c699798","local_time":"20190201023535","is_ascension_mode":true,"campfire_choices":[{"data":"Ball Lightning","floor":7,"key":"SMITH"},{"floor":15,"key":"REST"},{"data":"Fission","floor":23,"key":"SMITH"},{"data":"Reinforced Body","floor":25,"key":"SMITH"},{"data":"Ball Lightning","floor":27,"key":"SMITH"},{"data":"Reinforced Body","floor":32,"key":"SMITH"}],"neow_cost":"NONE","seed_source_timestamp":734803249944501,"circlet_count":0,"master_deck":["Strike_B","Strike_B","Defend_B","Defend_B","Defend_B","Zap+1","Dualcast","Ball Lightning+1","BootSequence","Cold Snap","Glacier","Ball Lightning+1","Cold Snap","Ball Lightning","Fission+1","Reinforced Body+1","Tempest+1","Reinforced Body+1"],"relics":["Inserter","Chemical X","Thread and Needle","Mango","PreservedInsect","Black Star","Strawberry","Dream Catcher","Oddly Smooth Stone","Mercury Hourglass","Du-Vu Doll","Orichalcum"],"potions_floor_usage":[10,14,14,16,21,24,33],"damage_taken":[{"damage":3,"enemies":"Small Slimes","floor":1,"turns":4},{"damage":7,"enemies":"2 Louse","floor":3,"turns":3},{"damage":40,"enemies":"3 Sentries","floor":6,"turns":8},{"damage":19,"enemies":"Gremlin Nob","floor":10,"turns":5},{"damage":0,"enemies":"Cultist","floor":11,"turns":3},{"damage":0,"enemies":"Red Slaver","floor":13,"turns":3},{"damage":19,"enemies":"Gremlin Gang","floor":14,"turns":6},{"damage":0,"enemies":"Slime Boss","floor":16,"turns":7},{"damage":4,"enemies":"Spheric Guardian","floor":18,"turns":4},{"damage":0,"enemies":"Shell Parasite","floor":21,"turns":5},{"damage":30,"enemies":"Gremlin Leader","floor":24,"turns":9},{"damage":3,"enemies":"Centurion and Healer","floor":29,"turns":5},{"damage":0,"enemies":"Snecko","floor":30,"turns":3},{"damage":0,"enemies":"Book of Stabbing","floor":31,"turns":3},{"damage":45,"enemies":"Automaton","floor":33,"turns":6}],"seed_played":"-1804298720431109720","potions_obtained":[{"floor":3,"key":"EssenceOfSteel"},{"floor":11,"key":"EssenceOfSteel"},{"floor":13,"key":"Strength Potion"},{"floor":14,"key":"AttackPotion"},{"floor":18,"key":"FocusPotion"},{"floor":21,"key":"FocusPotion"},{"floor":29,"key":"GamblersBrew"}],"is_trial":false,"path_per_floor":["M","?","M","$","?","E","R","?","T","E","M","$","M","M","R","B",null,"M","?","$","M","?","R","E","R","T","R","?","M","M","E","R","B"],"character_chosen":"DEFECT","items_purchased":["Chemical X","Ball Lightning"],"campfire_rested":1,"item_purchase_floors":[4,12],"current_hp_per_floor":[72,72,65,65,65,25,25,25,39,20,20,20,20,1,27,27,89,85,68,68,68,68,68,45,45,45,45,45,42,42,42,42,0],"gold":125,"neow_bonus":"BOSS_RELIC","is_prod":false,"is_daily":false,"chose_seed":false,"campfire_upgraded":5,"win_rate":0,"timestamp":1548984935,"path_taken":["M","?","M","$","?","E","R","?","T","E","?","?","M","?","R","BOSS","M","?","$","M","?","R","E","R","T","R","?","M","M","E","R","BOSS"],"build_version":"2019-01-23","purchased_purges":2,"victory":false,"max_hp_per_floor":[75,75,75,75,75,75,75,75,89,89,89,89,89,89,89,89,89,89,94,94,94,94,94,101,101,101,101,101,101,101,101,101,101],"card_choices":[{"not_picked":["Stack","Redo"],"picked":"Ball Lightning","floor":1},{"not_picked":["Turbo","Beam Cell"],"picked":"BootSequence","floor":3},{"not_picked":["Undo","Steam","Scrape"],"picked":"SKIP","floor":6},{"not_picked":["Go for the Eyes","Turbo"],"picked":"Cold Snap","floor":10},{"not_picked":["Beam Cell","Scrape"],"picked":"Glacier","floor":11},{"not_picked":["Compile Driver","Turbo"],"picked":"Cold Snap","floor":13},{"not_picked":["Static Discharge","Darkness"],"picked":"Ball Lightning","floor":14},{"not_picked":["Creative AI","Machine Learning"],"picked":"Fission","floor":16},{"not_picked":["Storm","Gash","Streamline+1"],"picked":"SKIP","floor":18},{"not_picked":["Barrage","Rip and Tear"],"picked":"Reinforced Body","floor":21},{"not_picked":["Barrage+1","Cold Snap"],"picked":"Tempest+1","floor":24},{"not_picked":["FTL","Rebound"],"picked":"Reinforced Body","floor":29},{"not_picked":["Gash","Compile Driver","Conserve Battery"],"picked":"SKIP","floor":30},{"not_picked":["Rebound+1","Ball Lightning","Storm"],"picked":"SKIP","floor":31}],"player_experience":114852,"relics_obtained":[{"floor":6,"key":"Thread and Needle"},{"floor":9,"key":"Mango"},{"floor":10,"key":"PreservedInsect"},{"floor":24,"key":"Strawberry"},{"floor":24,"key":"Dream Catcher"},{"floor":26,"key":"Oddly Smooth Stone"},{"floor":31,"key":"Du-Vu Doll"},{"floor":31,"key":"Orichalcum"}],"event_choices":[{"damage_healed":0,"gold_gain":175,"player_choice":"AGREE","damage_taken":0,"max_hp_gain":0,"max_hp_loss":0,"event_name":"Liars Game","floor":2,"gold_loss":0,"cards_obtained":["Doubt"]},{"cards_removed":["Doubt"],"damage_healed":0,"gold_gain":0,"player_choice":"Forget","damage_taken":0,"max_hp_gain":0,"max_hp_loss":0,"event_name":"Living Wall","floor":5,"gold_loss":0},{"damage_healed":0,"gold_gain":0,"player_choice":"Forge","damage_taken":0,"max_hp_gain":0,"max_hp_loss":0,"event_name":"Accursed Blacksmith","floor":8,"gold_loss":0,"cards_upgraded":["Zap"]},{"damage_healed":0,"gold_gain":0,"player_choice":"Shed Blood","damage_taken":22,"max_hp_gain":5,"max_hp_loss":0,"event_name":"Forgotten Altar","floor":19,"gold_loss":0},{"cards_removed":["Strike_B"],"damage_healed":0,"gold_gain":0,"player_choice":"Gave Gold","damage_taken":0,"max_hp_gain":0,"max_hp_loss":0,"event_name":"Beggar","floor":22,"gold_loss":75},{"damage_healed":0,"gold_gain":0,"player_choice":"Opened","damage_taken":0,"relics_obtained":["Mercury Hourglass"],"max_hp_gain":0,"max_hp_loss":0,"event_name":"The Mausoleum","floor":28,"gold_loss":0}],"is_beta":false,"boss_relics":[{"not_picked":["Eternal Feather","Tiny House"],"picked":"Black Star"}],"items_purged_floors":[4,20],"is_endless":false,"potions_floor_spawned":[3,11,13,14,18,21,29],"killed_by":"Automaton","ascension_level":4}