{"gold_per_floor":[119,119,8,21,33,33,45,77,77,77,107,107,107,132,132,228,228,248,267,86,86,86,86,113,163,163,191,41,53,67,95,95,194,194,205,223,233,248,248,248,263,263,263,292,303,330,380,380,380,380],"floor_reached":51,"playtime":2080,"items_purged":["Strike_R","Defend_R","Defend_R"],"score":885,"play_id":"ab784aed-e33b-419c-9858-363fbe68dd29","local_time":"20190209150050","is_ascension_mode":true,"campfire_choices":[{"data":"Spot Weakness","floor":6.0,"key":"SMITH"},{"data":"Whirlwind","floor":10.0,"key":"SMITH"},{"data":"Clothesline","floor":13.0,"key":"SMITH"},{"data":"Twin Strike","floor":15.0,"key":"SMITH"},{"data":"Feed","floor":23.0,"key":"SMITH"},{"data":"Perfected Strike","floor":32.0,"key":"SMITH"},{"data":"Pommel Strike","floor":40.0,"key":"SMITH"},{"floor":42.0,"key":"REST"},{"data":"Battle Trance","floor":49.0,"key":"SMITH"}],"neow_cost":"NONE","seed_source_timestamp":846959086486513,"circlet_count":0,"master_deck":["Strike_R+1","Strike_R","Strike_R+1","Defend_R","Bash+1","Clothesline+1","Spot Weakness+1","Whirlwind+1","Battle Trance+1","Twin Strike+1","Rage+1","Feed+1","True Grit+1","True Grit+1","Flame Barrier+1","Perfected Strike+1","Seeing Red+1","Flex+1","Pommel Strike+1","Armaments+1","Bloodletting+1","Reaper","Flex+1","Pommel Strike+1","Seeing Red+1","Sword Boomerang+1","Flame Barrier+1","Dark Embrace+1","Flex+1","Shrug It Off+1"],"special_seed":0,"relics":["Burning Blood","Pear","Toxic Egg 2","Ornamental Fan","Whetstone","Runic Pyramid","Incense Burner","Du-Vu Doll","Bag of Marbles","Vajra","Velvet Choker","Bag of Preparation","Frozen Egg 2","Happy Flower","StoneCalendar","Self Forming Clay"],"potions_floor_usage":[50],"damage_taken":[{"damage":6.0,"enemies":"Jaw Worm","floor":1.0,"turns":3.0},{"damage":6.0,"enemies":"Cultist","floor":4.0,"turns":3.0},{"damage":7.0,"enemies":"2 Louse","floor":5.0,"turns":2.0},{"damage":21.0,"enemies":"Exordium Wildlife","floor":7.0,"turns":4.0},{"damage":18.0,"enemies":"3 Sentries","floor":8.0,"turns":3.0},{"damage":16.0,"enemies":"Lagavulin","floor":11.0,"turns":5.0},{"damage":15.0,"enemies":"The Guardian","floor":16.0,"turns":12.0},{"damage":3.0,"enemies":"3 Byrds","floor":18.0,"turns":3.0},{"damage":11.0,"enemies":"2 Thieves","floor":19.0,"turns":4.0},{"damage":43.0,"enemies":"Slavers","floor":24.0,"turns":4.0},{"damage":0.0,"enemies":"Gremlin Leader","floor":27.0,"turns":7.0},{"damage":18.0,"enemies":"Centurion and Healer","floor":29.0,"turns":4.0},{"damage":10.0,"enemies":"Snecko","floor":30.0,"turns":3.0},{"damage":11.0,"enemies":"Book of Stabbing","floor":31.0,"turns":4.0},{"damage":38.0,"enemies":"Collector","floor":33.0,"turns":7.0},{"damage":7.0,"enemies":"3 Darklings","floor":35.0,"turns":3.0},{"damage":1.0,"enemies":"Orb Walker","floor":36.0,"turns":3.0},{"damage":28.0,"enemies":"Spire Growth","floor":37.0,"turns":4.0},{"damage":8.0,"enemies":"Maw","floor":38.0,"turns":6.0},{"damage":3.0,"enemies":"4 Shapes","floor":41.0,"turns":1.0},{"damage":20.0,"enemies":"Reptomancer","floor":44.0,"turns":5.0},{"damage":5.0,"enemies":"Sphere and 2 Shapes","floor":45.0,"turns":4.0},{"damage":16.0,"enemies":"Giant Head","floor":46.0,"turns":5.0},{"damage":4.0,"enemies":"2 Orb Walkers","floor":47.0,"turns":4.0},{"damage":72,"enemies":"Donu and Deca","floor":50,"turns":8}],"seed_played":"-7691826254702947491","potions_obtained":[{"floor":4.0,"key":"Strength Potion"},{"floor":16.0,"key":"SteroidPotion"},{"floor":18.0,"key":"GamblersBrew"},{"floor":29.0,"key":"Regen Potion"},{"floor":30.0,"key":"EssenceOfSteel"},{"floor":31.0,"key":"SpeedPotion"},{"floor":37.0,"key":"Strength Potion"},{"floor":44.0,"key":"FairyPotion"},{"floor":45.0,"key":"AttackPotion"},{"floor":46.0,"key":"Block Potion"}],"is_trial":false,"path_per_floor":["M","?","$","M","M","R","M","E","T","R","E","?","R","T","R","B",null,"M","M","$","?","$","R","E","?","T","E","$","M","M","E","R","B",null,"M","M","M","M","?","R","M","R","T","E","M","E","?","T","R","B",null],"character_chosen":"IRONCLAD","items_purchased":["Spot Weakness","Flame Barrier+1","Flex+1"],"campfire_rested":1,"item_purchase_floors":[3,20,28],"current_hp_per_floor":[80,80,80,80,79,79,64,62,62,62,52,52,52,52,52,43,90,93,91,91,91,91,91,58,58,58,68,68,60,60,64,64,36,116,115,120,102,104,94,94,97,128,128,114,119,121,140,140,140,88],"gold":380,"neow_bonus":"UPGRADE_CARD","is_prod":false,"is_daily":false,"chose_seed":false,"campfire_upgraded":8,"win_rate":0,"timestamp":1549749650,"path_taken":["M","?","$","M","M","R","?","E","T","R","E","?","R","?","R","BOSS","M","M","$","?","?","R","E","?","T","E","$","M","M","E","R","BOSS","M","M","?","M","?","R","M","R","T","E","M","E","?","?","R","BOSS"],"build_version":"2019-02-06","purchased_purges":3,"victory":true,"max_hp_per_floor":[80,80,80,80,80,80,80,90,90,90,90,90,90,90,90,90,90,93,96,96,96,96,96,100,100,100,104,104,108,112,112,112,116,116,116,120,124,128,128,128,128,128,128,128,132,136,140,140,140,144],"card_choices":[{"not_picked":["Thunderclap","Pommel Strike"],"picked":"Clothesline","floor":1.0},{"not_picked":["Pommel Strike","Iron Wave"],"picked":"Whirlwind","floor":4.0},{"not_picked":["Sword Boomerang","Anger"],"picked":"Battle Trance","floor":5.0},{"not_picked":["Warcry","Clothesline","Havoc"],"picked":"SKIP","floor":7.0},{"not_picked":["Second Wind","Hemokinesis"],"picked":"Twin Strike","floor":8.0},{"not_picked":["Evolve","Whirlwind"],"picked":"Rage+1","floor":11.0},{"not_picked":["Brutality","Berserk"],"picked":"Feed","floor":16.0},{"not_picked":["Burning Pact+1","Second Wind+1"],"picked":"True Grit+1","floor":18.0},{"not_picked":["Feel No Pain","Sever Soul"],"picked":"True Grit+1","floor":19.0},{"not_picked":["Metallicize","Uppercut"],"picked":"Seeing Red+1","floor":24.0},{"not_picked":["Fire Breathing","Corruption","Iron Wave"],"picked":"SKIP","floor":27.0},{"not_picked":["Heavy Blade","Sword Boomerang"],"picked":"Pommel Strike","floor":29.0},{"not_picked":["Blood for Blood+1","Heavy Blade"],"picked":"Armaments+1","floor":30.0},{"not_picked":["Heavy Blade+1","Headbutt+1"],"picked":"Bloodletting+1","floor":31.0},{"not_picked":["Fiend Fire","Brutality"],"picked":"Reaper","floor":33.0},{"not_picked":["Clothesline","Sword Boomerang+1"],"picked":"Flex+1","floor":35.0},{"not_picked":["Rampage","Havoc+1"],"picked":"Pommel Strike+1","floor":36.0},{"not_picked":["True Grit+1","Cleave"],"picked":"Seeing Red+1","floor":37.0},{"not_picked":["Clash","Intimidate+1"],"picked":"Sword Boomerang+1","floor":38.0},{"not_picked":["Carnage+1","Pummel"],"picked":"Flame Barrier+1","floor":41.0},{"not_picked":["True Grit+1","Armaments+1"],"picked":"Dark Embrace","floor":44.0},{"not_picked":["Clash+1","Battle Trance+1"],"picked":"Flex+1","floor":45.0},{"not_picked":["Reckless Charge","Shockwave+1"],"picked":"Shrug It Off+1","floor":46.0}],"player_experience":1309196,"relics_obtained":[{"floor":8.0,"key":"Pear"},{"floor":9.0,"key":"Toxic Egg 2"},{"floor":11.0,"key":"Ornamental Fan"},{"floor":14.0,"key":"Whetstone"},{"floor":24.0,"key":"Incense Burner"},{"floor":26.0,"key":"Du-Vu Doll"},{"floor":27.0,"key":"Bag of Marbles"},{"floor":31.0,"key":"Vajra"},{"floor":43.0,"key":"Bag of Preparation"},{"floor":44.0,"key":"Frozen Egg 2"},{"floor":46.0,"key":"Happy Flower"},{"floor":47.0,"key":"StoneCalendar"},{"floor":48.0,"key":"Self Forming Clay"}],"event_choices":[{"damage_healed":0.0,"max_hp_gain":0.0,"max_hp_loss":0.0,"gold_gain":0.0,"event_name":"NoteForYourself","player_choice":"Ignored","floor":2.0,"gold_loss":0.0,"damage_taken":0.0},{"cards_removed":["Strike_R"],"damage_healed":0.0,"max_hp_gain":0.0,"max_hp_loss":0.0,"gold_gain":0.0,"event_name":"Living Wall","player_choice":"Forget","floor":12.0,"gold_loss":0.0,"damage_taken":0.0},{"damage_healed":0.0,"max_hp_gain":0.0,"max_hp_loss":0.0,"gold_gain":0.0,"cards_transformed":["Defend_R"],"event_name":"Transmorgrifier","player_choice":"Transformed","floor":21.0,"gold_loss":0.0,"damage_taken":0.0,"cards_obtained":["Perfected Strike"]},{"damage_healed":0.0,"max_hp_gain":0.0,"max_hp_loss":0.0,"gold_gain":100.0,"event_name":"The Joust","player_choice":"Bet on Murderer","floor":25.0,"gold_loss":50.0,"damage_taken":0.0},{"damage_healed":0.0,"max_hp_gain":0.0,"max_hp_loss":0.0,"gold_gain":0.0,"event_name":"SensoryStone","player_choice":"Memory 3","floor":39.0,"gold_loss":0.0,"damage_taken":10.0},{"damage_healed":0.0,"max_hp_gain":0.0,"max_hp_loss":0.0,"gold_gain":0.0,"event_name":"Mysterious Sphere","player_choice":"Fight","floor":47.0,"gold_loss":0.0,"damage_taken":0.0}],"is_beta":true,"boss_relics":[{"not_picked":["Eternal Feather","White Beast Statue"],"picked":"Runic Pyramid"},{"not_picked":["Empty Cage","Black Blood"],"picked":"Velvet Choker"}],"items_purged_floors":[3,20,28],"is_endless":false,"potions_floor_spawned":[4,16,18,29,30,31,37,44,45,46],"ascension_level":1}