{"gold_per_floor":[19,19,37,55,45,45,55,83,108,119,48,60,60,87,87,164,164,164,164],"floor_reached":19,"playtime":892,"items_purged":[],"score":317,"play_id":"c61b3087-9902-4659-be55-33e10b10fad3","local_time":"20181103011147","is_ascension_mode":true,"campfire_choices":[{"data":"Caltrops","floor":6,"key":"SMITH"},{"floor":13,"key":"REST"},{"data":"Noxious Fumes","floor":15,"key":"SMITH"}],"neow_cost":"NO_GOLD","seed_source_timestamp":566427107620541,"circlet_count":0,"master_deck":["AscendersBane","Defend_G","Defend_G","Defend_G","Defend_G","Defend_G","Strike_G","Strike_G","Strike_G","Strike_G","Strike_G","Survivor","Neutralize","Bullet Time","Flying Knee","Flying Knee","Caltrops+1","Deadly Poison","PiercingWail","Noxious Fumes+1","Bouncing Flask","Corpse Explosion"],"relics":["Ring of the Snake","FaceOfCleric","Bottled Tornado","Centennial Puzzle","PreservedInsect","Ectoplasm"],"potions_floor_usage":[8,10,14,16,18,18],"damage_taken":[{"damage":0,"enemies":"Cultist","floor":1,"turns":4},{"damage":0,"enemies":"Jaw Worm","floor":3,"turns":7},{"damage":0,"enemies":"2 Louse","floor":4,"turns":4},{"damage":11,"enemies":"Exordium Thugs","floor":5,"turns":6},{"damage":6,"enemies":"Looter","floor":7,"turns":3},{"damage":44,"enemies":"Gremlin Nob","floor":8,"turns":6},{"damage":1,"enemies":"Red Slaver","floor":10,"turns":3},{"damage":6,"enemies":"Blue Slaver","floor":12,"turns":5},{"damage":14,"enemies":"3 Sentries","floor":14,"turns":7},{"damage":1,"enemies":"Hexaghost","floor":16,"turns":7},{"damage":24,"enemies":"Chosen","floor":18,"turns":4},{"damage":39,"enemies":"Colosseum Slavers","floor":19,"turns":3}],"seed_played":"-759229036474409581","potions_obtained":[{"floor":3,"key":"Regen Potion"},{"floor":5,"key":"Weak Potion"},{"floor":10,"key":"PowerPotion"},{"floor":12,"key":"SkillPotion"},{"floor":14,"key":"Strength Potion"},{"floor":16,"key":"AttackPotion"}],"is_trial":false,"path_per_floor":["M","?","M","M","M","R","M","E","T","M","$","M","R","E","R","B",null,"M","?"],"character_chosen":"THE_SILENT","items_purchased":["Noxious Fumes"],"campfire_rested":1,"item_purchase_floors":[11],"current_hp_per_floor":[59,59,60,61,51,51,46,3,3,12,12,7,28,15,15,15,60,37,0],"gold":164,"neow_bonus":"THREE_RARE_CARDS","is_prod":false,"is_daily":false,"chose_seed":false,"campfire_upgraded":2,"win_rate":0,"timestamp":1541229107,"path_taken":["M","?","M","?","M","R","M","E","T","M","$","M","R","E","R","BOSS","M","?"],"build_version":"2018-11-01v2","purchased_purges":0,"victory":false,"max_hp_per_floor":[66,66,67,68,69,69,70,71,71,72,72,73,73,74,74,75,75,76,76],"card_choices":[{"not_picked":["Grand Finale","Venomology"],"picked":"Bullet Time","floor":0},{"not_picked":["Outmaneuver","Prepared"],"picked":"Flying Knee","floor":1},{"not_picked":["Quick Slash","Skewer"],"picked":"Flying Knee","floor":3},{"not_picked":["Dodge and Roll","Bane","Sucker Punch"],"picked":"SKIP","floor":4},{"not_picked":["Poisoned Stab","Flechettes"],"picked":"Caltrops","floor":5},{"not_picked":["Choke","Blade Dance"],"picked":"Deadly Poison","floor":7},{"not_picked":["Acrobatics","Bane"],"picked":"PiercingWail","floor":8},{"not_picked":["Acrobatics","Expertise","Flechettes"],"picked":"SKIP","floor":10},{"not_picked":["Choke","Malaise"],"picked":"Bouncing Flask","floor":12},{"not_picked":["Bane","Dodge and Roll","Calculated Gamble"],"picked":"SKIP","floor":14},{"not_picked":["Adrenaline","Storm of Steel"],"picked":"Corpse Explosion","floor":16},{"not_picked":["Dodge and Roll","Blade Dance","Underhanded Strike"],"picked":"SKIP","floor":18}],"player_experience":1081396,"relics_obtained":[{"floor":8,"key":"Bottled Tornado"},{"floor":9,"key":"Centennial Puzzle"},{"floor":14,"key":"PreservedInsect"}],"event_choices":[{"damage_healed":0,"gold_gain":0,"player_choice":"Trade","damage_taken":0,"relics_obtained":["FaceOfCleric"],"max_hp_gain":0,"max_hp_loss":0,"event_name":"FaceTrader","floor":2,"gold_loss":0},{"damage_healed":0,"gold_gain":0,"player_choice":"Fight","damage_taken":0,"max_hp_gain":0,"max_hp_loss":0,"event_name":"Colosseum","floor":19,"gold_loss":0}],"is_beta":true,"boss_relics":[{"not_picked":["Lizard Tail","Runic Dome"],"picked":"Ectoplasm"}],"items_purged_floors":[],"is_endless":false,"potions_floor_spawned":[3,5,10,12,14,16],"killed_by":"Colosseum Slavers","ascension_level":15}