{"gold_per_floor":[109,109,34,46,57,89,89,89,89,114,141,141,167,184,184,184],"floor_reached":16,"playtime":19710,"items_purged":["Strike_R"],"score":130,"play_id":"5e591a82-42c3-48a3-832c-046c15c287d8","local_time":"20190218163347","is_ascension_mode":true,"campfire_choices":[{"floor":12,"key":"REST"},{"floor":15,"key":"REST"}],"neow_cost":"PERCENT_DAMAGE","seed_source_timestamp":2604411539804062,"circlet_count":0,"master_deck":["Strike_R","Strike_R","Strike_R","Defend_R","Defend_R","Defend_R","Defend_R","Bash","Disarm","Twin Strike","Shrug It Off","Double Tap","Flame Barrier","Cleave","Heavy Blade","Ghostly Armor"],"relics":["Burning Blood","Mummified Hand","Question Card","Bottled Flame","Smiling Mask","Oddly Smooth Stone","Ornamental Fan"],"potions_floor_usage":[16],"damage_taken":[{"damage":5,"enemies":"Cultist","floor":1,"turns":4},{"damage":3,"enemies":"Small Slimes","floor":4,"turns":4},{"damage":7,"enemies":"Jaw Worm","floor":5,"turns":5},{"damage":32,"enemies":"Gremlin Nob","floor":6,"turns":5},{"damage":42,"enemies":"Lagavulin","floor":10,"turns":9},{"damage":31,"enemies":"Gremlin Nob","floor":13,"turns":5},{"damage":12,"enemies":"3 Louse","floor":14,"turns":6},{"damage":53,"enemies":"Slime Boss","floor":16,"turns":10}],"seed_played":"5766326141503529687","potions_obtained":[{"floor":6,"key":"SteroidPotion"},{"floor":10,"key":"Dexterity Potion"},{"floor":14,"key":"Fire Potion"}],"is_trial":false,"path_per_floor":["M","?","$","M","M","E","T","?","T","E","T","R","E","M","R","B"],"character_chosen":"IRONCLAD","items_purchased":[],"campfire_rested":2,"item_purchase_floors":[],"current_hp_per_floor":[57,90,90,90,89,63,63,63,63,27,27,54,29,23,50,0],"gold":184,"neow_bonus":"THREE_RARE_CARDS","is_prod":false,"is_daily":false,"chose_seed":false,"campfire_upgraded":0,"win_rate":0,"timestamp":1550507627,"path_taken":["M","?","$","M","?","E","?","?","T","E","?","R","E","M","R","BOSS"],"build_version":"2019-01-23","purchased_purges":1,"victory":false,"max_hp_per_floor":[80,90,90,90,90,90,90,90,90,90,90,90,90,90,90,90],"card_choices":[{"not_picked":["Bludgeon","Berserk"],"picked":"Limit Break","floor":0},{"not_picked":["Warcry","Heavy Blade"],"picked":"Disarm","floor":1},{"not_picked":["Havoc","Blood for Blood"],"picked":"Twin Strike","floor":4},{"not_picked":["Disarm","Second Wind"],"picked":"Shrug It Off","floor":5},{"not_picked":["Bludgeon","Headbutt"],"picked":"Double Tap","floor":6},{"not_picked":["Infernal Blade","Feed","Thunderclap"],"picked":"Cleave","floor":10},{"not_picked":["Thunderclap","Limit Break","Wild Strike"],"picked":"Heavy Blade","floor":13},{"not_picked":["Thunderclap","Heavy Blade","Rupture"],"picked":"Ghostly Armor","floor":14}],"player_experience":924267,"relics_obtained":[{"floor":6,"key":"Mummified Hand"},{"floor":7,"key":"Question Card"},{"floor":9,"key":"Bottled Flame"},{"floor":10,"key":"Smiling Mask"},{"floor":11,"key":"Oddly Smooth Stone"},{"floor":13,"key":"Ornamental Fan"}],"event_choices":[{"cards_removed":["Limit Break"],"damage_healed":23,"gold_gain":0,"player_choice":"Offered Rare","damage_taken":0,"max_hp_gain":10,"max_hp_loss":0,"event_name":"Bonfire Elementals","floor":2,"gold_loss":0},{"damage_healed":0,"gold_gain":0,"cards_transformed":["Strike_R"],"player_choice":"Change","damage_taken":0,"max_hp_gain":0,"max_hp_loss":0,"event_name":"Living Wall","floor":8,"gold_loss":0,"cards_obtained":["Flame Barrier"]}],"is_beta":false,"boss_relics":[],"items_purged_floors":[3],"is_endless":false,"potions_floor_spawned":[6,10,14],"killed_by":"Slime Boss","ascension_level":2}