{"gold_per_floor":[215,215,215,215,225,241,267,267,267,284,299,299,45,60,60,164,164,181,199,199,217,217,217],"floor_reached":23,"playtime":788,"items_purged":[],"score":281,"play_id":"863a3614-4707-4f9d-b0f7-ec4d7230e940","local_time":"20181107170621","is_ascension_mode":true,"campfire_choices":[{"data":"Blade Dance","floor":8,"key":"SMITH"},{"data":"Blade Dance","floor":12,"key":"SMITH"},{"data":"Neutralize","floor":15,"key":"SMITH"}],"neow_cost":"NONE","seed_source_timestamp":971105676158150,"circlet_count":0,"master_deck":["Defend_G","Defend_G","Defend_G","Defend_G","Defend_G","Strike_G","Strike_G","Survivor","Neutralize+1","Backflip","Infinite Blades","Blade Dance+1","Deflect","Blade Dance+1","Infinite Blades","Dagger Spray","Glass Knife","Phantasmal Killer+1","Tools of the Trade+1","Dodge and Roll+1","Slice","Bullet Time","Riddle With Holes"],"relics":["Ring of the Snake","Kunai","Shuriken","Astrolabe"],"potions_floor_usage":[7,7,7,16,23],"damage_taken":[{"damage":0,"enemies":"2 Louse","floor":1,"turns":4},{"damage":2,"enemies":"Small Slimes","floor":5,"turns":5},{"damage":7,"enemies":"Cultist","floor":6,"turns":4},{"damage":0,"enemies":"Gremlin Nob","floor":7,"turns":3},{"damage":2,"enemies":"Looter","floor":10,"turns":3},{"damage":4,"enemies":"Exordium Thugs","floor":11,"turns":5},{"damage":3,"enemies":"Blue Slaver","floor":14,"turns":4},{"damage":0,"enemies":"Slime Boss","floor":16,"turns":4},{"damage":9,"enemies":"Chosen","floor":18,"turns":5},{"damage":7,"enemies":"2 Thieves","floor":19,"turns":5},{"damage":22,"enemies":"Snake Plant","floor":21,"turns":7},{"damage":26,"enemies":"Colosseum Slavers","floor":22,"turns":5},{"damage":20,"enemies":"Slavers","floor":23,"turns":1}],"seed_played":"4626814053621315610","potions_obtained":[{"floor":4,"key":"AttackPotion"},{"floor":4,"key":"SteroidPotion"},{"floor":4,"key":"Explosive Potion"},{"floor":5,"key":"Fire Potion"},{"floor":7,"key":"Poison Potion"},{"floor":11,"key":"SteroidPotion"},{"floor":19,"key":"FearPotion"}],"is_trial":false,"path_per_floor":["M","$","?","?","M","M","E","R","T","M","M","R","$","M","R","B",null,"M","M","?","M","?","E"],"character_chosen":"THE_SILENT","items_purchased":["Shuriken"],"campfire_rested":0,"item_purchase_floors":[13],"current_hp_per_floor":[70,70,75,75,73,66,66,66,66,64,60,60,60,57,57,57,75,66,59,59,37,11,0],"gold":217,"neow_bonus":"HUNDRED_GOLD","is_prod":false,"is_daily":false,"chose_seed":true,"campfire_upgraded":3,"win_rate":0,"timestamp":1541635581,"path_taken":["M","$","?","?","?","M","E","R","T","M","M","R","$","M","R","BOSS","M","M","?","?","?","E"],"build_version":"2018-11-06","purchased_purges":0,"victory":false,"max_hp_per_floor":[70,70,75,75,75,75,75,75,75,75,75,75,75,75,75,75,75,75,75,75,75,75,75],"card_choices":[{"not_picked":["Calculated Gamble","Acrobatics"],"picked":"Backflip","floor":1},{"not_picked":["Expertise","Acrobatics"],"picked":"Infinite Blades","floor":5},{"not_picked":["Dash","Flying Knee"],"picked":"Blade Dance","floor":6},{"not_picked":["Outmaneuver","Dash"],"picked":"Deflect","floor":7},{"not_picked":["Deadly Poison","Noxious Fumes"],"picked":"Blade Dance","floor":10},{"not_picked":["Dagger Throw","Escape Plan"],"picked":"Infinite Blades","floor":11},{"not_picked":["Eviscerate","Skewer"],"picked":"Dagger Spray","floor":14},{"not_picked":["Corpse Explosion","Bullet Time"],"picked":"Glass Knife","floor":16},{"not_picked":["Sucker Punch+1","Deflect"],"picked":"Dodge and Roll+1","floor":18},{"not_picked":["Crippling Poison","Tactician"],"picked":"Slice","floor":19},{"not_picked":["Setup","Deadly Poison"],"picked":"Riddle With Holes","floor":21}],"player_experience":1126272,"relics_obtained":[{"floor":7,"key":"Kunai"}],"event_choices":[{"damage_healed":0,"gold_gain":0,"player_choice":"Donut","damage_taken":0,"max_hp_gain":5,"max_hp_loss":0,"event_name":"Big Fish","floor":3,"gold_loss":0},{"damage_healed":0,"gold_gain":0,"player_choice":"Got Potions","damage_taken":0,"max_hp_gain":0,"max_hp_loss":0,"event_name":"Lab","floor":4,"gold_loss":0},{"damage_healed":0,"gold_gain":0,"cards_transformed":["Deadly Poison"],"player_choice":"Transformed","damage_taken":0,"max_hp_gain":0,"max_hp_loss":0,"event_name":"Transmorgrifier","floor":20,"gold_loss":0,"cards_obtained":["Bullet Time"]},{"damage_healed":0,"gold_gain":0,"player_choice":"Fight","damage_taken":0,"max_hp_gain":0,"max_hp_loss":0,"event_name":"Colosseum","floor":22,"gold_loss":0},{"damage_healed":0,"gold_gain":0,"player_choice":"Fled From Nobs","damage_taken":0,"max_hp_gain":0,"max_hp_loss":0,"event_name":"Colosseum","floor":22,"gold_loss":0}],"is_beta":true,"boss_relics":[{"not_picked":["Lizard Tail","Calling Bell"],"picked":"Astrolabe"}],"items_purged_floors":[],"is_endless":false,"potions_floor_spawned":[5,6,7,11,19],"killed_by":"Slavers","ascension_level":1}