{"gold_per_floor":[113,131,143,23,23,23,41,41,123,139,171,189,189,30,30,30],"floor_reached":16,"playtime":619,"items_purged":["Strike_R"],"score":194,"play_id":"ad7a7d81-6a77-4990-a469-22d57dc5edab","local_time":"20181203191027","is_ascension_mode":true,"campfire_choices":[{"data":"Spot Weakness","floor":6,"key":"SMITH"},{"data":"Armaments","floor":8,"key":"SMITH"},{"data":"Demon Form","floor":13,"key":"SMITH"},{"data":"Berserk","floor":15,"key":"SMITH"}],"neow_cost":"NONE","seed_source_timestamp":1731037288751216,"circlet_count":0,"master_deck":["AscendersBane","Strike_R","Strike_R","Strike_R","Defend_R","Defend_R","Defend_R","Defend_R","Bash","Pommel Strike","Body Slam","Armaments+1","Spot Weakness+1","Ghostly Armor","Berserk+1","Clothesline","Sword Boomerang","Demon Form+1","Flame Barrier","Pummel"],"relics":["Burning Blood","Ornamental Fan","Bronze Scales"],"potions_floor_usage":[11,12],"damage_taken":[{"damage":12,"enemies":"Small Slimes","floor":1,"turns":5},{"damage":1,"enemies":"Cultist","floor":2,"turns":3},{"damage":4,"enemies":"2 Louse","floor":3,"turns":4},{"damage":0,"enemies":"2 Fungi Beasts","floor":7,"turns":4},{"damage":42,"enemies":"Large Slime","floor":10,"turns":6},{"damage":19,"enemies":"Lagavulin","floor":11,"turns":6},{"damage":11,"enemies":"Lots of Slimes","floor":12,"turns":4},{"damage":29,"enemies":"The Guardian","floor":16,"turns":6}],"seed_played":"5145395167772295014","potions_obtained":[{"floor":2,"key":"Swift Potion"},{"floor":10,"key":"Block Potion"}],"is_trial":false,"path_per_floor":["M","M","M","$","?","R","M","R","T","M","E","M","R","$","R","B"],"character_chosen":"IRONCLAD","items_purchased":["Spot Weakness","Ghostly Armor","Pummel"],"campfire_rested":0,"item_purchase_floors":[4,4,14],"current_hp_per_floor":[69,74,76,76,76,76,82,82,82,46,33,28,28,28,28,0],"gold":30,"neow_bonus":"TEN_PERCENT_HP_BONUS","is_prod":false,"is_daily":false,"chose_seed":false,"campfire_upgraded":4,"win_rate":0,"timestamp":1543889427,"path_taken":["M","M","M","$","?","R","M","R","T","M","E","M","R","$","R","BOSS"],"build_version":"2018-11-15","purchased_purges":1,"victory":false,"max_hp_per_floor":[82,82,82,82,82,82,82,82,82,82,82,82,82,82,82,82],"card_choices":[{"not_picked":["Headbutt","Armaments"],"picked":"Pommel Strike","floor":1},{"not_picked":["Headbutt","Burning Pact"],"picked":"Body Slam","floor":2},{"not_picked":["Rage","Flex"],"picked":"Armaments","floor":3},{"not_picked":["Iron Wave","Clash"],"picked":"Clothesline","floor":7},{"not_picked":["Twin Strike","Bloodletting"],"picked":"Sword Boomerang","floor":10},{"not_picked":["Clothesline","Wild Strike"],"picked":"Demon Form","floor":11},{"not_picked":["Flex","Thunderclap"],"picked":"Flame Barrier","floor":12}],"player_experience":1162246,"relics_obtained":[{"floor":9,"key":"Ornamental Fan"},{"floor":11,"key":"Bronze Scales"}],"event_choices":[{"damage_healed":0,"gold_gain":0,"cards_transformed":["Strike_R"],"player_choice":"Transformed","damage_taken":0,"max_hp_gain":0,"max_hp_loss":0,"event_name":"Transmorgrifier","floor":5,"gold_loss":0,"cards_obtained":["Berserk"]}],"is_beta":true,"boss_relics":[],"items_purged_floors":[14],"is_endless":false,"potions_floor_spawned":[2,10],"killed_by":"The Guardian","ascension_level":18}