{"gold_per_floor":[14,14,31,44,59,74,103,103,103,103,55,66,96,113,113,210,210,226,226,238,62,162,162,188,204,204,214,214,226,226,244,244,342,342,362,362,417,116,130,130,162,162,162,162,49,49,68,85,85,85,85,85,0,25,25],"floor_reached":56,"playtime":3538,"items_purged":["Strike_G"],"score":1438,"play_id":"7944499b-bf02-4e4a-9fd4-a2149e79148b","local_time":"20181123233424","is_ascension_mode":true,"campfire_choices":[{"floor":8.0,"key":"REST"},{"data":"Noxious Fumes","floor":15.0,"key":"SMITH"},{"data":"Tools of the Trade","floor":23.0,"key":"SMITH"},{"data":"Malaise","floor":28.0,"key":"SMITH"},{"data":"Neutralize","floor":30.0,"key":"SMITH"},{"data":"Catalyst","floor":32.0,"key":"SMITH"},{"data":"After Image","floor":40.0,"key":"SMITH"},{"data":"Backflip","floor":42.0,"key":"SMITH"},{"data":"Cloak And Dagger","floor":44.0,"key":"SMITH"},{"data":"Neutralize","floor":46.0,"key":"SMITH"},{"floor":49.0,"key":"RECALL"},{"data":"Catalyst","floor":52,"key":"SMITH"}],"neow_cost":"NO_GOLD","seed_source_timestamp":0,"circlet_count":0,"master_deck":["Defend_G","Defend_G","Defend_G","Defend_G","Strike_G","Strike_G","Survivor","Neutralize+1","Noxious Fumes+1","Backstab","Blur","Escape Plan","Deadly Poison","Die Die Die","Neutralize+1","Dagger Spray","Cloak And Dagger+1","Quick Slash","Deadly Poison","Outmaneuver","Tools of the Trade+1","PiercingWail+1","Backflip","Outmaneuver+1","Backflip","Malaise+1","Catalyst+1","Backstab","Leg Sweep+1","Deflect","PiercingWail+1","After Image+1","Quick Slash+1","Setup+1","Well Laid Plans","Finisher","Backflip+1","Infinite Blades","Catalyst+1","Backflip","Tactician+1","Bouncing Flask","Acrobatics"],"special_seed":0,"relics":["Ring of the Snake","Thread and Needle","Centennial Puzzle","Coffee Dripper","Bottled Lightning","Letter Opener","Eternal Feather","Mango","Boot","Gremlin Horn","Ornamental Fan","StoneCalendar"],"potions_floor_usage":[55,55],"damage_taken":[{"damage":3.0,"enemies":"Jaw Worm","floor":1.0,"turns":4.0},{"damage":0.0,"enemies":"Small Slimes","floor":3.0,"turns":4.0},{"damage":0.0,"enemies":"Cultist","floor":4.0,"turns":3.0},{"damage":13.0,"enemies":"Blue Slaver","floor":5.0,"turns":5.0},{"damage":12.0,"enemies":"Exordium Thugs","floor":6.0,"turns":5.0},{"damage":32.0,"enemies":"Gremlin Nob","floor":7.0,"turns":6.0},{"damage":0.0,"enemies":"3 Louse","floor":12.0,"turns":1.0},{"damage":5.0,"enemies":"3 Sentries","floor":13.0,"turns":6.0},{"damage":0.0,"enemies":"Gremlin Gang","floor":14.0,"turns":3.0},{"damage":0.0,"enemies":"Hexaghost","floor":16.0,"turns":8.0},{"damage":6.0,"enemies":"Shell Parasite","floor":18.0,"turns":5.0},{"damage":15.0,"enemies":"2 Thieves","floor":20.0,"turns":4.0},{"damage":25.0,"enemies":"Gremlin Leader","floor":24.0,"turns":7.0},{"damage":0.0,"enemies":"Chosen and Byrds","floor":25.0,"turns":7.0},{"damage":0.0,"enemies":"Shelled Parasite and Fungi","floor":27.0,"turns":6.0},{"damage":4.0,"enemies":"Cultist and Chosen","floor":29.0,"turns":7.0},{"damage":0.0,"enemies":"3 Cultists","floor":31.0,"turns":4.0},{"damage":23.0,"enemies":"Automaton","floor":33.0,"turns":10.0},{"damage":0.0,"enemies":"Orb Walker","floor":35.0,"turns":5.0},{"damage":5.0,"enemies":"2 Orb Walkers","floor":37.0,"turns":7.0},{"damage":0.0,"enemies":"3 Shapes","floor":39.0,"turns":3.0},{"damage":10.0,"enemies":"Nemesis","floor":41.0,"turns":9.0},{"damage":0.0,"enemies":"Maw","floor":47.0,"turns":7.0},{"damage":8.0,"enemies":"3 Darklings","floor":48.0,"turns":6.0},{"damage":78.0,"enemies":"Donu and Deca","floor":50.0,"turns":12.0},{"damage":30,"enemies":"Shield and Spear","floor":54,"turns":8},{"damage":53,"enemies":"The Heart","floor":55,"turns":11}],"seed_played":"600610230467975989","potions_obtained":[{"floor":1.0,"key":"Weak Potion"},{"floor":3.0,"key":"PowerPotion"},{"floor":7.0,"key":"AttackPotion"},{"floor":13.0,"key":"Poison Potion"},{"floor":20.0,"key":"GhostInAJar"},{"floor":24.0,"key":"Regen Potion"},{"floor":29.0,"key":"Block Potion"},{"floor":35.0,"key":"FearPotion"},{"floor":39.0,"key":"SteroidPotion"}],"is_trial":false,"path_per_floor":["M","?","M","M","M","M","E","R","T","?","$","M","E","M","R","B",null,"M","?","M","$","?","R","E","M","T","M","R","M","R","M","R","B",null,"M","?","?","$","M","R","E","R","T","R","$","R","M","M","R","B",null,"R","$","E","B",null],"character_chosen":"THE_SILENT","items_purchased":["Cloak And Dagger","Backflip","Malaise","Well Laid Plans","Boot","Infinite Blades","Catalyst","Bouncing Flask","PowerPotion"],"campfire_rested":1,"item_purchase_floors":[11,21,21,38,38,45,45,53,53],"current_hp_per_floor":[67,72,72,72,59,47,15,37,37,37,37,37,32,32,32,32,75,69,69,54,54,54,54,29,29,29,29,29,25,25,25,25,17,75,75,75,84,84,84,89,79,89,89,89,89,89,89,81,89,11,89,89,89,59,6],"gold":25,"neow_bonus":"REMOVE_TWO","is_prod":false,"is_daily":false,"chose_seed":false,"campfire_upgraded":10,"win_rate":0,"timestamp":1543023264,"path_taken":["M","?","M","M","M","M","E","R","T","?","$","?","E","M","R","BOSS","M","?","M","?","?","R","E","M","T","M","R","?","R","M","R","BOSS","M","?","?","?","M","R","E","R","T","R","$","R","M","M","R","BOSS","R","$","E","BOSS"],"build_version":"2018-11-15","purchased_purges":1,"victory":true,"max_hp_per_floor":[70,75,75,75,75,75,75,75,75,75,75,75,75,75,75,75,75,75,75,75,75,75,75,75,75,75,75,75,75,75,75,75,75,75,75,75,89,89,89,89,89,89,89,89,89,89,89,89,89,89,89,89,89,89,89],"card_choices":[{"not_picked":["Outmaneuver","Underhanded Strike"],"picked":"Noxious Fumes","floor":1.0},{"not_picked":["Accuracy","Noxious Fumes"],"picked":"Backstab","floor":3.0},{"not_picked":["Bane","Prepared"],"picked":"Blur","floor":4.0},{"not_picked":["Acrobatics","Calculated Gamble"],"picked":"Escape Plan","floor":5.0},{"not_picked":["Slice","Dash"],"picked":"Deadly Poison","floor":6.0},{"not_picked":["Bane","Predator"],"picked":"Die Die Die","floor":7.0},{"not_picked":["Underhanded Strike","Flying Knee"],"picked":"Quick Slash","floor":12.0},{"not_picked":["Choke","Dodge and Roll"],"picked":"Deadly Poison","floor":13.0},{"not_picked":["Blade Dance","Expertise"],"picked":"Outmaneuver","floor":14.0},{"not_picked":["Envenom","Grand Finale"],"picked":"Tools of the Trade","floor":16.0},{"not_picked":["Distraction","Flechettes"],"picked":"PiercingWail+1","floor":18.0},{"not_picked":["Sucker Punch","Slice"],"picked":"Outmaneuver+1","floor":20.0},{"not_picked":["Infinite Blades","A Thousand Cuts"],"picked":"Catalyst","floor":24.0},{"not_picked":["Flying Knee","Acrobatics"],"picked":"Backstab","floor":25.0},{"not_picked":["Cloak And Dagger","Masterful Stab"],"picked":"Leg Sweep+1","floor":27.0},{"not_picked":["Choke","Poisoned Stab+1"],"picked":"Deflect","floor":29.0},{"not_picked":["Deadly Poison","Flechettes"],"picked":"PiercingWail+1","floor":31.0},{"not_picked":["Tools of the Trade","Venomology"],"picked":"After Image","floor":33.0},{"not_picked":["Heel Hook","Caltrops+1"],"picked":"Quick Slash+1","floor":35.0},{"not_picked":["Cloak And Dagger","Sucker Punch"],"picked":"Setup+1","floor":37.0},{"not_picked":["Outmaneuver","Quick Slash"],"picked":"Finisher","floor":39.0},{"not_picked":["Finisher","Expertise"],"picked":"Backflip","floor":41.0},{"not_picked":["Prepared+1","Masterful Stab"],"picked":"Backflip","floor":47.0},{"not_picked":["Dagger Throw+1","Poisoned Stab+1"],"picked":"Tactician+1","floor":48.0},{"not_picked":["Poisoned Stab+1","Distraction"],"picked":"Acrobatics","floor":54}],"player_experience":164388,"relics_obtained":[{"floor":7.0,"key":"Thread and Needle"},{"floor":13.0,"key":"Centennial Puzzle"},{"floor":24.0,"key":"Bottled Lightning"},{"floor":26.0,"key":"Letter Opener"},{"floor":37.0,"key":"Mango"},{"floor":41.0,"key":"Gremlin Horn"},{"floor":43.0,"key":"Ornamental Fan"},{"floor":54,"key":"StoneCalendar"}],"event_choices":[{"damage_healed":0.0,"max_hp_gain":5.0,"max_hp_loss":0.0,"gold_gain":0.0,"event_name":"Big Fish","player_choice":"Donut","floor":2.0,"gold_loss":0.0,"damage_taken":0.0},{"damage_healed":0.0,"max_hp_gain":0.0,"max_hp_loss":0.0,"gold_gain":0.0,"event_name":"Match and Keep!","player_choice":"2 cards matched","floor":10.0,"gold_loss":0.0,"damage_taken":0.0,"cards_obtained":["Neutralize","Dagger Spray"]},{"damage_healed":0.0,"max_hp_gain":0.0,"max_hp_loss":0.0,"gold_gain":0.0,"event_name":"The Library","player_choice":"Read","floor":19.0,"gold_loss":0.0,"damage_taken":0.0,"cards_obtained":["Backflip"]},{"damage_healed":0.0,"max_hp_gain":0.0,"max_hp_loss":0.0,"gold_gain":100.0,"event_name":"Golden Shrine","player_choice":"Pray","floor":22.0,"gold_loss":0.0,"damage_taken":0.0},{"cards_removed":["Strike_G"],"damage_healed":0.0,"max_hp_gain":0.0,"max_hp_loss":0.0,"gold_gain":0.0,"event_name":"Falling","player_choice":"Removed Attack","floor":36.0,"gold_loss":0.0,"damage_taken":0.0},{"damage_healed":0.0,"max_hp_gain":0.0,"max_hp_loss":0.0,"gold_gain":0.0,"event_name":"Mysterious Sphere","player_choice":"Fight","floor":37.0,"gold_loss":0.0,"damage_taken":0.0}],"is_beta":false,"boss_relics":[{"not_picked":["Pandora\u0027s Box","Snecko Eye"],"picked":"Coffee Dripper"},{"not_picked":["Philosopher\u0027s Stone","Velvet Choker"],"picked":"Eternal Feather"}],"items_purged_floors":[38],"is_endless":false,"potions_floor_spawned":[1,3,7,13,20,24,29,31,35,39,54],"ascension_level":2}