{"gold_per_floor":[214,225,241,253,265,294,294,324,348,368,382,382,407,39,39,135,135,118,217,229,239,139,169,169],"floor_reached":24,"playtime":1034,"items_purged":["Strike_R","Decay"],"score":221,"play_id":"dab6a1df-997d-4538-90d7-87b05761f607","local_time":"20181020111425","is_ascension_mode":true,"campfire_choices":[{"data":"Bash","floor":7,"key":"SMITH"},{"floor":15,"key":"REST"},{"floor":23,"key":"DIG"}],"neow_cost":"NONE","seed_source_timestamp":11599739078137,"circlet_count":0,"master_deck":["Strike_R","Strike_R","Strike_R","Strike_R","Defend_R","Defend_R","Defend_R","Defend_R","Bash+1","Iron Wave","Cleave","Flex","Flex","Shrug It Off","Evolve","Warcry","Pommel Strike","Demon Form","Battle Trance"],"relics":["Burning Blood","PreservedInsect","Potion Belt","Blood Vial","Odd Mushroom","Omamori","Pen Nib","Calling Bell","Bag of Marbles","Shuriken","Shovel","Tiny Chest"],"potions_floor_usage":[13,13,16,24],"damage_taken":[{"damage":6,"enemies":"Jaw Worm","floor":1,"turns":3},{"damage":0,"enemies":"Small Slimes","floor":2,"turns":4},{"damage":6,"enemies":"Cultist","floor":3,"turns":3},{"damage":16,"enemies":"Blue Slaver","floor":4,"turns":4},{"damage":12,"enemies":"3 Louse","floor":5,"turns":3},{"damage":23,"enemies":"Gremlin Nob","floor":6,"turns":4},{"damage":22,"enemies":"3 Sentries","floor":8,"turns":6},{"damage":8,"enemies":"Exordium Wildlife","floor":10,"turns":3},{"damage":8,"enemies":"Blue Slaver","floor":11,"turns":4},{"damage":9,"enemies":"The Mushroom Lair","floor":13,"turns":4},{"damage":50,"enemies":"Hexaghost","floor":16,"turns":10},{"damage":24,"enemies":"2 Thieves","floor":18,"turns":4},{"damage":23,"enemies":"Spheric Guardian","floor":20,"turns":5},{"damage":31,"enemies":"Snecko","floor":21,"turns":6},{"damage":37,"enemies":"3 Cultists","floor":24,"turns":4}],"seed_played":"-3371516326089379974","potions_obtained":[{"floor":1,"key":"Poison Potion"},{"floor":3,"key":"Strength Potion"},{"floor":6,"key":"SkillPotion"},{"floor":8,"key":"SpeedPotion"},{"floor":10,"key":"AttackPotion"},{"floor":18,"key":"Ancient Potion"},{"floor":21,"key":"Swift Potion"}],"is_trial":false,"path_per_floor":["M","M","M","M","M","E","R","E","T","M","M","?","?","$","R","B",null,"M","?","M","M","$","R"],"character_chosen":"IRONCLAD","items_purchased":["Omamori","Pen Nib"],"campfire_rested":1,"item_purchase_floors":[14,14],"current_hp_per_floor":[80,80,80,70,64,47,47,31,31,31,31,31,30,30,54,12,80,62,62,47,24,24,24,0],"gold":169,"neow_bonus":"HUNDRED_GOLD","is_prod":false,"is_daily":false,"chose_seed":false,"campfire_upgraded":1,"win_rate":0,"timestamp":1540044865,"path_taken":["M","M","M","M","M","E","R","E","T","M","M","?","?","$","R","BOSS","M","?","M","?","$","R","M"],"build_version":"2018-10-18","purchased_purges":2,"victory":false,"max_hp_per_floor":[80,80,80,80,80,80,80,80,80,80,80,80,80,80,80,80,80,80,80,80,80,80,80,80],"card_choices":[{"not_picked":["Infernal Blade","Heavy Blade"],"picked":"Iron Wave","floor":1},{"not_picked":["Twin Strike","Corruption"],"picked":"Cleave","floor":2},{"not_picked":["Entrench","Havoc","Anger"],"picked":"SKIP","floor":3},{"not_picked":["Brutality","Clothesline"],"picked":"Flex","floor":4},{"not_picked":["Heavy Blade","Body Slam"],"picked":"Flex","floor":5},{"not_picked":["Havoc","Warcry"],"picked":"Shrug It Off","floor":6},{"not_picked":["Dropkick","Iron Wave"],"picked":"Evolve","floor":8},{"not_picked":["Feel No Pain","Intimidate"],"picked":"Warcry","floor":10},{"not_picked":["Dual Wield","Cleave"],"picked":"Pommel Strike","floor":11},{"not_picked":["Limit Break","Impervious"],"picked":"Demon Form","floor":16},{"not_picked":["Heavy Blade","Flex","Armaments"],"picked":"SKIP","floor":18},{"not_picked":["Sentinel+1","Body Slam"],"picked":"Battle Trance","floor":20},{"not_picked":["Blood for Blood+1","Clothesline","Dropkick"],"picked":"SKIP","floor":21}],"player_experience":95769,"relics_obtained":[{"floor":6,"key":"PreservedInsect"},{"floor":8,"key":"Potion Belt"},{"floor":9,"key":"Blood Vial"},{"floor":13,"key":"Odd Mushroom"},{"floor":17,"key":"Bag of Marbles"},{"floor":17,"key":"Shuriken"},{"floor":17,"key":"Shovel"},{"floor":23,"key":"Tiny Chest"}],"event_choices":[{"damage_healed":0,"gold_gain":0,"player_choice":"Ignored","damage_taken":0,"max_hp_gain":0,"max_hp_loss":0,"event_name":"Liars Game","floor":12,"gold_loss":0},{"damage_healed":0,"gold_gain":0,"player_choice":"Fought Mushrooms","damage_taken":0,"max_hp_gain":0,"max_hp_loss":0,"event_name":"Mushrooms","floor":13,"gold_loss":0},{"damage_healed":0,"gold_gain":99,"player_choice":"Stole From Cult","damage_taken":0,"max_hp_gain":0,"max_hp_loss":0,"event_name":"Nest","floor":19,"gold_loss":0}],"is_beta":false,"boss_relics":[{"not_picked":["Lizard Tail","Busted Crown"],"picked":"Calling Bell"}],"items_purged_floors":[14,22],"is_endless":false,"potions_floor_spawned":[1,3,6,8,10,18,21],"killed_by":"3 Cultists","ascension_level":1}