{"gold_per_floor":[110,110,110,122,137,137,155,170,170,180,180,195,120,45,45,117,117,133,48,48,67,67,67,96,96,96,106,124,24,24],"floor_reached":30,"playtime":1076,"items_purged":["Strike_B","Recycle"],"score":449,"play_id":"f3199509-66c0-44fc-9027-e886b1b7b424","local_time":"20180730125205","is_ascension_mode":true,"campfire_choices":[{"floor":6,"key":"REST"},{"data":"Zap","floor":11,"key":"SMITH"},{"data":"Hologram","floor":15,"key":"SMITH"},{"data":"Seek","floor":23,"key":"SMITH"},{"data":"Go for the Eyes","floor":25,"key":"SMITH"}],"neow_cost":"TEN_PERCENT_HP_LOSS","seed_source_timestamp":442767167946621,"circlet_count":0,"master_deck":["Defend_B","Defend_B","Defend_B","Defend_B","Zap+1","Dualcast","AscendersBane","Compile Driver","Ball Lightning","Gash","Gash","Cold Snap","Cold Snap","Hologram+1","Conserve Battery","Seek+1","Gash","Gash","Conserve Battery","Leap","Gash","Go for the Eyes+1","Machine Learning","Gash","Beam Cell"],"relics":["Cracked Core","Dodecahedron","Meat on the Bone","Orrery","DataDisk","GremlinMask","Ice Cream","Calipers"],"potions_floor_usage":[8,10,28,30],"damage_taken":[{"damage":6,"enemies":"Cultist","floor":1,"turns":4},{"damage":3,"enemies":"2 Louse","floor":4,"turns":3},{"damage":3,"enemies":"Small Slimes","floor":5,"turns":4},{"damage":7,"enemies":"Looter","floor":7,"turns":3},{"damage":19,"enemies":"Exordium Wildlife","floor":8,"turns":3},{"damage":0,"enemies":"Large Slime","floor":10,"turns":3},{"damage":1,"enemies":"Blue Slaver","floor":12,"turns":3},{"damage":19,"enemies":"Slime Boss","floor":16,"turns":8},{"damage":0,"enemies":"Chosen","floor":18,"turns":6},{"damage":0,"enemies":"Spheric Guardian","floor":21,"turns":3},{"damage":45,"enemies":"Slavers","floor":24,"turns":7},{"damage":17,"enemies":"Snake Plant","floor":27,"turns":5},{"damage":0,"enemies":"3 Cultists","floor":28,"turns":5},{"damage":45,"enemies":"Gremlin Leader","floor":30,"turns":6}],"seed_played":"6384455335739498109","potions_obtained":[{"floor":4,"key":"FearPotion"},{"floor":7,"key":"Regen Potion"},{"floor":27,"key":"Fire Potion"},{"floor":28,"key":"FearPotion"}],"is_trial":false,"path_per_floor":["M","?","?","M","M","R","M","M","T","M","R","M","?","$","R","B",null,"M","?","?","M","?","R","E","R","T","M","M","$"],"character_chosen":"DEFECT","items_purchased":[],"campfire_rested":1,"item_purchase_floors":[],"current_hp_per_floor":[58,58,23,20,17,36,29,19,19,31,31,42,42,42,42,35,57,57,57,64,64,64,64,31,31,31,26,38,38,0],"gold":24,"neow_bonus":"TRANSFORM_TWO_CARDS","is_prod":false,"is_daily":false,"chose_seed":false,"campfire_upgraded":4,"win_rate":0,"timestamp":1532976725,"path_taken":["M","?","?","M","M","R","M","M","T","?","R","M","?","$","R","BOSS","M","?","?","M","?","R","E","R","T","M","?","?","E"],"build_version":"2018-07-26","purchased_purges":2,"victory":false,"max_hp_per_floor":[64,64,64,64,64,64,64,64,64,64,64,64,64,64,64,64,64,64,64,64,64,64,64,64,64,64,64,64,64,64],"card_choices":[{"not_picked":["Redo","Reinforced Body"],"picked":"Ball Lightning","floor":1},{"not_picked":["Compile Driver","Stack"],"picked":"Gash","floor":4},{"not_picked":["Streamline","Genetic Algorithm"],"picked":"Gash","floor":5},{"not_picked":["Genetic Algorithm","Stack"],"picked":"Cold Snap","floor":7},{"not_picked":["Double Energy","Fission"],"picked":"Cold Snap","floor":8},{"not_picked":["Darkness","Steam Power"],"picked":"Hologram","floor":10},{"not_picked":["Leap","Tempest"],"picked":"Conserve Battery","floor":12},{"not_picked":["Machine Learning","Thunder Strike"],"picked":"Seek","floor":16},{"not_picked":["Leap","Ball Lightning"],"picked":"Gash","floor":17},{"not_picked":["Consume","Aggregate"],"picked":"Gash","floor":17},{"not_picked":["Stack","Barrage"],"picked":"Conserve Battery","floor":17},{"not_picked":["Stack","Steam Power"],"picked":"Leap","floor":17},{"not_picked":["Streamline","Conserve Battery"],"picked":"Gash","floor":18},{"not_picked":["Leap","Coolheaded"],"picked":"Go for the Eyes","floor":21},{"not_picked":["Hologram","Chill+1"],"picked":"Machine Learning","floor":24},{"not_picked":["Rebound","Force Field"],"picked":"Gash","floor":27},{"not_picked":["Loop+1","Steam+1"],"picked":"Beam Cell","floor":28}],"player_experience":871445,"relics_obtained":[{"floor":9,"key":"Meat on the Bone"},{"floor":24,"key":"Ice Cream"},{"floor":26,"key":"Calipers"}],"event_choices":[{"event_name":"NoteForYourself","player_choice":"Took Card","floor":2,"damage_taken":0},{"event_name":"Scrap Ooze","player_choice":"success","floor":3,"damage_taken":35},{"event_name":"The Cleric","player_choice":"Card Removal","floor":13,"damage_taken":0},{"event_name":"Addict","player_choice":"Obtained Relic","floor":19,"damage_taken":0},{"event_name":"The Library","player_choice":"Heal","floor":20,"damage_taken":0},{"event_name":"FaceTrader","player_choice":"Trade","floor":22,"damage_taken":0}],"is_beta":true,"boss_relics":[{"not_picked":["Eternal Feather","Fusion Hammer"],"picked":"Orrery"}],"items_purged_floors":[14,29],"is_endless":false,"potions_floor_spawned":[4,7,27,28],"killed_by":"Gremlin Leader","ascension_level":15}