{"gold_per_floor":[117,117,117,137,137,166,241,241,241,288,312,324,336,365,377,464,476,500,437,165,177,4,4,4],"floor_reached":24,"playtime":976,"items_purged":["Strike_G"],"score":420,"play_id":"174f55eb-c14c-4bc5-8271-0a81ff6aac0b","local_time":"20181201151401","is_ascension_mode":true,"campfire_choices":[{"data":"Dagger Spray","floor":8,"key":"SMITH"},{"data":"Neutralize","floor":12,"key":"SMITH"},{"data":"Footwork","floor":15,"key":"SMITH"},{"data":"Malaise","floor":23,"key":"SMITH"}],"neow_cost":"NONE","seed_source_timestamp":1543693899051276,"circlet_count":0,"master_deck":["AscendersBane","Defend_G","Defend_G","Defend_G","Defend_G","Defend_G","Strike_G","Survivor","Neutralize+1","Cloak And Dagger","Dagger Spray+1","Skewer","Footwork+1","Infinite Blades","Malaise+1","Dodge and Roll","Flechettes","Leg Sweep","Caltrops","Predator"],"relics":["Ring of the Snake","NeowsBlessing","Matryoshka","Vajra","MawBank","Thread and Needle","Calipers","Lizard Tail","Art of War"],"potions_floor_usage":[10,16,24],"damage_taken":[{"damage":0,"enemies":"Small Slimes","floor":1,"turns":1},{"damage":0,"enemies":"Jaw Worm","floor":4,"turns":1},{"damage":0,"enemies":"Gremlin Nob","floor":6,"turns":1},{"damage":11,"enemies":"Lagavulin","floor":10,"turns":8},{"damage":0,"enemies":"Cultist","floor":11,"turns":3},{"damage":0,"enemies":"Looter","floor":14,"turns":3},{"damage":6,"enemies":"The Guardian","floor":16,"turns":14},{"damage":5,"enemies":"Spheric Guardian","floor":18,"turns":11},{"damage":10,"enemies":"3 Byrds","floor":21,"turns":5},{"damage":31,"enemies":"Slavers","floor":24,"turns":3}],"seed_played":"-9117270066000442667","potions_obtained":[{"floor":6,"key":"Dexterity Potion"},{"floor":10,"key":"GamblersBrew"},{"floor":11,"key":"Energy Potion"}],"is_trial":false,"path_per_floor":["M","?","?","M","?","E","?","R","T","E","M","R","?","M","R","B",null,"M","?","$","M","$","R","E"],"character_chosen":"THE_SILENT","items_purchased":["Flechettes","Leg Sweep","Caltrops","Art of War"],"campfire_rested":0,"item_purchase_floors":[20,20,20,22],"current_hp_per_floor":[59,52,52,52,52,52,41,41,41,30,30,30,25,25,25,19,54,49,49,49,39,39,39,8],"gold":4,"neow_bonus":"THREE_ENEMY_KILL","is_prod":false,"is_daily":false,"chose_seed":false,"campfire_upgraded":4,"win_rate":0,"timestamp":1543702441,"path_taken":["M","?","?","?","?","E","?","R","T","E","M","R","?","?","R","BOSS","M","?","$","M","$","R","E"],"build_version":"2018-11-15","purchased_purges":1,"victory":false,"max_hp_per_floor":[66,66,66,66,66,66,66,66,66,66,66,66,66,66,66,66,66,66,66,66,66,66,66,66],"card_choices":[{"not_picked":["Backflip","PiercingWail"],"picked":"Cloak And Dagger","floor":1},{"not_picked":["Dagger Throw","Dodge and Roll"],"picked":"Dagger Spray","floor":4},{"not_picked":["Acrobatics","Masterful Stab"],"picked":"Skewer","floor":6},{"not_picked":["Masterful Stab","Flying Knee"],"picked":"Footwork","floor":10},{"not_picked":["Quick Slash","Prepared"],"picked":"Infinite Blades","floor":11},{"not_picked":["Concentrate","Tactician","Sucker Punch"],"picked":"SKIP","floor":14},{"not_picked":["Unload","Tools of the Trade"],"picked":"Malaise","floor":16},{"not_picked":["Blade Dance","Choke"],"picked":"Dodge and Roll","floor":18},{"not_picked":["Escape Plan","Heel Hook"],"picked":"Predator","floor":21}],"player_experience":1141875,"relics_obtained":[{"floor":6,"key":"Matryoshka"},{"floor":9,"key":"Vajra"},{"floor":9,"key":"MawBank"},{"floor":10,"key":"Thread and Needle"}],"event_choices":[{"cards_removed":["Strike_G"],"damage_healed":0,"gold_gain":0,"player_choice":"Card Removal","damage_taken":7,"max_hp_gain":0,"max_hp_loss":0,"event_name":"Golden Wing","floor":2,"gold_loss":0},{"cards_removed":["Strike_G"],"damage_healed":0,"gold_gain":0,"player_choice":"Purged","damage_taken":0,"max_hp_gain":0,"max_hp_loss":0,"event_name":"Purifier","floor":3,"gold_loss":0},{"damage_healed":0,"gold_gain":0,"player_choice":"Ignored","damage_taken":0,"max_hp_gain":0,"max_hp_loss":0,"event_name":"Liars Game","floor":5,"gold_loss":0},{"damage_healed":0,"gold_gain":75,"player_choice":"Gather Gold","damage_taken":11,"max_hp_gain":0,"max_hp_loss":0,"event_name":"World of Goop","floor":7,"gold_loss":0},{"damage_healed":0,"gold_gain":0,"player_choice":"Success","damage_taken":5,"relics_obtained":["Calipers"],"max_hp_gain":0,"max_hp_loss":0,"event_name":"Scrap Ooze","floor":13,"gold_loss":0},{"cards_removed":["Strike_G"],"damage_healed":0,"gold_gain":0,"player_choice":"Gave Gold","damage_taken":0,"max_hp_gain":0,"max_hp_loss":0,"event_name":"Beggar","floor":19,"gold_loss":75}],"is_beta":true,"boss_relics":[{"not_picked":["Calling Bell","White Beast Statue"],"picked":"Lizard Tail"}],"items_purged_floors":[20],"is_endless":false,"potions_floor_spawned":[6,10,11],"killed_by":"Slavers","ascension_level":17}