{"gold_per_floor":[119,138,158,178,178,212,212,230,255,279,310,351,380,409,421,529,541,568,593,624,596,621,633],"floor_reached":23,"playtime":1086,"items_purged":[],"score":243,"play_id":"799bd50a-6fb3-4260-98a2-30adecebc1bf","local_time":"20181128180750","is_ascension_mode":true,"campfire_choices":[{"data":"Inflame","floor":7.0,"key":"SMITH"},{"data":"Hemokinesis","floor":15.0,"key":"SMITH"}],"neow_cost":"NONE","seed_source_timestamp":8460711081104,"circlet_count":0,"master_deck":["Strike_R","Strike_R","Strike_R","Strike_R","Defend_R","Defend_R","Defend_R","Defend_R","Bash","Anger","Inflame+1","Sword Boomerang","Ghostly Armor","Shrug It Off","Clothesline","Flame Barrier","Feed","Havoc","Hemokinesis+1","Barricade+1","Intimidate","Feel No Pain","Warcry+1","Entrench+1"],"special_seed":0,"relics":["Burning Blood","Bag of Marbles","Matryoshka","Bronze Scales","MawBank","Art of War","Fusion Hammer"],"potions_floor_usage":[23,23],"damage_taken":[{"damage":7.0,"enemies":"Jaw Worm","floor":1.0,"turns":3.0},{"damage":0.0,"enemies":"Cultist","floor":2.0,"turns":3.0},{"damage":5.0,"enemies":"Small Slimes","floor":3.0,"turns":4.0},{"damage":23.0,"enemies":"Red Slaver","floor":4.0,"turns":4.0},{"damage":30.0,"enemies":"Lagavulin","floor":6.0,"turns":5.0},{"damage":6.0,"enemies":"Looter","floor":8.0,"turns":2.0},{"damage":5.0,"enemies":"Blue Slaver","floor":10.0,"turns":3.0},{"damage":7.0,"enemies":"Gremlin Gang","floor":11.0,"turns":3.0},{"damage":10.0,"enemies":"3 Sentries","floor":12.0,"turns":5.0},{"damage":7.0,"enemies":"Looter","floor":13.0,"turns":2.0},{"damage":2.0,"enemies":"Red Slaver","floor":14.0,"turns":3.0},{"damage":31.0,"enemies":"The Guardian","floor":16.0,"turns":12.0},{"damage":16.0,"enemies":"Chosen","floor":18.0,"turns":5.0},{"damage":6.0,"enemies":"Shell Parasite","floor":19.0,"turns":4.0},{"damage":18,"enemies":"Cultist and Chosen","floor":20,"turns":7},{"damage":7,"enemies":"Snecko","floor":22,"turns":5},{"damage":62,"enemies":"Slavers","floor":23,"turns":4}],"seed_played":"4567283854746432674","potions_obtained":[{"floor":2.0,"key":"PowerPotion"},{"floor":4.0,"key":"AttackPotion"},{"floor":6.0,"key":"PowerPotion"},{"floor":10.0,"key":"SpeedPotion"},{"floor":11.0,"key":"SkillPotion"},{"floor":14.0,"key":"FearPotion"},{"floor":18.0,"key":"Block Potion"},{"floor":20,"key":"SkillPotion"}],"is_trial":false,"path_per_floor":["M","M","M","M","?","E","R","M","T","M","M","E","M","M","R","B",null,"M","M","M","?","M","E"],"character_chosen":"IRONCLAD","items_purchased":[],"campfire_rested":0,"item_purchase_floors":[],"current_hp_per_floor":[79,80,80,63,63,39,39,39,39,40,39,35,34,38,38,13,80,73,73,61,61,60,0],"gold":633,"neow_bonus":"RANDOM_COMMON_RELIC","is_prod":false,"is_daily":false,"chose_seed":false,"campfire_upgraded":2,"win_rate":0,"timestamp":1543435670,"path_taken":["M","M","M","M","?","E","R","M","T","?","M","E","M","M","R","BOSS","M","M","M","?","M","E"],"build_version":"2018-11-15","purchased_purges":0,"victory":false,"max_hp_per_floor":[80,80,80,80,80,80,80,80,80,80,80,80,80,80,80,80,80,83,83,83,83,83,83],"card_choices":[{"not_picked":["Wild Strike","Pommel Strike"],"picked":"Anger","floor":1.0},{"not_picked":["Havoc","Entrench"],"picked":"Inflame","floor":2.0},{"not_picked":["Thunderclap","Inflame"],"picked":"Sword Boomerang","floor":3.0},{"not_picked":["Cleave","Carnage"],"picked":"Ghostly Armor","floor":4.0},{"not_picked":["Flex","Burning Pact","Immolate"],"picked":"SKIP","floor":6.0},{"not_picked":["Ghostly Armor","Second Wind"],"picked":"Shrug It Off","floor":8.0},{"not_picked":["Flex","Body Slam"],"picked":"Clothesline","floor":10.0},{"not_picked":["Heavy Blade","Pummel"],"picked":"Flame Barrier","floor":11.0},{"not_picked":["Ghostly Armor","Clash"],"picked":"Feed","floor":12.0},{"not_picked":["Thunderclap","Searing Blow"],"picked":"Havoc","floor":13.0},{"not_picked":["Twin Strike","Wild Strike"],"picked":"Hemokinesis","floor":14.0},{"not_picked":["Immolate","Bludgeon"],"picked":"Barricade","floor":16.0},{"not_picked":["Second Wind","Twin Strike"],"picked":"Intimidate","floor":18.0},{"not_picked":["Disarm","Flex"],"picked":"Feel No Pain","floor":19.0},{"not_picked":["Intimidate","Thunderclap"],"picked":"Warcry+1","floor":20},{"not_picked":["Carnage","Pummel"],"picked":"Entrench+1","floor":22}],"player_experience":178442,"relics_obtained":[{"floor":6.0,"key":"Matryoshka"},{"floor":9.0,"key":"Bronze Scales"},{"floor":9.0,"key":"MawBank"},{"floor":12.0,"key":"Art of War"}],"event_choices":[{"cards_removed":["Strike_R"],"damage_healed":0.0,"max_hp_gain":0.0,"max_hp_loss":0.0,"gold_gain":0.0,"event_name":"Bonfire Elementals","player_choice":"Offered Basic","floor":5.0,"gold_loss":0.0,"damage_taken":0.0},{"damage_healed":0,"gold_gain":0,"player_choice":"Upgrade","damage_taken":0,"max_hp_gain":0,"max_hp_loss":0,"event_name":"Designer","floor":21,"gold_loss":40,"cards_upgraded":["Barricade"]}],"is_beta":false,"boss_relics":[{"not_picked":["Eternal Feather","Lizard Tail"],"picked":"Fusion Hammer"}],"items_purged_floors":[],"is_endless":false,"potions_floor_spawned":[2,4,6,10,11,14,18,20],"killed_by":"Slavers","ascension_level":3}