{"gold_per_floor":[210,224,27,45,62,62,92,23,23,41,71,105,105,122,122,226,226,237,106,125,137,137,149,149,149,196,196,208,221,221],"floor_reached":30,"playtime":1846,"items_purged":["Strike_G"],"score":306,"play_id":"3b847525-e9b5-46b0-8433-661689303a4a","local_time":"20181104125035","is_ascension_mode":true,"campfire_choices":[{"data":"Catalyst","floor":6,"key":"SMITH"},{"floor":13,"key":"REST"},{"floor":15,"key":"RECALL"},{"data":"Noxious Fumes","floor":24,"key":"SMITH"},{"data":"Footwork","floor":27,"key":"SMITH"}],"neow_cost":"NONE","seed_source_timestamp":697400313099272,"circlet_count":0,"master_deck":["Survivor","Neutralize","Well Laid Plans","Catalyst+1","Footwork+1","Slice","Slice","Infinite Blades","Infinite Blades","Escape Plan","Dodge and Roll","Backstab","Poisoned Stab","Poisoned Stab","Infinite Blades","Burst","Caltrops","Dash","Outmaneuver","Backflip","Masterful Stab","Calculated Gamble","Flying Knee","Noxious Fumes+1","Backflip","Accuracy","Dodge and Roll","Backflip+1","Blade Dance+1","Footwork","Decay","Backflip","Deflect","Catalyst","Leg Sweep"],"relics":["Ring of the Snake","Prayer Wheel","Odd Mushroom","Mummified Hand","Pandora\u0027s Box","Bag of Marbles"],"potions_floor_usage":[7,11,11,12,28],"damage_taken":[{"damage":0,"enemies":"Jaw Worm","floor":1,"turns":4},{"damage":0,"enemies":"Small Slimes","floor":2,"turns":5},{"damage":2,"enemies":"Cultist","floor":4,"turns":5},{"damage":9,"enemies":"Blue Slaver","floor":5,"turns":6},{"damage":22,"enemies":"3 Sentries","floor":7,"turns":16},{"damage":1,"enemies":"2 Fungi Beasts","floor":10,"turns":4},{"damage":8,"enemies":"The Mushroom Lair","floor":11,"turns":6},{"damage":18,"enemies":"Gremlin Nob","floor":12,"turns":4},{"damage":0,"enemies":"3 Louse","floor":14,"turns":4},{"damage":12,"enemies":"Slime Boss","floor":16,"turns":9},{"damage":15,"enemies":"Shell Parasite","floor":18,"turns":4},{"damage":10,"enemies":"2 Thieves","floor":20,"turns":4},{"damage":9,"enemies":"Snake Plant","floor":21,"turns":5},{"damage":14,"enemies":"Snecko","floor":23,"turns":5},{"damage":2,"enemies":"3 Cultists","floor":28,"turns":5},{"damage":3,"enemies":"Snake Plant","floor":29,"turns":3},{"damage":8,"enemies":"Book of Stabbing","floor":30,"turns":4}],"seed_played":"175725953117290576","potions_obtained":[{"floor":1,"key":"EssenceOfSteel"},{"floor":2,"key":"Energy Potion"},{"floor":10,"key":"SkillPotion"},{"floor":11,"key":"LiquidBronze"},{"floor":21,"key":"FearPotion"},{"floor":23,"key":"GhostInAJar"}],"is_trial":false,"path_per_floor":["M","M","$","M","M","R","E","$","T","M","?","E","R","M","R","B",null,"M","$","M","M","?","M","R","?","T","R","M","M","E"],"character_chosen":"THE_SILENT","items_purchased":["Footwork","Poison Potion","Infinite Blades","Accuracy","Dodge and Roll"],"campfire_rested":1,"item_purchase_floors":[3,3,8,19,19],"current_hp_per_floor":[70,70,70,68,59,59,37,37,37,36,28,10,31,31,31,19,70,55,55,45,36,36,22,22,22,22,22,20,17,9],"gold":221,"neow_bonus":"HUNDRED_GOLD","is_prod":false,"is_daily":false,"chose_seed":false,"campfire_upgraded":3,"win_rate":0,"timestamp":1541361035,"path_taken":["M","M","$","M","M","R","E","$","T","M","?","E","R","M","R","BOSS","M","$","M","M","?","M","R","?","T","R","M","M","E"],"build_version":"2018-11-02","purchased_purges":1,"victory":false,"max_hp_per_floor":[70,70,70,70,70,70,70,70,70,70,70,70,70,70,70,70,70,70,70,70,70,70,70,70,70,70,70,70,70,70],"card_choices":[{"not_picked":["Blur","Choke"],"picked":"Well Laid Plans","floor":1},{"not_picked":["Calculated Gamble","Escape Plan"],"picked":"Catalyst","floor":2},{"not_picked":["Bane","Escape Plan"],"picked":"Slice","floor":4},{"not_picked":["All Out Attack","Flying Knee"],"picked":"Slice","floor":5},{"not_picked":["All Out Attack","Terror"],"picked":"Infinite Blades","floor":7},{"not_picked":["Terror","Blade Dance"],"picked":"Escape Plan","floor":10},{"not_picked":["Flying Knee","Acrobatics"],"picked":"Dodge and Roll","floor":10},{"not_picked":["Outmaneuver","Deflect"],"picked":"Backstab","floor":11},{"not_picked":["Unload","Blade Dance"],"picked":"Poisoned Stab","floor":12},{"not_picked":["Slice","Cloak And Dagger"],"picked":"Poisoned Stab","floor":14},{"not_picked":["Slice","Distraction"],"picked":"Infinite Blades","floor":14},{"not_picked":["Phantasmal Killer","Bullet Time"],"picked":"Burst","floor":16},{"not_picked":["Underhanded Strike","Poisoned Stab"],"picked":"Backflip","floor":18},{"not_picked":["Well Laid Plans","Predator","All Out Attack"],"picked":"SKIP","floor":18},{"not_picked":["Outmaneuver+1","Cloak And Dagger"],"picked":"Backflip+1","floor":20},{"not_picked":["Underhanded Strike","Dagger Spray","Prepared+1"],"picked":"SKIP","floor":20},{"not_picked":["PiercingWail","Slice"],"picked":"Blade Dance+1","floor":21},{"not_picked":["Slice","Terror","Sucker Punch"],"picked":"SKIP","floor":21},{"not_picked":["Terror","Slice"],"picked":"Footwork","floor":23},{"not_picked":["Skewer","Flechettes","Phantasmal Killer"],"picked":"SKIP","floor":23},{"not_picked":["Blade Dance","Setup"],"picked":"Backflip","floor":28},{"not_picked":["Bane+1","Slice"],"picked":"Deflect","floor":28},{"not_picked":["Skewer","Poisoned Stab+1"],"picked":"Catalyst","floor":29},{"not_picked":["Outmaneuver+1","Poisoned Stab+1"],"picked":"Leg Sweep","floor":29}],"player_experience":1095066,"relics_obtained":[{"floor":7,"key":"Prayer Wheel"},{"floor":11,"key":"Odd Mushroom"},{"floor":12,"key":"Mummified Hand"},{"floor":26,"key":"Bag of Marbles"}],"event_choices":[{"damage_healed":0,"gold_gain":0,"player_choice":"Fought Mushrooms","damage_taken":0,"max_hp_gain":0,"max_hp_loss":0,"event_name":"Mushrooms","floor":11,"gold_loss":0},{"cards_removed":["Prepared"],"damage_healed":0,"gold_gain":0,"player_choice":"Elegance","damage_taken":0,"max_hp_gain":0,"max_hp_loss":0,"event_name":"Back to Basics","floor":22,"gold_loss":0},{"damage_healed":0,"gold_gain":0,"player_choice":"Smashed Altar","damage_taken":0,"max_hp_gain":0,"max_hp_loss":0,"event_name":"Forgotten Altar","floor":25,"gold_loss":0,"cards_obtained":["Decay"]}],"is_beta":true,"boss_relics":[{"not_picked":["Calling Bell","Snecko Eye"],"picked":"Pandora\u0027s Box"}],"items_purged_floors":[3],"is_endless":false,"potions_floor_spawned":[1,2,10,11,21,23],"killed_by":"Book of Stabbing","ascension_level":1}