{"gold_per_floor":[114,33,33,33,33,33,57,88,88,13,13,33,33,60,60,137,137,151,25,0,18,18,18,68,22,76,86,86,103,103,115,115,188,188,201,249,249,35,35,35],"floor_reached":40,"playtime":1307,"items_purged":["Strike_B","Rip and Tear"],"score":807,"play_id":"4f7ee2bb-8456-4696-b93e-17a2d34882c9","local_time":"20180717100514","is_ascension_mode":true,"campfire_choices":[{"data":"Defragment","floor":6,"key":"SMITH"},{"data":"Loop","floor":11,"key":"SMITH"},{"data":"Zap","floor":13,"key":"SMITH"},{"data":"Ball Lightning","floor":15,"key":"SMITH"},{"data":"Defragment","floor":23,"key":"SMITH"},{"data":"Go for the Eyes","floor":28,"key":"SMITH"},{"data":"Go for the Eyes","floor":30,"key":"SMITH"},{"data":"Ball Lightning","floor":32,"key":"SMITH"}],"neow_cost":"NONE","seed_source_timestamp":556078774616782,"circlet_count":0,"master_deck":["Zap+1","Dualcast","AscendersBane","Gash","Defragment+1","Glacier+1","Loop+1","Ball Lightning+1","Gash","Electrodynamics","Hologram+1","Compile Driver","Ball Lightning+1","Go for the Eyes+1","Gash","Go for the Eyes+1","Conserve Battery+1","Defragment+1","Leap+1","Glacier+1","Leap+1","Glacier+1","Chill+1","Leap+1","All For One","Defragment","Hologram+1","Chrysalis+1","Scrape","Reprogram+1","Madness+1","Madness+1"],"relics":["Cracked Core","NeowsBlessing","Toxic Egg 2","Odd Mushroom","Mercury Hourglass","Dodecahedron","Boot","Pandora\u0027s Box","Omamori","Fusion Hammer","Bird Faced Urn"],"potions_floor_usage":[16,16,21,21,29],"damage_taken":[{"damage":0,"enemies":"Cultist","floor":1,"turns":1},{"damage":0,"floor":7,"turns":1},{"damage":0,"enemies":"Lagavulin","floor":8,"turns":1},{"damage":0,"enemies":"2 Louse","floor":12,"turns":2},{"damage":13,"enemies":"3 Sentries","floor":14,"turns":5},{"damage":0,"enemies":"Slime Boss","floor":16,"turns":5},{"damage":8,"enemies":"Chosen","floor":18,"turns":3},{"damage":0,"enemies":"3 Byrds","floor":21,"turns":3},{"damage":12,"enemies":"Cultist and Chosen","floor":27,"turns":3},{"damage":2,"enemies":"Snecko","floor":29,"turns":5},{"damage":0,"enemies":"Centurion and Healer","floor":31,"turns":3},{"damage":37,"enemies":"Automaton","floor":33,"turns":11},{"damage":9,"enemies":"3 Darklings","floor":35,"turns":3},{"damage":0,"floor":36,"turns":5},{"damage":48,"enemies":"Giant Head","floor":40,"turns":9}],"seed_played":"1433298839097979121","potions_obtained":[{"floor":12,"key":"Strength Potion"},{"floor":14,"key":"AttackPotion"},{"floor":16,"key":"Poison Potion"},{"floor":18,"key":"PowerPotion"},{"floor":21,"key":"AttackPotion"},{"floor":36,"key":"Poison Potion"}],"is_trial":false,"path_per_floor":["M","$","T","$","?","R","?","E","T","$","R","M","R","E","R","B",null,"M","$","?","M","$","R","?","$","T","M","R","M","R","M","R","B",null,"M","?","?","$","?"],"character_chosen":"DEFECT","items_purchased":["Defragment","Defragment","Leap+1","Leap+1","Scrape","Reprogram+1"],"campfire_rested":0,"item_purchase_floors":[2,19,19,25,38,38],"current_hp_per_floor":[64,64,64,64,71,71,71,71,71,71,71,71,71,58,58,58,68,60,60,60,60,60,60,60,60,60,48,48,46,46,46,46,9,56,47,47,47,47,34,0],"gold":35,"neow_bonus":"THREE_ENEMY_KILL","is_prod":false,"is_daily":false,"chose_seed":false,"campfire_upgraded":8,"win_rate":0,"timestamp":1531843514,"path_taken":["M","?","?","$","?","R","?","E","T","?","R","M","R","E","R","BOSS","M","$","?","?","?","R","?","$","T","M","R","?","R","M","R","BOSS","M","?","?","$","?","E"],"build_version":"2018-07-16","purchased_purges":2,"victory":false,"max_hp_per_floor":[71,71,71,71,71,71,71,71,71,71,71,71,71,71,71,71,71,71,71,71,71,71,71,71,71,71,71,71,71,71,71,71,71,71,71,71,71,71,71,71],"card_choices":[{"not_picked":["Redo","Stack"],"picked":"Gash","floor":1},{"not_picked":["Static Discharge","Turbo+1"],"picked":"Glacier+1","floor":7},{"not_picked":["Scrape","Compile Driver"],"picked":"Loop","floor":8},{"not_picked":["Compile Driver","Lockon"],"picked":"Ball Lightning","floor":12},{"not_picked":["Loop","Skim+1"],"picked":"Gash","floor":14},{"not_picked":["Biased Cognition","Core Surge"],"picked":"Electrodynamics","floor":16},{"not_picked":["Turbo+1","Hologram+1"],"picked":"Conserve Battery+1","floor":18},{"not_picked":["Conserve Battery+1","Tempest+1"],"picked":"Glacier+1","floor":21},{"not_picked":["Hologram+1","Conserve Battery+1"],"picked":"Glacier+1","floor":27},{"not_picked":["Go for the Eyes","Sweeping Beam"],"picked":"Chill+1","floor":29},{"not_picked":["Go for the Eyes","Chaos+1"],"picked":"Leap+1","floor":31},{"not_picked":["Thunder Strike","Echo Form"],"picked":"All For One","floor":33},{"not_picked":["Loop","Coolheaded+1"],"picked":"Defragment","floor":35},{"not_picked":["Turbo+1","Gash"],"picked":"Hologram+1","floor":36},{"not_picked":["PanicButton+1","Trip+1"],"picked":"Chrysalis+1","floor":37}],"player_experience":789155,"relics_obtained":[{"floor":3,"key":"Toxic Egg 2"},{"floor":7,"key":"Odd Mushroom"},{"floor":8,"key":"Mercury Hourglass"},{"floor":9,"key":"Dodecahedron"},{"floor":14,"key":"Boot"},{"floor":26,"key":"Omamori"},{"floor":36,"key":"Bird Faced Urn"}],"event_choices":[{"event_name":"Big Fish","player_choice":"Banana","floor":5,"damage_taken":0},{"event_name":"Mushrooms","player_choice":"Fought Mushrooms","floor":7,"damage_taken":0},{"event_name":"Masked Bandits","player_choice":"Paid Bandits 25 gold","floor":20,"damage_taken":0},{"event_name":"Nest","player_choice":"Stole From Cult","floor":24,"damage_taken":0},{"event_name":"Mysterious Sphere","player_choice":"Fight","floor":36,"damage_taken":0},{"event_name":"SensoryStone","player_choice":"Memory 1","floor":37,"damage_taken":0},{"event_name":"Winding Halls","player_choice":"Embrace Madness","floor":39,"damage_taken":0}],"boss_relics":[{"not_picked":["Snecko Eye","White Beast Statue"],"picked":"Pandora\u0027s Box"},{"not_picked":["FrozenCore","Busted Crown"],"picked":"Fusion Hammer"}],"items_purged_floors":[10,38],"is_endless":false,"potions_floor_spawned":[12,14,16,18,21,36],"killed_by":"Giant Head","ascension_level":15}