{"gold_per_floor":[116,116,133,152,31,31,43,43,121,121,140,140,173,173,173,250,250,269,289,28,28,42,42,54,54,54,54,0,13,30,30],"floor_reached":31,"playtime":1148,"items_purged":["Strike_B","Strike_B"],"score":415,"play_id":"4f645165-67fc-42a4-8a62-16ad38ddb13a","local_time":"20180801165110","is_ascension_mode":true,"campfire_choices":[{"data":"Zap","floor":6,"key":"SMITH"},{"data":"Go for the Eyes","floor":8,"key":"SMITH"},{"data":"Redo","floor":10,"key":"SMITH"},{"data":"Conserve Battery","floor":12,"key":"SMITH"},{"data":"Streamline","floor":15,"key":"SMITH"},{"data":"Consume","floor":23,"key":"SMITH"},{"data":"Capacitor","floor":25,"key":"SMITH"},{"data":"Coolheaded","floor":27,"key":"SMITH"}],"neow_cost":"NONE","seed_source_timestamp":629840547109705,"circlet_count":0,"master_deck":["Defend_B","Defend_B","Defend_B","Defend_B","Zap+1","Dualcast","AscendersBane","Redo+1","Go for the Eyes+1","Compile Driver","Conserve Battery+1","Ball Lightning","Conserve Battery","Streamline+1","Machine Learning","Cold Snap","Consume+1","Capacitor+1","Coolheaded+1","Leap","Tempest","Ball Lightning"],"relics":["Cracked Core","Dodecahedron","Anchor","White Beast Statue","Cables"],"potions_floor_usage":[13,16,18,24,29,29,31],"damage_taken":[{"damage":4,"enemies":"Small Slimes","floor":1,"turns":4},{"damage":0,"enemies":"2 Louse","floor":3,"turns":2},{"damage":7,"enemies":"Jaw Worm","floor":4,"turns":3},{"damage":1,"enemies":"Red Slaver","floor":7,"turns":4},{"damage":19,"enemies":"Exordium Thugs","floor":11,"turns":4},{"damage":5,"enemies":"Lagavulin","floor":13,"turns":6},{"damage":8,"enemies":"The Guardian","floor":16,"turns":11},{"damage":13,"enemies":"2 Thieves","floor":18,"turns":3},{"damage":0,"enemies":"Chosen","floor":19,"turns":4},{"damage":8,"enemies":"Centurion and Healer","floor":22,"turns":9},{"damage":0,"enemies":"Cultist and Chosen","floor":24,"turns":6},{"damage":0,"enemies":"3 Cultists","floor":29,"turns":6},{"damage":3,"enemies":"Snecko","floor":30,"turns":5},{"damage":41,"enemies":"Gremlin Leader","floor":31,"turns":7}],"seed_played":"4700416317316587279","potions_obtained":[{"floor":4,"key":"SpeedPotion"},{"floor":13,"key":"SteroidPotion"},{"floor":16,"key":"FocusPotion"},{"floor":18,"key":"FocusPotion"},{"floor":19,"key":"Ancient Potion"},{"floor":22,"key":"Fire Potion"},{"floor":24,"key":"Poison Potion"},{"floor":29,"key":"LiquidBronze"},{"floor":30,"key":"Swift Potion"}],"is_trial":false,"path_per_floor":["M","?","M","M","$","R","M","R","T","R","M","R","E","?","R","B",null,"M","M","$","?","M","R","M","R","T","R","?","M","M"],"character_chosen":"DEFECT","items_purchased":["Conserve Battery","Capacitor","Coolheaded","Leap"],"campfire_rested":0,"item_purchase_floors":[5,20,20,20],"current_hp_per_floor":[60,53,53,46,46,46,45,45,45,45,26,26,21,21,21,13,57,44,44,44,44,36,36,36,36,36,36,36,36,33,0],"gold":30,"neow_bonus":"REMOVE_CARD","is_prod":false,"is_daily":false,"chose_seed":false,"campfire_upgraded":8,"win_rate":0,"timestamp":1533163870,"path_taken":["M","?","M","M","?","R","M","R","T","R","M","R","E","?","R","BOSS","M","M","$","?","M","R","M","R","T","R","?","M","M","E"],"build_version":"2018-07-31","purchased_purges":2,"victory":false,"max_hp_per_floor":[71,71,71,71,71,71,71,71,71,71,71,71,71,71,71,71,71,71,71,71,71,71,71,71,71,71,71,71,71,71,71],"card_choices":[{"not_picked":["Rebound","Turbo"],"picked":"Redo","floor":1},{"not_picked":["Melter","Beam Cell"],"picked":"Go for the Eyes","floor":3},{"not_picked":["Turbo","Rebound"],"picked":"Compile Driver","floor":4},{"not_picked":["White Noise","Barrage"],"picked":"Ball Lightning","floor":7},{"not_picked":["Steam","Hello World"],"picked":"Conserve Battery","floor":11},{"not_picked":["Leap","Amplify"],"picked":"Streamline","floor":13},{"not_picked":["Fission","Hyperbeam"],"picked":"Machine Learning","floor":16},{"not_picked":["Go for the Eyes","Reinforced Body"],"picked":"Cold Snap","floor":18},{"not_picked":["Coolheaded","Redo"],"picked":"Consume","floor":19},{"not_picked":["Streamline","Beam Cell","Redo"],"picked":"SKIP","floor":22},{"not_picked":["Redo","Leap","Undo"],"picked":"SKIP","floor":24},{"not_picked":["Redo","Conserve Battery"],"picked":"Tempest","floor":29},{"not_picked":["Hologram","Streamline"],"picked":"Ball Lightning","floor":30}],"player_experience":902145,"relics_obtained":[{"floor":9,"key":"Dodecahedron"},{"floor":13,"key":"Anchor"},{"floor":26,"key":"Cables"}],"event_choices":[{"event_name":"Golden Wing","player_choice":"Card Removal","floor":2,"damage_taken":0},{"event_name":"Liars Game","player_choice":"disagreed","floor":14,"damage_taken":0},{"event_name":"Vampires","player_choice":"Ignored","floor":21,"damage_taken":0},{"event_name":"Masked Bandits","player_choice":"Paid Bandits 54 gold","floor":28,"damage_taken":0}],"is_beta":true,"boss_relics":[{"not_picked":["Lizard Tail","Calling Bell"],"picked":"White Beast Statue"}],"items_purged_floors":[5,20],"is_endless":false,"potions_floor_spawned":[4,13,16,18,19,22,24,29,30],"killed_by":"Gremlin Leader","ascension_level":15}