{"gold_per_floor":[113,63,79,90,90,117,127,127,127,157,226,246,264,282,282,382,382,399,411,68,86,86,114,129,39,39,59,72,88,88,98,98,98],"floor_reached":33,"playtime":2765,"items_purged":[],"score":310,"play_id":"199ca7e0-5196-4f94-b5fe-574a55b42f74","local_time":"20181012201659","is_ascension_mode":false,"campfire_choices":[{"data":"Whirlwind","floor":15,"key":"SMITH"},{"floor":32,"key":"REST"}],"neow_cost":"NONE","seed_source_timestamp":20907222757727,"circlet_count":0,"master_deck":["Strike_R","Strike_R","Strike_R","Defend_R","Defend_R","Defend_R","Bash","Armaments+1","Shrug It Off","Bloodletting+1","Heavy Blade","Flex","Feed","Cleave","Twin Strike","Headbutt","Whirlwind+1","Offering","Shockwave","Perfected Strike+1","Anger","Anger","Body Slam+1","Dual Wield","Spot Weakness","Sword Boomerang+1","Iron Wave+1","Flame Barrier+1"],"relics":["Burning Blood","Anchor","Ancient Tea Set","Pantograph","Eternal Feather","Torii","MutagenicStrength","Champion Belt","Bottled Flame"],"potions_floor_usage":[23,24,33,33,33,33,33],"damage_taken":[{"damage":3,"enemies":"2 Louse","floor":1,"turns":3},{"damage":0,"enemies":"Small Slimes","floor":3,"turns":3},{"damage":3,"enemies":"Cultist","floor":4,"turns":4},{"damage":31,"enemies":"3 Sentries","floor":6,"turns":12},{"damage":3,"enemies":"Exordium Wildlife","floor":7,"turns":3},{"damage":16,"enemies":"Gremlin Nob","floor":10,"turns":4},{"damage":3,"enemies":"2 Fungi Beasts","floor":12,"turns":2},{"damage":3,"enemies":"3 Louse","floor":13,"turns":2},{"damage":0,"enemies":"Looter","floor":14,"turns":2},{"damage":22,"enemies":"Slime Boss","floor":16,"turns":7},{"damage":23,"enemies":"2 Thieves","floor":18,"turns":4},{"damage":15,"enemies":"Chosen","floor":19,"turns":5},{"damage":24,"enemies":"Snake Plant","floor":21,"turns":3},{"damage":21,"enemies":"Book of Stabbing","floor":23,"turns":5},{"damage":19,"enemies":"Snecko","floor":24,"turns":5},{"damage":9,"enemies":"Chosen and Byrds","floor":27,"turns":7},{"damage":4,"enemies":"Snake Plant","floor":28,"turns":3},{"damage":27,"enemies":"Centurion and Healer","floor":29,"turns":3},{"damage":42,"enemies":"Sentry and Sphere","floor":31,"turns":6},{"damage":81,"enemies":"Automaton","floor":33,"turns":8}],"seed_played":"2870914074070202668","potions_obtained":[{"floor":6,"key":"Strength Potion"},{"floor":10,"key":"EntropicBrew"},{"floor":14,"key":"Energy Potion"},{"floor":21,"key":"BloodPotion"},{"floor":28,"key":"EssenceOfSteel"},{"floor":31,"key":"Energy Potion"}],"is_trial":false,"path_per_floor":["M","?","M","M","?","E","M","?","T","E","?","M","M","M","R","B",null,"M","M","$","M","?","E","M","?","T","M","M","M","?","M","R"],"character_chosen":"IRONCLAD","items_purchased":["Anger","Torii"],"campfire_rested":1,"item_purchase_floors":[20,20],"current_hp_per_floor":[80,80,80,80,80,55,58,58,58,48,48,54,60,69,69,73,89,75,69,69,51,51,48,35,35,35,32,34,13,45,9,53,0],"gold":98,"neow_bonus":"TRANSFORM_CARD","is_prod":false,"is_daily":false,"chose_seed":false,"campfire_upgraded":1,"win_rate":0.0,"timestamp":1539386219,"path_taken":["M","?","M","M","?","E","M","?","T","E","?","M","M","M","R","BOSS","M","M","$","M","?","E","M","?","T","?","M","M","?","M","R","BOSS"],"build_version":"2018-10-11","purchased_purges":0,"victory":false,"max_hp_per_floor":[80,80,80,80,80,80,80,80,80,80,80,83,86,89,89,89,89,92,95,95,95,95,98,98,98,98,98,98,98,98,98,98,98],"card_choices":[{"not_picked":["Warcry","Entrench"],"picked":"Shrug It Off","floor":1},{"not_picked":["Thunderclap","Pommel Strike"],"picked":"Bloodletting","floor":3},{"not_picked":["Warcry","Shrug It Off"],"picked":"Heavy Blade","floor":4},{"not_picked":["Headbutt","Armaments"],"picked":"Flex","floor":6},{"not_picked":["Feel No Pain","Sword Boomerang"],"picked":"Feed","floor":7},{"not_picked":["Pommel Strike","Barricade"],"picked":"Cleave","floor":10},{"not_picked":["Shockwave","Flex"],"picked":"Twin Strike","floor":12},{"not_picked":["Flame Barrier","Body Slam"],"picked":"Headbutt","floor":13},{"not_picked":["Clothesline","Ghostly Armor"],"picked":"Whirlwind","floor":14},{"not_picked":["Barricade","Bludgeon"],"picked":"Offering","floor":16},{"not_picked":["Clothesline","Sword Boomerang+1"],"picked":"Shockwave","floor":18},{"not_picked":["Armaments","Shrug It Off"],"picked":"Perfected Strike+1","floor":19},{"not_picked":["Headbutt","Twin Strike"],"picked":"Anger","floor":21},{"not_picked":["Armaments","Anger"],"picked":"Body Slam+1","floor":23},{"not_picked":["Uppercut","Flex"],"picked":"Dual Wield","floor":24},{"not_picked":["Twin Strike","Brutality"],"picked":"Spot Weakness","floor":27},{"not_picked":["Shrug It Off","Thunderclap"],"picked":"Sword Boomerang+1","floor":28},{"not_picked":["Perfected Strike+1","Sword Boomerang"],"picked":"Iron Wave+1","floor":29},{"not_picked":["Bludgeon","Anger+1"],"picked":"Flame Barrier+1","floor":31}],"player_experience":14558,"relics_obtained":[{"floor":6,"key":"Anchor"},{"floor":9,"key":"Ancient Tea Set"},{"floor":10,"key":"Pantograph"},{"floor":23,"key":"Champion Belt"},{"floor":26,"key":"Bottled Flame"}],"event_choices":[{"event_name":"The Cleric","player_choice":"Card Removal","floor":2,"damage_taken":0},{"event_name":"Living Wall","player_choice":"Grow","floor":5,"damage_taken":0},{"event_name":"Liars Game","player_choice":"disagreed","floor":8,"damage_taken":0},{"event_name":"Golden Wing","player_choice":"Gained Gold","floor":11,"damage_taken":0},{"event_name":"Drug Dealer","player_choice":"Inject Mutagens","floor":22,"damage_taken":0},{"event_name":"Designer","player_choice":"Full Service","floor":25,"damage_taken":0},{"event_name":"The Library","player_choice":"Heal","floor":30,"damage_taken":0}],"is_beta":false,"boss_relics":[{"not_picked":["Ectoplasm","Coffee Dripper"],"picked":"Eternal Feather"}],"items_purged_floors":[],"is_endless":false,"potions_floor_spawned":[6,10,14,16,19,21,28,31],"killed_by":"Automaton","ascension_level":0}