{"gold_per_floor":[113,113,188,202,213,241,191,191,191,81,81,98,98,98,98,98],"floor_reached":16,"playtime":1628,"items_purged":["Regret"],"score":98,"play_id":"bd873b45-7404-4c38-b4ce-d8fd48753c60","local_time":"20181013222545","is_ascension_mode":false,"campfire_choices":[{"floor":8,"key":"REST"},{"data":"Neutralize","floor":11,"key":"SMITH"},{"data":"Well Laid Plans","floor":13,"key":"SMITH"},{"floor":15,"key":"REST"}],"neow_cost":"TEN_PERCENT_HP_LOSS","seed_source_timestamp":26015393475408,"circlet_count":0,"master_deck":["Defend_G","Defend_G","Defend_G","Defend_G","Strike_G","Strike_G","Strike_G","Survivor","Neutralize+1","Wraith Form v2","Infinite Blades","Deadly Poison","Flying Knee","Cloak And Dagger","Deadly Poison","Well Laid Plans+1","Cloak And Dagger"],"relics":["Ring of the Snake","Calipers","Bottled Tornado","Ornamental Fan"],"potions_floor_usage":[16],"damage_taken":[{"damage":0,"enemies":"2 Louse","floor":1,"turns":4},{"damage":1,"enemies":"Cultist","floor":4,"turns":4},{"damage":5,"enemies":"Small Slimes","floor":5,"turns":4},{"damage":30,"enemies":"3 Sentries","floor":6,"turns":10},{"damage":9,"enemies":"Exordium Thugs","floor":12,"turns":6},{"damage":52,"enemies":"Slime Boss","floor":16,"turns":12}],"seed_played":"-726524791081356062","potions_obtained":[{"floor":12,"key":"Weak Potion"}],"is_trial":false,"path_per_floor":["M","?","?","M","M","E","?","R","T","$","R","M","R","?","R"],"character_chosen":"THE_SILENT","items_purchased":["Well Laid Plans"],"campfire_rested":2,"item_purchase_floors":[10],"current_hp_per_floor":[63,63,52,51,46,16,16,34,34,34,34,25,25,25,43,0],"gold":98,"neow_bonus":"TRANSFORM_TWO_CARDS","is_prod":false,"is_daily":false,"chose_seed":false,"campfire_upgraded":2,"win_rate":0,"timestamp":1539480345,"path_taken":["M","?","?","M","M","E","?","R","T","$","R","M","R","?","R","BOSS"],"build_version":"2018-10-11","purchased_purges":1,"victory":false,"max_hp_per_floor":[63,63,63,63,63,63,63,63,63,63,63,63,63,63,63,63],"card_choices":[{"not_picked":["Flying Knee","Acrobatics"],"picked":"Deadly Poison","floor":1},{"not_picked":["Slice","Terror"],"picked":"Flying Knee","floor":4},{"not_picked":["Escape Plan","Dodge and Roll"],"picked":"Cloak And Dagger","floor":5},{"not_picked":["Slice","Choke"],"picked":"Deadly Poison","floor":6},{"not_picked":["Wraith Form v2","Expertise"],"picked":"Cloak And Dagger","floor":12}],"player_experience":50464,"relics_obtained":[{"floor":6,"key":"Bottled Tornado"},{"floor":9,"key":"Ornamental Fan"}],"event_choices":[{"event_name":"Big Fish","player_choice":"Box","floor":2,"damage_taken":0},{"event_name":"World of Goop","player_choice":"Gather Gold","floor":3,"damage_taken":0},{"event_name":"The Cleric","player_choice":"Card Removal","floor":7,"damage_taken":0},{"event_name":"Liars Game","player_choice":"disagreed","floor":14,"damage_taken":0}],"is_beta":false,"boss_relics":[],"items_purged_floors":[10],"is_endless":false,"potions_floor_spawned":[12],"killed_by":"Slime Boss","ascension_level":0}