{"gold_per_floor":[99,99,99,99,99,99,99,99,99,64,64,64,64,64,64,64,64,64,64,64,40,40,40,40,40,40,40,40,40,40,40,40,40,40,40,40,40,40,40,40,40,40,40,40,40,40,40,40,40,40],"floor_reached":50,"playtime":37792,"items_purged":[],"score":869,"play_id":"b4c0510b-88ee-4259-86a4-aaabb7ec675b","local_time":"20190216095447","is_ascension_mode":true,"campfire_choices":[{"floor":15,"key":"RECALL"},{"floor":30,"key":"REST"},{"data":"Demon Form","floor":32,"key":"SMITH"},{"floor":41,"key":"REST"},{"floor":49,"key":"REST"}],"neow_cost":"NONE","seed_source_timestamp":2389807418633025,"circlet_count":0,"master_deck":["Strike_R+1","Strike_R+1","Strike_R+1","Strike_R+1","Defend_R+1","Defend_R+1","Defend_R+1","Defend_R+1","Bash","Battle Trance","Cleave+1","Iron Wave","Cleave","Immolate","Second Wind","Inflame+1","Clothesline","Anger","Pommel Strike","Demon Form+1","Inflame+1","Armaments","Burning Pact","Pummel","Impervious","Shrug It Off","Exhume","Pommel Strike","Discovery","Magnetism+1","Secret Weapon","Heavy Blade+1","Sword Boomerang","Shrug It Off","Rage","Parasite","Shrug It Off+1","Shockwave","Heavy Blade","Heavy Blade+1","Heavy Blade+1"],"relics":["Ectoplasm","Anchor","Strawberry","Whetstone","Black Star","Matryoshka","Blue Candle","PreservedInsect","Red Skull","Orichalcum","Pen Nib","Singing Bowl","Smiling Mask","Fusion Hammer","Dream Catcher","Dodecahedron","Vajra","Shuriken","Happy Flower","Bronze Scales","Omamori","Torii"],"potions_floor_usage":[6,6,12,16,25,25,25,29,35,50,50],"damage_taken":[{"damage":0,"enemies":"Small Slimes","floor":1,"turns":3},{"damage":0,"enemies":"Jaw Worm","floor":2,"turns":3},{"damage":2,"enemies":"2 Louse","floor":3,"turns":3},{"damage":0,"enemies":"Large Slime","floor":4,"turns":3},{"damage":0,"enemies":"Gremlin Nob","floor":6,"turns":2},{"damage":1,"enemies":"Exordium Thugs","floor":8,"turns":3},{"damage":0,"enemies":"3 Sentries","floor":12,"turns":4},{"damage":0,"enemies":"2 Fungi Beasts","floor":13,"turns":1},{"damage":0,"enemies":"Blue Slaver","floor":14,"turns":2},{"damage":43,"enemies":"Hexaghost","floor":16,"turns":8},{"damage":0,"enemies":"Chosen","floor":18,"turns":3},{"damage":14,"enemies":"Slavers","floor":23,"turns":3},{"damage":26,"enemies":"Gremlin Leader","floor":25,"turns":5},{"damage":14,"enemies":"Spheric Guardian","floor":27,"turns":4},{"damage":10,"enemies":"Snake Plant","floor":28,"turns":3},{"damage":0,"enemies":"Slavers","floor":29,"turns":2},{"damage":0,"enemies":"Snecko","floor":31,"turns":3},{"damage":23,"enemies":"Collector","floor":33,"turns":6},{"damage":7,"enemies":"3 Darklings","floor":35,"turns":2},{"damage":7,"enemies":"Orb Walker","floor":37,"turns":4},{"damage":14,"enemies":"Jaw Worm Horde","floor":39,"turns":4},{"damage":0,"enemies":"Giant Head","floor":40,"turns":5},{"damage":28,"enemies":"Reptomancer","floor":42,"turns":6},{"damage":23,"enemies":"4 Shapes","floor":44,"turns":3},{"damage":0,"enemies":"Writhing Mass","floor":45,"turns":3},{"damage":2,"enemies":"Sphere and 2 Shapes","floor":46,"turns":3},{"damage":0,"enemies":"Giant Head","floor":47,"turns":5},{"damage":33,"enemies":"Spire Growth","floor":48,"turns":4},{"damage":41,"enemies":"Donu and Deca","floor":50,"turns":4}],"seed_played":"-1850725058525161158","potions_obtained":[{"floor":2,"key":"Block Potion"},{"floor":3,"key":"AttackPotion"},{"floor":8,"key":"Fire Potion"},{"floor":13,"key":"GamblersBrew"},{"floor":14,"key":"Explosive Potion"},{"floor":16,"key":"Block Potion"},{"floor":23,"key":"Fire Potion"},{"floor":28,"key":"SkillPotion"},{"floor":33,"key":"LiquidBronze"},{"floor":35,"key":"Poison Potion"},{"floor":44,"key":"SpeedPotion"},{"floor":45,"key":"GamblersBrew"},{"floor":47,"key":"Dexterity Potion"}],"is_trial":false,"path_per_floor":["M","M","M","M","?","E","?","M","T","$","?","E","M","M","R","B",null,"M","?","$","$","?","E","?","E","T","M","M","E","R","M","R","B",null,"M","?","M","?","M","E","R","E","T","M","M","M","E","M","R","B"],"character_chosen":"IRONCLAD","items_purchased":["Inflame","Armaments"],"campfire_rested":3,"item_purchase_floors":[10,21],"current_hp_per_floor":[80,80,78,78,83,83,72,71,71,71,64,64,64,64,64,21,92,92,92,92,92,92,78,78,52,52,38,28,28,55,57,57,34,94,87,77,70,70,58,58,86,58,58,37,37,35,35,2,31,0],"gold":40,"neow_bonus":"BOSS_RELIC","is_prod":false,"is_daily":false,"chose_seed":false,"campfire_upgraded":1,"win_rate":0,"timestamp":1550310887,"path_taken":["M","M","M","M","?","E","?","M","T","$","?","E","M","M","R","BOSS","M","?","?","$","?","E","?","E","T","M","?","E","R","M","R","BOSS","M","?","M","?","M","E","R","E","T","M","?","M","E","M","R","BOSS"],"build_version":"2019-01-23","purchased_purges":0,"victory":false,"max_hp_per_floor":[80,80,80,80,85,85,92,92,92,92,92,92,92,92,92,92,92,92,92,92,92,92,92,92,92,92,92,92,92,92,94,94,94,94,94,94,94,94,96,96,96,96,96,98,98,98,98,98,98,98],"card_choices":[{"not_picked":["Wild Strike","Perfected Strike"],"picked":"Battle Trance","floor":1},{"not_picked":["Rage","Clash"],"picked":"Cleave","floor":2},{"not_picked":["Sword Boomerang","Hemokinesis"],"picked":"Iron Wave","floor":3},{"not_picked":["Feel No Pain","Blood for Blood"],"picked":"Cleave","floor":4},{"not_picked":["Rupture","Infernal Blade"],"picked":"Immolate","floor":6},{"not_picked":["Rupture","Clash"],"picked":"Second Wind","floor":8},{"not_picked":["Flex","Heavy Blade"],"picked":"Clothesline","floor":12},{"not_picked":["Dark Embrace","Thunderclap"],"picked":"Anger","floor":13},{"not_picked":["Flex","Warcry"],"picked":"Pommel Strike","floor":14},{"not_picked":["Immolate","Barricade"],"picked":"Demon Form","floor":16},{"not_picked":["Armaments","Spot Weakness+1"],"picked":"Inflame+1","floor":18},{"not_picked":["Headbutt","Wild Strike"],"picked":"Burning Pact","floor":23},{"not_picked":["Clash","Sever Soul","Havoc"],"picked":"SKIP","floor":25},{"not_picked":["Blood for Blood+1","Carnage"],"picked":"Pummel","floor":27},{"not_picked":["Sever Soul","Havoc"],"picked":"Impervious","floor":28},{"not_picked":["Blood for Blood+1","Disarm"],"picked":"Shrug It Off","floor":29},{"not_picked":["Carnage","Anger","Flex"],"picked":"Singing Bowl","floor":31},{"not_picked":["Double Tap","Dark Embrace"],"picked":"Exhume","floor":33},{"not_picked":["Wild Strike","Clash"],"picked":"Pommel Strike","floor":35},{"not_picked":["Jack Of All Trades","Enlightenment"],"picked":"Discovery","floor":36},{"not_picked":["Forethought","Deep Breath"],"picked":"Magnetism","floor":36},{"not_picked":["Jack Of All Trades","Panache"],"picked":"Secret Weapon","floor":36},{"not_picked":["Headbutt","Dropkick+1"],"picked":"Heavy Blade+1","floor":37},{"not_picked":["Havoc","Second Wind","Twin Strike+1"],"picked":"Singing Bowl","floor":39},{"not_picked":["Sentinel+1","Anger"],"picked":"Sword Boomerang","floor":40},{"not_picked":["Second Wind+1","Clash"],"picked":"Shrug It Off","floor":41},{"not_picked":["Wild Strike+1","Barricade"],"picked":"Rage","floor":42},{"not_picked":["Clash+1","Hemokinesis","Evolve"],"picked":"Singing Bowl","floor":44},{"not_picked":["True Grit","Flex"],"picked":"Shrug It Off+1","floor":45},{"not_picked":["Cleave+1","Perfected Strike+1"],"picked":"Shockwave","floor":46},{"not_picked":["Anger+1","Armaments+1"],"picked":"Heavy Blade","floor":47},{"not_picked":["Twin Strike+1","Metallicize"],"picked":"Heavy Blade+1","floor":48},{"not_picked":["Corruption","Warcry"],"picked":"Heavy Blade+1","floor":49}],"player_experience":749777,"relics_obtained":[{"floor":6,"key":"Anchor"},{"floor":12,"key":"Whetstone"},{"floor":23,"key":"Matryoshka"},{"floor":23,"key":"Blue Candle"},{"floor":25,"key":"PreservedInsect"},{"floor":25,"key":"Red Skull"},{"floor":26,"key":"Orichalcum"},{"floor":26,"key":"Pen Nib"},{"floor":29,"key":"Singing Bowl"},{"floor":29,"key":"Smiling Mask"},{"floor":40,"key":"Dream Catcher"},{"floor":40,"key":"Dodecahedron"},{"floor":42,"key":"Vajra"},{"floor":42,"key":"Shuriken"},{"floor":43,"key":"Happy Flower"},{"floor":43,"key":"Bronze Scales"},{"floor":47,"key":"Omamori"},{"floor":47,"key":"Torii"}],"event_choices":[{"damage_healed":0,"gold_gain":0,"player_choice":"Donut","damage_taken":0,"max_hp_gain":5,"max_hp_loss":0,"event_name":"Big Fish","floor":5,"gold_loss":0},{"damage_healed":0,"gold_gain":0,"player_choice":"Success","damage_taken":18,"relics_obtained":["Strawberry"],"max_hp_gain":0,"max_hp_loss":0,"event_name":"Scrap Ooze","floor":7,"gold_loss":0},{"cards_removed":["Strike_R"],"damage_healed":0,"gold_gain":0,"player_choice":"Card Removal","damage_taken":7,"max_hp_gain":0,"max_hp_loss":0,"event_name":"Golden Wing","floor":11,"gold_loss":0},{"damage_healed":0,"gold_gain":0,"player_choice":"Upgraded","damage_taken":0,"max_hp_gain":0,"max_hp_loss":0,"event_name":"Upgrade Shrine","floor":19,"gold_loss":0,"cards_upgraded":["Inflame"]},{"damage_healed":0,"gold_gain":0,"player_choice":"Simplicity","damage_taken":0,"max_hp_gain":0,"max_hp_loss":0,"event_name":"Back to Basics","floor":22,"gold_loss":0,"cards_upgraded":["Strike_R","Strike_R","Strike_R","Defend_R","Defend_R","Defend_R","Defend_R"]},{"damage_healed":0,"gold_gain":0,"player_choice":"Ignored","damage_taken":0,"max_hp_gain":0,"max_hp_loss":0,"event_name":"Ghosts","floor":24,"gold_loss":0},{"damage_healed":0,"gold_gain":0,"player_choice":"Memory 3","damage_taken":10,"max_hp_gain":0,"max_hp_loss":0,"event_name":"SensoryStone","floor":36,"gold_loss":0},{"damage_healed":0,"gold_gain":0,"player_choice":"Upgraded","damage_taken":0,"max_hp_gain":0,"max_hp_loss":0,"event_name":"Upgrade Shrine","floor":38,"gold_loss":0,"cards_upgraded":["Magnetism"]}],"is_beta":false,"boss_relics":[{"not_picked":["Astrolabe","Coffee Dripper"],"picked":"Black Star"},{"not_picked":["Empty Cage","Velvet Choker"],"picked":"Fusion Hammer"}],"items_purged_floors":[],"is_endless":false,"potions_floor_spawned":[2,3,8,13,14,16,23,28,33,35,44,45,47],"killed_by":"Donu and Deca","ascension_level":1}