{"gold_per_floor":[117,68,82,82,134,134,148,182,235,235,265,326,345,374,374,477,477,492,492,417,417,95,429,429,213,213,239,251,126,126,225,225,324,324,339,189,199,24,37,66,66,101,101,129,129,129,142,142,142,142],"floor_reached":50,"playtime":5146,"items_purged":["Strike_B","Defend_B","Genetic Algorithm","Strike_B","Strike_B"],"score":813,"play_id":"f6e62cc5-0cd4-4a10-a4ca-ddfe3f60cc2c","local_time":"20190202203544","is_ascension_mode":true,"campfire_choices":[{"data":"Coolheaded","floor":6,"key":"SMITH"},{"floor":10,"key":"REST"},{"floor":15,"key":"REST"},{"data":"Creative AI","floor":24,"key":"SMITH"},{"data":"Hologram","floor":30,"key":"SMITH"},{"data":"Hologram","floor":32,"key":"SMITH"},{"floor":41,"key":"REST"},{"floor":45,"key":"REST"},{"floor":49,"key":"REST"}],"neow_cost":"NONE","seed_source_timestamp":882565087013703,"circlet_count":0,"master_deck":["Zap+1","Ball Lightning+1","Cold Snap+1","Coolheaded+1","Coolheaded+1","Coolheaded+1","Reinforced Body+1","Creative AI+1","BootSequence+1","Melter+1","Hologram+1","Machine Learning+1","Ball Lightning+1","Hologram+1","Machine Learning+1","Beam Cell+1","Leap+1"],"relics":["Busted Crown","Ancient Tea Set","DataDisk","Cables","Bronze Scales","Bottled Lightning","Pen Nib","Boot","White Beast Statue","Mummified Hand","Old Coin","Kunai","Molten Egg 2","Sozu","Bottled Tornado","Toxic Egg 2","Pear","Centennial Puzzle","Mark of the Bloom"],"potions_floor_usage":[8,12,14,18,23,27,33,33,39],"damage_taken":[{"damage":0,"enemies":"Cultist","floor":1,"turns":4},{"damage":2,"enemies":"Jaw Worm","floor":3,"turns":3},{"damage":6,"enemies":"Small Slimes","floor":7,"turns":3},{"damage":9,"enemies":"3 Sentries","floor":8,"turns":7},{"damage":9,"enemies":"Lagavulin","floor":11,"turns":5},{"damage":0,"enemies":"3 Sentries","floor":12,"turns":6},{"damage":0,"enemies":"2 Fungi Beasts","floor":13,"turns":3},{"damage":26,"enemies":"Gremlin Nob","floor":14,"turns":5},{"damage":25,"enemies":"Slime Boss","floor":16,"turns":10},{"damage":6,"enemies":"3 Byrds","floor":18,"turns":4},{"damage":10,"enemies":"Book of Stabbing","floor":23,"turns":6},{"damage":0,"enemies":"Gremlin Leader","floor":27,"turns":6},{"damage":0,"enemies":"Spheric Guardian","floor":28,"turns":2},{"damage":37,"enemies":"Automaton","floor":33,"turns":9},{"damage":19,"enemies":"3 Darklings","floor":35,"turns":4},{"damage":4,"enemies":"3 Shapes","floor":37,"turns":3},{"damage":4,"enemies":"3 Darklings","floor":39,"turns":4},{"damage":12,"enemies":"Giant Head","floor":40,"turns":8},{"damage":0,"enemies":"Nemesis","floor":42,"turns":7},{"damage":20,"enemies":"Giant Head","floor":44,"turns":8},{"damage":0,"enemies":"Spire Growth","floor":47,"turns":3},{"damage":67,"enemies":"Time Eater","floor":50,"turns":7}],"seed_played":"-2617822920282080902","potions_obtained":[{"floor":7,"key":"Strength Potion"},{"floor":11,"key":"SkillPotion"},{"floor":13,"key":"Dexterity Potion"},{"floor":16,"key":"Strength Potion"},{"floor":18,"key":"SkillPotion"},{"floor":23,"key":"LiquidBronze"},{"floor":27,"key":"EssenceOfSteel"},{"floor":28,"key":"SneckoOil"},{"floor":33,"key":"LiquidBronze"}],"is_trial":false,"path_per_floor":["M","$","M","?","T","R","M","E","T","R","E","?","M","E","R","B",null,"M","?","?","?","$","E","R","$","T","E","M","$","R","?","R","B",null,"M","$","M","$","M","E","R","E","T","E","R","?","M","?","R","B"],"character_chosen":"DEFECT","items_purchased":["Cold Snap","Mummified Hand","Machine Learning","Ball Lightning"],"campfire_rested":5,"item_purchase_floors":[2,22,25,25],"current_hp_per_floor":[75,75,73,48,48,48,42,33,33,55,46,46,46,20,42,17,61,55,55,55,55,55,45,45,45,45,45,45,45,45,45,45,8,58,39,39,35,35,31,19,41,41,51,31,56,56,56,56,56,0],"gold":142,"neow_bonus":"BOSS_RELIC","is_prod":false,"is_daily":false,"chose_seed":false,"campfire_upgraded":4,"win_rate":0,"timestamp":1549136144,"path_taken":["M","$","?","?","?","R","M","E","T","R","E","?","M","E","R","BOSS","M","?","?","?","$","E","R","?","T","E","?","$","R","?","R","BOSS","M","$","M","$","M","E","R","E","T","E","R","?","M","?","R","BOSS"],"build_version":"2019-01-23","purchased_purges":5,"victory":false,"max_hp_per_floor":[75,75,75,75,75,75,75,75,75,75,75,75,75,75,75,75,75,75,75,75,75,75,75,75,75,75,75,75,75,75,75,75,75,75,75,75,75,75,75,75,75,75,85,85,85,85,85,85,85,85],"card_choices":[{"not_picked":[],"picked":"Ball Lightning","floor":1},{"not_picked":[],"picked":"Coolheaded","floor":3},{"not_picked":["Streamline"],"picked":"SKIP","floor":7},{"not_picked":["Double Energy"],"picked":"SKIP","floor":8},{"not_picked":[],"picked":"Coolheaded","floor":11},{"not_picked":[],"picked":"Coolheaded","floor":12},{"not_picked":["Redo"],"picked":"SKIP","floor":13},{"not_picked":[],"picked":"Reinforced Body","floor":14},{"not_picked":[],"picked":"Creative AI","floor":16},{"not_picked":[],"picked":"BootSequence","floor":18},{"not_picked":[],"picked":"Hologram","floor":23},{"not_picked":["Streamline+1"],"picked":"SKIP","floor":27},{"not_picked":[],"picked":"Hologram","floor":28},{"not_picked":[],"picked":"Machine Learning","floor":33},{"not_picked":[],"picked":"Beam Cell+1","floor":35},{"not_picked":["Auto Shields+1"],"picked":"SKIP","floor":37},{"not_picked":["Rebound+1"],"picked":"SKIP","floor":39},{"not_picked":["Stack+1"],"picked":"SKIP","floor":40},{"not_picked":["Beam Cell+1"],"picked":"SKIP","floor":42},{"not_picked":[],"picked":"Leap+1","floor":44},{"not_picked":["Beam Cell+1"],"picked":"SKIP","floor":47}],"player_experience":130931,"relics_obtained":[{"floor":5,"key":"DataDisk"},{"floor":8,"key":"Cables"},{"floor":9,"key":"Bronze Scales"},{"floor":11,"key":"Bottled Lightning"},{"floor":12,"key":"Pen Nib"},{"floor":14,"key":"Boot"},{"floor":23,"key":"Old Coin"},{"floor":26,"key":"Kunai"},{"floor":27,"key":"Molten Egg 2"},{"floor":40,"key":"Bottled Tornado"},{"floor":42,"key":"Toxic Egg 2"},{"floor":43,"key":"Pear"},{"floor":44,"key":"Centennial Puzzle"}],"event_choices":[{"damage_healed":0,"gold_gain":0,"player_choice":"Success","damage_taken":25,"relics_obtained":["Ancient Tea Set"],"max_hp_gain":0,"max_hp_loss":0,"event_name":"Scrap Ooze","floor":4,"gold_loss":0},{"damage_healed":0,"gold_gain":30,"player_choice":"Searched \u00273\u0027 times","damage_taken":0,"max_hp_gain":0,"max_hp_loss":0,"event_name":"Dead Adventurer","floor":12,"gold_loss":0},{"cards_removed":["Defend_B"],"damage_healed":0,"gold_gain":0,"player_choice":"Elegance","damage_taken":0,"max_hp_gain":0,"max_hp_loss":0,"event_name":"Back to Basics","floor":19,"gold_loss":0},{"cards_removed":["Defend_B"],"damage_healed":0,"gold_gain":0,"player_choice":"Gave Gold","damage_taken":0,"max_hp_gain":0,"max_hp_loss":0,"event_name":"Beggar","floor":20,"gold_loss":75},{"damage_healed":0,"gold_gain":0,"cards_transformed":["Strike_B","Defend_B"],"player_choice":"Became Test Subject","damage_taken":0,"max_hp_gain":0,"max_hp_loss":0,"event_name":"Drug Dealer","floor":21,"gold_loss":0,"cards_obtained":["Genetic Algorithm","Melter"]},{"damage_healed":0,"gold_gain":99,"player_choice":"Stole From Cult","damage_taken":0,"max_hp_gain":0,"max_hp_loss":0,"event_name":"Nest","floor":31,"gold_loss":0},{"cards_removed":["Dualcast"],"damage_healed":0,"gold_gain":0,"player_choice":"Removed Skill","damage_taken":0,"max_hp_gain":0,"max_hp_loss":0,"event_name":"Falling","floor":46,"gold_loss":0},{"damage_healed":0,"gold_gain":0,"player_choice":"Upgrade","damage_taken":0,"relics_obtained":["Mark of the Bloom"],"max_hp_gain":0,"max_hp_loss":0,"event_name":"MindBloom","floor":48,"gold_loss":0,"cards_upgraded":["Zap","Ball Lightning","Cold Snap","Coolheaded","Coolheaded","Reinforced Body","BootSequence","Melter","Machine Learning","Ball Lightning","Machine Learning"]}],"is_beta":false,"boss_relics":[{"not_picked":["Runic Dome","Orrery"],"picked":"White Beast Statue"},{"not_picked":["Velvet Choker","Fusion Hammer"],"picked":"Sozu"}],"items_purged_floors":[22,25,29,36,38],"is_endless":false,"potions_floor_spawned":[7,11,13,16,18,23,27,28,33,35,37,39,40,42,44,47],"killed_by":"Time Eater","ascension_level":5}