{"gold_per_floor":[116,132,61,61,61,91,111,111,111,125,153,166,182,207,207,305,305,315,24,24,24,41,41,106,0,0,0,32,32,131,144,144,239,239,249,175,175,195,214,247,247,279,279,294,307,324,324,324,324,324],"floor_reached":51,"playtime":1721,"items_purged":[],"score":1258,"play_id":"db9ffe1d-b4a7-4030-b17e-115146e8b229","local_time":"20180629134447","daily_mods":["Draft","Hoarder"],"is_ascension_mode":true,"campfire_choices":[{"data":"Storm","floor":8,"key":"SMITH"},{"data":"Defragment","floor":15,"key":"SMITH"},{"data":"Storm","floor":23,"key":"SMITH"},{"data":"Storm","floor":29,"key":"SMITH"},{"data":"Storm","floor":32,"key":"SMITH"},{"floor":41,"key":"REST"},{"floor":47,"key":"REST"},{"floor":49,"key":"REST"}],"neow_cost":"","seed_source_timestamp":0,"circlet_count":0,"master_deck":["Conserve Battery","Conserve Battery","Conserve Battery","Leap","Leap","Leap","Hologram","Hologram+1","Hologram","Melter","Melter","Melter","Conserve Battery","Conserve Battery","Conserve Battery","Sunder","Sunder","Sunder","Go for the Eyes","Go for the Eyes","Go for the Eyes","Storm","Storm","Storm+1","Aggregate+1","Aggregate","Aggregate","Conserve Battery","Conserve Battery","Conserve Battery","Stack","Stack","Stack","Undo","Undo","Hello World","Hello World","Hello World","Chill","Chill","Chill","Storm+1","Storm+1","Storm+1","Conserve Battery","Conserve Battery","Conserve Battery","Self Repair","Self Repair","Self Repair","Heatsinks","Heatsinks","Heatsinks","FTL+1","FTL+1","FTL+1","Compile Driver+1","Compile Driver+1","Compile Driver+1","Go for the Eyes+1","Go for the Eyes+1","Go for the Eyes+1","Cold Snap+1","Cold Snap+1","Cold Snap+1","Heatsinks","Heatsinks","Heatsinks","Ball Lightning+1","Ball Lightning+1","Ball Lightning+1","Defragment","Defragment","Defragment+1","Reboot","Reboot","Reboot","Steam+1","Steam+1","Steam+1","Static Discharge","Static Discharge","Static Discharge","Writhe","Writhe","Writhe","Defragment","Defragment","Defragment","Amplify","Amplify","Amplify","Sweeping Beam+1","Sweeping Beam+1","Sweeping Beam+1","BootSequence","BootSequence","BootSequence","Biased Cognition","Biased Cognition","Biased Cognition","FTL+1","FTL+1","FTL+1","Hello World","Hello World","Hello World","Glacier+1","Glacier+1","Glacier+1","Heatsinks+1","Heatsinks+1","Heatsinks+1","Stack+1","Stack+1","Stack+1","All For One+1","All For One+1","All For One+1","Coolheaded+1","Coolheaded+1","Coolheaded+1","Storm","Storm","Storm","Defragment+1","Defragment+1","Defragment+1","Madness","Madness","Madness","Madness","Madness","Madness","Glacier","Glacier","Glacier"],"relics":["Cracked Core","Molten Egg 2","Dream Catcher","Vajra","Meat on the Bone","Runic Dome","Toolbox","Bag of Preparation","Tiny Chest","War Paint","Pen Nib","Fusion Hammer","Bronze Scales","Regal Pillow","Turnip"],"potions_floor_usage":[10,28,33],"damage_taken":[{"damage":0,"enemies":"Small Slimes","floor":1,"turns":2},{"damage":0,"enemies":"Cultist","floor":2,"turns":3},{"damage":0,"enemies":"Lagavulin","floor":6,"turns":7},{"damage":4,"enemies":"Jaw Worm","floor":7,"turns":2},{"damage":14,"enemies":"Exordium Thugs","floor":10,"turns":3},{"damage":8,"enemies":"3 Sentries","floor":11,"turns":3},{"damage":2,"enemies":"Exordium Wildlife","floor":12,"turns":2},{"damage":13,"enemies":"Red Slaver","floor":13,"turns":2},{"damage":4,"enemies":"Gremlin Nob","floor":14,"turns":3},{"damage":0,"enemies":"Slime Boss","floor":16,"turns":4},{"damage":13,"enemies":"2 Thieves","floor":18,"turns":3},{"damage":0,"enemies":"Shell Parasite","floor":22,"turns":3},{"damage":0,"enemies":"Book of Stabbing","floor":24,"turns":4},{"damage":28,"enemies":"Slavers","floor":28,"turns":2},{"damage":6,"enemies":"Snecko","floor":31,"turns":3},{"damage":6,"enemies":"Collector","floor":33,"turns":6},{"damage":0,"enemies":"3 Shapes","floor":35,"turns":3},{"damage":0,"enemies":"3 Darklings","floor":38,"turns":2},{"damage":0,"enemies":"Transient","floor":39,"turns":5},{"damage":26,"enemies":"2 Orb Walkers","floor":40,"turns":3},{"damage":5,"enemies":"Giant Head","floor":42,"turns":4},{"damage":0,"enemies":"Maw","floor":44,"turns":4},{"damage":0,"enemies":"Sphere and 2 Shapes","floor":45,"turns":3},{"damage":0,"enemies":"Spire Growth","floor":46,"turns":2},{"damage":0,"enemies":"Donu and Deca","floor":50,"turns":4}],"seed_played":"729180344276650729","potions_obtained":[{"floor":2,"key":"SmokeBomb"},{"floor":6,"key":"SpeedPotion"},{"floor":10,"key":"SpeedPotion"},{"floor":13,"key":"SkillPotion"},{"floor":22,"key":"FocusPotion"},{"floor":33,"key":"Fire Potion"},{"floor":35,"key":"FearPotion"}],"is_trial":true,"path_per_floor":["M","M","$","?","?","E","M","R","T","M","E","M","M","E","R","B",null,"M","$","?","?","M","R","E","?","T","$","E","R","?","M","R","B",null,"M","$","?","M","M","E","R","E","T","M","M","M","R","?","R","B"],"character_chosen":"DEFECT","items_purchased":["Heatsinks","Static Discharge","Toolbox","Hello World"],"campfire_rested":3,"item_purchase_floors":[3,19,19,36],"current_hp_per_floor":[75,75,75,75,75,75,75,75,75,68,60,72,59,55,55,55,75,69,69,69,69,69,69,69,69,69,69,41,41,41,47,47,41,75,75,75,75,75,75,56,75,75,75,75,75,75,75,66,75,75],"gold":324,"neow_bonus":"","is_prod":false,"is_daily":false,"chose_seed":false,"campfire_upgraded":5,"win_rate":0,"timestamp":1530301487,"path_taken":["M","M","$","?","?","E","M","R","T","M","E","M","M","E","R","BOSS","M","$","?","?","?","R","E","?","T","?","E","R","?","M","R","BOSS","M","$","?","?","M","E","R","E","T","M","M","?","R","?","R","BOSS"],"build_version":"2018-06-28","purchased_purges":0,"victory":true,"max_hp_per_floor":[75,75,75,75,75,75,75,75,75,75,75,75,75,75,75,75,75,75,75,75,75,75,75,75,75,75,75,75,75,75,75,75,75,75,75,75,75,75,75,75,75,75,75,75,75,75,75,75,75,75],"card_choices":[{"not_picked":["Heatsinks","Rebound"],"picked":"Conserve Battery","floor":0},{"not_picked":["Rebound","Loop"],"picked":"Leap","floor":0},{"not_picked":["Reinforced Body","Barrage"],"picked":"Hologram","floor":0},{"not_picked":["Stack","Sweeping Beam"],"picked":"Melter","floor":0},{"not_picked":["Rip and Tear","Double Energy"],"picked":"Conserve Battery","floor":0},{"not_picked":["Cold Snap","Static Discharge"],"picked":"Sunder","floor":0},{"not_picked":["Compile Driver","Barrage"],"picked":"Go for the Eyes","floor":0},{"not_picked":["Steam Power","Sweeping Beam"],"picked":"Storm","floor":0},{"not_picked":["Streamline","Double Energy"],"picked":"Aggregate","floor":0},{"not_picked":["Steam","Go for the Eyes"],"picked":"Conserve Battery","floor":0},{"not_picked":["Turbo","Chaos"],"picked":"Stack","floor":0},{"not_picked":["Gash","Sweeping Beam"],"picked":"Undo","floor":0},{"not_picked":["Coolheaded","Darkness"],"picked":"Hello World","floor":0},{"not_picked":["Rebound","Recycle"],"picked":"Chill","floor":0},{"not_picked":["Rebound","Ball Lightning"],"picked":"Storm","floor":0},{"not_picked":["Beam Cell","Cold Snap"],"picked":"Conserve Battery","floor":1},{"not_picked":["Rebound","Steam"],"picked":"Self Repair","floor":2},{"not_picked":["Hologram","Leap"],"picked":"FTL","floor":6},{"not_picked":["Steam Power","Reprogram"],"picked":"Compile Driver+1","floor":7},{"not_picked":["Redo","Fission"],"picked":"Go for the Eyes+1","floor":10},{"not_picked":["Aggregate","Recycle"],"picked":"Cold Snap+1","floor":11},{"not_picked":["Ball Lightning+1","Coolheaded"],"picked":"Heatsinks","floor":12},{"not_picked":["Genetic Algorithm","Sweeping Beam+1"],"picked":"Ball Lightning+1","floor":13},{"not_picked":["Barrage+1","Redo"],"picked":"Defragment","floor":14},{"not_picked":["Hyperbeam+1","Multi-Cast"],"picked":"Reboot","floor":16},{"not_picked":["Genetic Algorithm","Coolheaded"],"picked":"Steam+1","floor":18},{"not_picked":["Steam Power","Steam+1"],"picked":"Defragment","floor":22},{"not_picked":["Consume","Fission"],"picked":"Amplify","floor":24},{"not_picked":["Barrage+1","Darkness"],"picked":"Sweeping Beam+1","floor":28},{"not_picked":["Sweeping Beam+1","Rebound+1"],"picked":"BootSequence","floor":31},{"not_picked":["Echo Form","Thunder Strike+1"],"picked":"Biased Cognition","floor":33},{"not_picked":["Beam Cell+1","Redo"],"picked":"FTL+1","floor":35},{"not_picked":["Conserve Battery+1","Lockon+1"],"picked":"Glacier+1","floor":38},{"not_picked":["Ball Lightning+1","Steam+1","Blizzard+1"],"picked":"SKIP","floor":39},{"not_picked":["Lockon+1","Darkness"],"picked":"Heatsinks+1","floor":40},{"not_picked":["Coolheaded","Recycle"],"picked":"Stack+1","floor":41},{"not_picked":["Streamline+1","Sweeping Beam+1"],"picked":"All For One+1","floor":42},{"not_picked":["Barrage+1","Gash+1"],"picked":"Coolheaded+1","floor":44},{"not_picked":["Streamline+1","Leap+1","Sunder+1"],"picked":"SKIP","floor":45},{"not_picked":["Rebound+1","Redo"],"picked":"Storm","floor":46},{"not_picked":["Sweeping Beam+1","Go for the Eyes+1"],"picked":"Defragment+1","floor":47},{"not_picked":["Auto Shields+1","Multi-Cast"],"picked":"Glacier","floor":49}],"player_experience":735688,"relics_obtained":[{"floor":6,"key":"Molten Egg 2"},{"floor":9,"key":"Dream Catcher"},{"floor":11,"key":"Vajra"},{"floor":14,"key":"Meat on the Bone"},{"floor":24,"key":"Tiny Chest"},{"floor":26,"key":"War Paint"},{"floor":28,"key":"Pen Nib"},{"floor":40,"key":"Bronze Scales"},{"floor":42,"key":"Regal Pillow"},{"floor":43,"key":"Turnip"}],"event_choices":[{"event_name":"The Cleric","player_choice":"Leave","floor":4,"damage_taken":0},{"event_name":"Purifier","player_choice":"Skipped","floor":5,"damage_taken":0},{"event_name":"The Mausoleum","player_choice":"Yes","floor":20,"damage_taken":0},{"event_name":"The Lab","player_choice":"Got Potions","floor":21,"damage_taken":0},{"event_name":"Masked Bandits","player_choice":"Paid Bandits 106 gold","floor":25,"damage_taken":0},{"event_name":"Nest","player_choice":"Stole From Cult","floor":30,"damage_taken":0},{"event_name":"Falling","player_choice":"Removed Skill","floor":37,"damage_taken":0},{"event_name":"Winding Halls","player_choice":"Embrace Madness","floor":48,"damage_taken":0}],"boss_relics":[{"not_picked":["Pandora\u0027s Box","Coffee Dripper"],"picked":"Runic Dome"},{"not_picked":["Astrolabe","Eternal Feather"],"picked":"Fusion Hammer"}],"items_purged_floors":[],"is_endless":false,"potions_floor_spawned":[2,6,10,13,14,22,24,33,35,42,46],"ascension_level":1}