{"gold_per_floor":[113,113,113,113,124,74,399,411,411,411,411,429,429,429,429,526,526,544,469,174,174,114,147,147,159,159,55,55,155,155,167,167,271,271,282,282,302,302,319,319,338,338,409,458,458,23,123,149,149,149],"floor_reached":50,"playtime":2715,"items_purged":[],"score":559,"play_id":"ec4ba6b7-ae5d-4475-9a77-f3bbf53db13c","local_time":"20190216231741","is_ascension_mode":false,"campfire_choices":[{"floor":10,"key":"REST"},{"floor":15,"key":"REST"},{"floor":24,"key":"REST"},{"floor":30,"key":"REST"},{"data":"White Noise","floor":32,"key":"SMITH"},{"floor":40,"key":"REST"},{"floor":42,"key":"REST"},{"data":"Loop","floor":45,"key":"SMITH"},{"floor":49,"key":"REST"}],"neow_cost":"NONE","seed_source_timestamp":30104371170100,"circlet_count":0,"master_deck":["Defend_B","Defend_B","Defend_B","Defend_B","Zap","Dualcast","White Noise","Redo","Genetic Algorithm","Ball Lightning","Hologram","Iron Wave","Buffer","Loop+1","Defragment","White Noise+1","Leap","Sunder+1","Ball Lightning+1","Self Repair","Go for the Eyes+1","Lockon+1","Storm","Hyperbeam+1","White Noise","Good Instincts","Leap+1","Electrodynamics","Melter+1"],"relics":["Cracked Core","NeowsBlessing","Juzu Bracelet","Old Coin","Molten Egg 2","Nuclear Battery","PreservedInsect","Strawberry","Cables","Pocketwatch","Matryoshka","Black Star","Happy Flower","Darkstone Periapt","Mango","Medical Kit","Blue Candle","Girya","Lantern","Toxic Egg 2"],"potions_floor_usage":[7,7,7,16,23,25,29,31,33,44,48,50],"damage_taken":[{"damage":0,"enemies":"Small Slimes","floor":1,"turns":1},{"damage":0,"enemies":"Jaw Worm","floor":2,"turns":1},{"damage":0,"enemies":"Cultist","floor":5,"turns":1},{"damage":14,"enemies":"Gremlin Nob","floor":7,"turns":5},{"damage":25,"enemies":"Exordium Wildlife","floor":8,"turns":6},{"damage":16,"enemies":"Blue Slaver","floor":12,"turns":3},{"damage":24,"enemies":"The Guardian","floor":16,"turns":12},{"damage":0,"enemies":"Spheric Guardian","floor":18,"turns":3},{"damage":20,"enemies":"2 Thieves","floor":22,"turns":4},{"damage":39,"enemies":"Slavers","floor":23,"turns":5},{"damage":3,"enemies":"Snecko","floor":25,"turns":5},{"damage":23,"enemies":"Colosseum Slavers","floor":29,"turns":3},{"damage":6,"enemies":"Colosseum Nobs","floor":29,"turns":4},{"damage":15,"enemies":"Chosen and Byrds","floor":31,"turns":6},{"damage":40,"enemies":"Collector","floor":33,"turns":6},{"damage":8,"enemies":"Orb Walker","floor":35,"turns":3},{"damage":29,"enemies":"3 Darklings","floor":37,"turns":4},{"damage":53,"enemies":"Writhing Mass","floor":39,"turns":7},{"damage":28,"enemies":"Transient","floor":41,"turns":5},{"damage":0,"enemies":"2 Orb Walkers","floor":44,"turns":3},{"damage":16,"enemies":"Mind Bloom Boss Battle","floor":47,"turns":5},{"damage":46,"enemies":"Giant Head","floor":48,"turns":7},{"damage":60,"enemies":"Donu and Deca","floor":50,"turns":5}],"seed_played":"-9077521493752016095","potions_obtained":[{"floor":4,"key":"PowerPotion"},{"floor":4,"key":"SkillPotion"},{"floor":4,"key":"Fire Potion"},{"floor":8,"key":"Swift Potion"},{"floor":16,"key":"EssenceOfSteel"},{"floor":23,"key":"Block Potion"},{"floor":25,"key":"LiquidBronze"},{"floor":29,"key":"Regen Potion"},{"floor":31,"key":"Swift Potion"},{"floor":39,"key":"GamblersBrew"},{"floor":41,"key":"Explosive Potion"},{"floor":48,"key":"PowerPotion"}],"is_trial":false,"path_per_floor":["M","M","?","?","M","?","E","M","T","R","?","M","?","?","R","B",null,"M","?","$","?","M","E","R","M","T","$","?","?","R","M","R","B",null,"M","?","M","?","M","R","M","R","T","?","R","$","?","E","R","B"],"character_chosen":"DEFECT","items_purchased":["PreservedInsect","Defragment","White Noise","Self Repair","Go for the Eyes+1","Medical Kit","Blue Candle"],"campfire_rested":7,"item_purchase_floors":[20,20,20,27,27,46,46],"current_hp_per_floor":[75,75,57,57,57,57,43,18,18,40,33,17,17,17,39,15,75,75,75,75,61,41,9,35,32,32,32,61,46,72,73,73,40,87,86,86,64,64,25,51,30,56,56,77,77,77,61,22,52,0],"gold":149,"neow_bonus":"THREE_ENEMY_KILL","is_prod":false,"is_daily":false,"chose_seed":false,"campfire_upgraded":2,"win_rate":0.0,"timestamp":1550387861,"path_taken":["M","M","?","?","M","?","E","M","T","R","?","M","?","?","R","BOSS","M","?","$","?","M","E","R","M","T","?","?","?","R","M","R","BOSS","M","?","M","?","M","R","M","R","T","?","R","$","?","E","R","BOSS"],"build_version":"2019-01-23","purchased_purges":0,"victory":false,"max_hp_per_floor":[75,75,75,75,75,75,75,75,75,75,75,75,75,75,75,75,75,75,75,75,80,80,87,87,87,87,87,87,87,87,87,87,87,87,87,87,87,87,87,87,87,87,87,101,101,101,101,101,101,101],"card_choices":[{"not_picked":["Rebound","Redo"],"picked":"White Noise","floor":1},{"not_picked":["Skim","Lockon","Reprogram"],"picked":"SKIP","floor":2},{"not_picked":["Turbo","Hologram"],"picked":"Redo","floor":5},{"not_picked":["Cold Snap","Fusion"],"picked":"Genetic Algorithm","floor":7},{"not_picked":["Barrage","Sweeping Beam"],"picked":"Ball Lightning","floor":8},{"not_picked":["Gash+1","Go for the Eyes+1"],"picked":"Hologram","floor":12},{"not_picked":["Biased Cognition","All For One+1"],"picked":"Buffer","floor":16},{"not_picked":["Steam","Ball Lightning+1"],"picked":"Loop","floor":18},{"not_picked":["Cold Snap+1","Turbo"],"picked":"Leap","floor":22},{"not_picked":["Skim+1","Machine Learning"],"picked":"Sunder+1","floor":23},{"not_picked":["Beam Cell+1","Turbo"],"picked":"Ball Lightning+1","floor":25},{"not_picked":["Gash+1","Fusion+1"],"picked":"Lockon+1","floor":29},{"not_picked":["Cold Snap+1","Hologram"],"picked":"Storm","floor":31},{"not_picked":["Thunder Strike+1","Echo Form"],"picked":"Hyperbeam+1","floor":33},{"not_picked":["Redo+1","Stack"],"picked":"Lockon+1","floor":35},{"not_picked":["Aggregate+1","Compile Driver+1"],"picked":"White Noise","floor":37},{"not_picked":["Metamorphosis","Panacea"],"picked":"Good Instincts","floor":38},{"not_picked":["Go for the Eyes+1","Cold Snap+1","Turbo"],"picked":"SKIP","floor":39},{"not_picked":["Cold Snap+1","Ball Lightning+1"],"picked":"Leap+1","floor":41},{"not_picked":["Rebound+1","Gash+1"],"picked":"Electrodynamics","floor":44},{"not_picked":["Consume+1","Steam Power"],"picked":"Melter+1","floor":48}],"player_experience":152450,"relics_obtained":[{"floor":7,"key":"Old Coin"},{"floor":9,"key":"Molten Egg 2"},{"floor":23,"key":"Strawberry"},{"floor":26,"key":"Cables"},{"floor":29,"key":"Pocketwatch"},{"floor":29,"key":"Matryoshka"},{"floor":43,"key":"Happy Flower"},{"floor":43,"key":"Darkstone Periapt"},{"floor":44,"key":"Mango"},{"floor":47,"key":"Girya"},{"floor":48,"key":"Lantern"},{"floor":48,"key":"Toxic Egg 2"}],"event_choices":[{"damage_healed":0,"gold_gain":0,"player_choice":"Success","damage_taken":18,"relics_obtained":["Juzu Bracelet"],"max_hp_gain":0,"max_hp_loss":0,"event_name":"Scrap Ooze","floor":3,"gold_loss":0},{"damage_healed":0,"gold_gain":0,"player_choice":"Got Potions","damage_taken":0,"max_hp_gain":0,"max_hp_loss":0,"event_name":"Lab","floor":4,"gold_loss":0},{"cards_removed":["Strike_B"],"damage_healed":0,"gold_gain":0,"player_choice":"Card Removal","damage_taken":0,"max_hp_gain":0,"max_hp_loss":0,"event_name":"The Cleric","floor":6,"gold_loss":50},{"cards_removed":["Strike_B"],"damage_healed":0,"gold_gain":0,"player_choice":"Card Removal","damage_taken":7,"max_hp_gain":0,"max_hp_loss":0,"event_name":"Golden Wing","floor":11,"gold_loss":0},{"cards_removed":["Strike_B"],"damage_healed":0,"gold_gain":0,"player_choice":"Took Card","damage_taken":0,"max_hp_gain":0,"max_hp_loss":0,"event_name":"NoteForYourself","floor":13,"gold_loss":0,"cards_obtained":["Iron Wave"]},{"damage_healed":0,"gold_gain":0,"player_choice":"Searched \u00271\u0027 times","damage_taken":0,"max_hp_gain":0,"max_hp_loss":0,"event_name":"Dead Adventurer","floor":14,"gold_loss":0},{"cards_removed":["Strike_B"],"damage_healed":0,"gold_gain":0,"player_choice":"Gave Gold","damage_taken":0,"max_hp_gain":0,"max_hp_loss":0,"event_name":"Beggar","floor":19,"gold_loss":75},{"damage_healed":0,"gold_gain":0,"player_choice":"Shed Blood","damage_taken":19,"max_hp_gain":5,"max_hp_loss":0,"event_name":"Forgotten Altar","floor":21,"gold_loss":0},{"damage_healed":29,"gold_gain":0,"player_choice":"Heal","damage_taken":0,"max_hp_gain":0,"max_hp_loss":0,"event_name":"The Library","floor":28,"gold_loss":0},{"damage_healed":0,"gold_gain":0,"player_choice":"Fight","damage_taken":0,"max_hp_gain":0,"max_hp_loss":0,"event_name":"Colosseum","floor":29,"gold_loss":0},{"damage_healed":0,"gold_gain":0,"player_choice":"Fought Nobs","damage_taken":0,"max_hp_gain":0,"max_hp_loss":0,"event_name":"Colosseum","floor":29,"gold_loss":0},{"cards_removed":["Lockon"],"damage_healed":0,"gold_gain":0,"player_choice":"Removed Attack","damage_taken":0,"max_hp_gain":0,"max_hp_loss":0,"event_name":"Falling","floor":36,"gold_loss":0},{"damage_healed":0,"gold_gain":0,"player_choice":"Memory 1","damage_taken":0,"max_hp_gain":0,"max_hp_loss":0,"event_name":"SensoryStone","floor":38,"gold_loss":0},{"damage_healed":0,"gold_gain":0,"player_choice":"Fight","damage_taken":0,"max_hp_gain":0,"max_hp_loss":0,"event_name":"Mysterious Sphere","floor":44,"gold_loss":0},{"damage_healed":0,"gold_gain":0,"player_choice":"Fight","damage_taken":0,"max_hp_gain":0,"max_hp_loss":0,"event_name":"MindBloom","floor":47,"gold_loss":0}],"is_beta":false,"boss_relics":[{"not_picked":["FrozenCore","Philosopher\u0027s Stone"],"picked":"Nuclear Battery"},{"not_picked":["Coffee Dripper","Sozu"],"picked":"Black Star"}],"items_purged_floors":[],"is_endless":false,"potions_floor_spawned":[2,5,8,16,23,25,29,29,31,39,41,48],"killed_by":"Donu and Deca","ascension_level":0}