{"gold_per_floor":[115,35,35,35,35,67,79,91,133,159,188,220,232,260,272,284],"floor_reached":16,"playtime":474,"items_purged":[],"score":244,"play_id":"86770be1-a36a-4134-9563-c47485ba3714","local_time":"20190121225911","is_ascension_mode":true,"campfire_choices":[{"data":"Neutralize","floor":7,"key":"SMITH"},{"data":"Cloak And Dagger","floor":13,"key":"SMITH"},{"data":"Cloak And Dagger","floor":15,"key":"SMITH"}],"neow_cost":"NONE","seed_source_timestamp":1055368444102003,"circlet_count":0,"master_deck":["AscendersBane","Defend_G","Defend_G","Defend_G","Defend_G","Defend_G","Strike_G","Strike_G","Strike_G","Strike_G","Strike_G","Survivor","Neutralize+1","Infinite Blades","Well Laid Plans","Backflip","Cloak And Dagger+1","PiercingWail","Cloak And Dagger+1","Corpse Explosion"],"relics":["Ring of the Snake","NeowsBlessing","GremlinMask","MawBank","Tiny Chest"],"potions_floor_usage":[11,12],"damage_taken":[{"damage":0,"enemies":"Jaw Worm","floor":1,"turns":1},{"damage":0,"enemies":"Lagavulin","floor":6,"turns":1},{"damage":0,"enemies":"2 Louse","floor":10,"turns":1},{"damage":0,"enemies":"Cultist","floor":11,"turns":4},{"damage":12,"enemies":"Large Slime","floor":12,"turns":6},{"damage":1,"enemies":"Blue Slaver","floor":14,"turns":6},{"damage":33,"enemies":"Slime Boss","floor":16,"turns":9}],"seed_played":"-2886778076534254849","potions_obtained":[{"floor":6,"key":"Fire Potion"},{"floor":10,"key":"AttackPotion"},{"floor":11,"key":"Swift Potion"}],"is_trial":false,"path_per_floor":["?","?","M"],"character_chosen":"THE_SILENT","items_purchased":["Well Laid Plans"],"campfire_rested":0,"item_purchase_floors":[2],"current_hp_per_floor":[59,59,59,59,59,59,59,59,59,59,59,47,47,46,46,13],"gold":284,"neow_bonus":"THREE_ENEMY_KILL","is_prod":false,"is_daily":false,"chose_seed":false,"campfire_upgraded":3,"win_rate":0,"timestamp":1548136751,"path_taken":["M","$","?","$","?","E","R","$","T","?","M","M","R","M","R","BOSS"],"build_version":"2019-01-20","purchased_purges":0,"victory":false,"max_hp_per_floor":[66,66,66,66,66,66,66,66,66,66,66,66,66,66,66,66],"card_choices":[{"not_picked":["Flying Knee","Acrobatics"],"picked":"Infinite Blades","floor":1},{"not_picked":["Distraction","Prepared"],"picked":"Backflip","floor":6},{"not_picked":["Riddle With Holes","Dodge and Roll"],"picked":"Cloak And Dagger","floor":10},{"not_picked":["Flying Knee","Setup"],"picked":"PiercingWail","floor":11},{"not_picked":["Concentrate","Well Laid Plans"],"picked":"Cloak And Dagger","floor":12},{"not_picked":["Accuracy","Acrobatics"],"picked":"Corpse Explosion","floor":14}],"player_experience":1242845,"relics_obtained":[{"floor":6,"key":"MawBank"},{"floor":9,"key":"Tiny Chest"}],"event_choices":[{"damage_healed":0,"gold_gain":0,"player_choice":"Leave","damage_taken":0,"max_hp_gain":0,"max_hp_loss":0,"event_name":"The Cleric","floor":3,"gold_loss":0},{"damage_healed":0,"gold_gain":0,"player_choice":"Trade","damage_taken":0,"relics_obtained":["GremlinMask"],"max_hp_gain":0,"max_hp_loss":0,"event_name":"FaceTrader","floor":5,"gold_loss":0}],"is_beta":true,"boss_relics":[],"items_purged_floors":[],"is_endless":false,"potions_floor_spawned":[6,10,11],"killed_by":"Slime Boss","ascension_level":19}