{"gold_per_floor":[114,114,35,49,65,65,94,109,109,109,138,138,33,58,58,149,149,170,170,189,16,16,16,59,59,59,97,112,137,137,155,155,155],"floor_reached":33,"playtime":1083,"items_purged":["Zap"],"score":620,"play_id":"1e935b45-69de-4564-ae3e-518f14d3c646","local_time":"20190125225609","is_ascension_mode":true,"campfire_choices":[{"data":"Hyperbeam","floor":6,"key":"SMITH"},{"data":"Beam Cell","floor":12,"key":"SMITH"},{"data":"Sunder","floor":15,"key":"SMITH"},{"data":"Steam","floor":23,"key":"SMITH"},{"data":"Go for the Eyes","floor":30,"key":"SMITH"},{"data":"Steam","floor":32,"key":"SMITH"}],"neow_cost":"NONE","seed_source_timestamp":1400176746533890,"circlet_count":0,"master_deck":["AscendersBane","Defend_B","Defend_B","Defend_B","Defend_B","Dualcast","Hyperbeam+1","Turbo","Sunder+1","Beam Cell+1","FTL","Gash","Leap","Gash","Stack","Gash","All For One","BootSequence","Steam+1","Conserve Battery","Gash","Conserve Battery","Hologram+1","Bite","Bite","Bite","Bite","Bite","Go for the Eyes+1","Leap+1","Leap+1","Steam+1"],"relics":["Cracked Core","Happy Flower","PreservedInsect","Golden Idol","Odd Mushroom","Orrery","Pen Nib","Ornamental Fan","Darkstone Periapt","Regal Pillow"],"potions_floor_usage":[7,7,16,16,16,18,24,28,28,28,31],"damage_taken":[{"damage":0,"enemies":"Small Slimes","floor":1,"turns":1},{"damage":2,"enemies":"Jaw Worm","floor":4,"turns":3},{"damage":2,"enemies":"2 Louse","floor":5,"turns":2},{"damage":13,"enemies":"Lagavulin","floor":7,"turns":5},{"damage":0,"enemies":"Large Slime","floor":8,"turns":3},{"damage":0,"enemies":"The Mushroom Lair","floor":11,"turns":1},{"damage":2,"enemies":"3 Louse","floor":14,"turns":3},{"damage":47,"enemies":"The Guardian","floor":16,"turns":11},{"damage":0,"enemies":"3 Byrds","floor":18,"turns":3},{"damage":1,"enemies":"Chosen","floor":20,"turns":3},{"damage":5,"enemies":"Slavers","floor":24,"turns":4},{"damage":20,"enemies":"Book of Stabbing","floor":27,"turns":5},{"damage":7,"enemies":"3 Cultists","floor":28,"turns":6},{"damage":8,"enemies":"Centurion and Healer","floor":29,"turns":2},{"damage":5,"enemies":"Shelled Parasite and Fungi","floor":31,"turns":3},{"damage":50,"enemies":"Collector","floor":33,"turns":6}],"seed_played":"-8972799176015786471","potions_obtained":[{"floor":1,"key":"Swift Potion"},{"floor":4,"key":"Block Potion"},{"floor":11,"key":"SkillPotion"},{"floor":14,"key":"EntropicBrew"},{"floor":18,"key":"Dexterity Potion"},{"floor":27,"key":"EntropicBrew"},{"floor":29,"key":"Regen Potion"}],"is_trial":false,"path_per_floor":["M","?","$","M","M","R","E","M","T","?","?","R","$","M","R","B",null,"M","?","M","$","?","R","E","?","T","E","M","M","R","M","R","B"],"character_chosen":"DEFECT","items_purchased":["Sunder","Stack","Pen Nib"],"campfire_rested":0,"item_purchase_floors":[3,13,21],"current_hp_per_floor":[64,69,69,67,65,65,52,52,52,52,52,52,52,50,50,3,53,53,53,52,52,52,52,47,47,47,34,37,29,29,37,37,0],"gold":155,"neow_bonus":"ONE_RANDOM_RARE_CARD","is_prod":false,"is_daily":false,"chose_seed":false,"campfire_upgraded":6,"win_rate":0,"timestamp":1548482169,"path_taken":["M","?","$","M","M","R","E","M","T","?","?","R","$","M","R","BOSS","M","?","M","$","?","R","E","?","T","E","M","M","R","M","R","BOSS"],"build_version":"2019-01-23","purchased_purges":1,"victory":false,"max_hp_per_floor":[71,76,76,76,76,76,76,76,76,69,69,69,69,69,69,69,69,69,69,69,69,69,69,69,48,48,48,48,48,48,48,48,48],"card_choices":[{"not_picked":["Heatsinks","Double Energy"],"picked":"Turbo","floor":1},{"not_picked":["Compile Driver","Sweeping Beam"],"picked":"Beam Cell","floor":4},{"not_picked":["Ball Lightning","Barrage"],"picked":"FTL","floor":5},{"not_picked":["Stack","Turbo"],"picked":"Gash","floor":7},{"not_picked":["Biased Cognition","Blizzard"],"picked":"Leap","floor":8},{"not_picked":["Glacier","Sweeping Beam"],"picked":"Gash","floor":11},{"not_picked":["Capacitor","Barrage"],"picked":"Gash","floor":14},{"not_picked":["Biased Cognition","Meteor Strike"],"picked":"All For One","floor":16},{"not_picked":["Stack","Streamline"],"picked":"BootSequence","floor":17},{"not_picked":["Stack","Double Energy"],"picked":"Steam","floor":17},{"not_picked":["Capacitor","Tempest"],"picked":"Conserve Battery","floor":17},{"not_picked":["Ball Lightning+1","Doom and Gloom","Streamline"],"picked":"SKIP","floor":18},{"not_picked":["Melter","Static Discharge"],"picked":"Conserve Battery","floor":20},{"not_picked":["Ball Lightning","Beam Cell"],"picked":"Hologram+1","floor":24},{"not_picked":["Auto Shields","Hologram"],"picked":"Go for the Eyes","floor":27},{"not_picked":["Steam","Redo"],"picked":"Leap+1","floor":28},{"not_picked":["Blizzard","Chill"],"picked":"Leap+1","floor":29},{"not_picked":["Amplify","Recycle"],"picked":"Steam","floor":31}],"player_experience":1251926,"relics_obtained":[{"floor":7,"key":"Happy Flower"},{"floor":9,"key":"PreservedInsect"},{"floor":11,"key":"Odd Mushroom"},{"floor":24,"key":"Ornamental Fan"},{"floor":26,"key":"Darkstone Periapt"},{"floor":27,"key":"Regal Pillow"}],"event_choices":[{"damage_healed":0,"gold_gain":0,"player_choice":"Donut","damage_taken":0,"max_hp_gain":5,"max_hp_loss":0,"event_name":"Big Fish","floor":2,"gold_loss":0},{"damage_healed":0,"gold_gain":0,"player_choice":"Lose Max HP","damage_taken":0,"relics_obtained":["Golden Idol"],"max_hp_gain":0,"max_hp_loss":7,"event_name":"Golden Idol","floor":10,"gold_loss":0},{"damage_healed":0,"gold_gain":0,"player_choice":"Fought Mushrooms","damage_taken":0,"max_hp_gain":0,"max_hp_loss":0,"event_name":"Mushrooms","floor":11,"gold_loss":0},{"damage_healed":0,"gold_gain":0,"player_choice":"Read","damage_taken":0,"max_hp_gain":0,"max_hp_loss":0,"event_name":"The Library","floor":19,"gold_loss":0,"cards_obtained":["Gash"]},{"damage_healed":0,"gold_gain":0,"player_choice":"Became a vampire","damage_taken":0,"max_hp_gain":0,"max_hp_loss":21,"event_name":"Vampires","floor":25,"gold_loss":0,"cards_obtained":["Bite","Bite","Bite","Bite","Bite"]}],"is_beta":true,"boss_relics":[{"not_picked":["Eternal Feather","Velvet Choker"],"picked":"Orrery"}],"items_purged_floors":[13],"is_endless":false,"potions_floor_spawned":[1,4,11,14,18,27,29],"killed_by":"Collector","ascension_level":20}