{"gold_per_floor":[110,110,0,75,87,87,112,112,112,145,161,187,212,51,51,147,147,167,183,183,98,98,133,133,133,133,161,161,193,213,225,225,329,329,345,36,111,129,9,36,36,136,136,98,98,98,98,111,111,111],"floor_reached":51,"playtime":840,"items_purged":["Strike_R","Defend_R","Strike_R+1","Defend_R+1"],"score":1068,"play_id":"ed2ca525-b2b9-447b-9c62-a8a2fbd6394c","local_time":"20190204202543","is_ascension_mode":true,"campfire_choices":[{"data":"Whirlwind","floor":6.0,"key":"SMITH"},{"data":"Offering","floor":8.0,"key":"SMITH"},{"data":"Pommel Strike","floor":15.0,"key":"SMITH"},{"data":"Iron Wave","floor":24,"key":"SMITH"},{"data":"Spot Weakness","floor":28,"key":"SMITH"},{"floor":32,"key":"REST"},{"floor":41,"key":"RECALL"},{"floor":47,"key":"REST"},{"floor":49,"key":"REST"}],"neow_cost":"NONE","seed_source_timestamp":435684189804763,"circlet_count":0,"master_deck":["Strike_R+1","Strike_R+1","Strike_R+1","Defend_R+1","Defend_R+1","Bash+1","Iron Wave+1","Whirlwind+1","Offering+1","Pommel Strike+1","Spot Weakness+1","Inflame+1"],"special_seed":0,"relics":["Burning Blood","Dream Catcher","Meat on the Bone","Shuriken","The Courier","Odd Mushroom","Mango","Runic Dome","Pen Nib","PreservedInsect","Frozen Egg 2","Blue Candle","Bag of Preparation","Cursed Key","Chemical X","Sundial","Calipers"],"potions_floor_usage":[23,46,50,50,50],"damage_taken":[{"damage":11.0,"enemies":"Jaw Worm","floor":1.0,"turns":2.0},{"damage":8.0,"enemies":"Small Slimes","floor":5.0,"turns":2.0},{"damage":8.0,"enemies":"Gremlin Nob","floor":7.0,"turns":4.0},{"damage":37.0,"enemies":"Lagavulin","floor":10.0,"turns":4.0},{"damage":0.0,"enemies":"2 Louse","floor":11.0,"turns":1.0},{"damage":6.0,"enemies":"The Mushroom Lair","floor":12.0,"turns":1.0},{"damage":15.0,"enemies":"Gremlin Nob","floor":13.0,"turns":3.0},{"damage":6.0,"enemies":"Slime Boss","floor":16.0,"turns":4.0},{"damage":16,"enemies":"Shell Parasite","floor":18,"turns":2},{"damage":6,"enemies":"3 Byrds","floor":19,"turns":2},{"damage":36,"enemies":"Book of Stabbing","floor":23,"turns":3},{"damage":6,"enemies":"Slavers","floor":27,"turns":1},{"damage":0,"enemies":"Gremlin Leader","floor":29,"turns":2},{"damage":6,"enemies":"Snecko","floor":30,"turns":2},{"damage":16,"enemies":"Sentry and Sphere","floor":31,"turns":3},{"damage":24,"enemies":"Collector","floor":33,"turns":5},{"damage":6,"enemies":"3 Darklings","floor":35,"turns":1},{"damage":11,"enemies":"3 Shapes","floor":38,"turns":1},{"damage":6,"enemies":"Reptomancer","floor":40,"turns":2},{"damage":24,"enemies":"Mind Bloom Boss Battle","floor":42,"turns":3},{"damage":0,"enemies":"Giant Head","floor":46,"turns":1},{"damage":6,"enemies":"Transient","floor":48,"turns":5},{"damage":27,"enemies":"Time Eater","floor":50,"turns":2}],"seed_played":"8392478063133221616","potions_obtained":[{"floor":10.0,"key":"PowerPotion"},{"floor":16.0,"key":"Energy Potion"},{"floor":19,"key":"FairyPotion"},{"floor":27,"key":"SmokeBomb"},{"floor":45,"key":"EntropicBrew"}],"is_trial":false,"path_per_floor":["M","?","$","?","M","R","E","R","T","E","M","?","E","$","R","B",null,"M","M","?","?","?","E","R","?","T","E","R","E","M","M","R","B",null,"M","$","?","M","$","E","R","?","T","$","?","E","R","M","R","B",null],"character_chosen":"IRONCLAD","items_purchased":["Whirlwind","SkillPotion","SteroidPotion","Inflame+1","Chemical X","SteroidPotion"],"campfire_rested":3,"item_purchase_floors":[3,14,14,36,36,44],"current_hp_per_floor":[75,72,72,61,59,59,57,57,57,38,56,56,61,61,61,61,94,84,84,68,68,68,50,50,31,31,43,43,61,61,63,92,74,99,99,99,90,85,85,85,85,67,67,67,67,73,99,99,99,78],"gold":111,"neow_bonus":"UPGRADE_CARD","is_prod":false,"is_daily":false,"chose_seed":false,"campfire_upgraded":5,"win_rate":0,"timestamp":1549337143,"path_taken":["M","?","$","?","M","R","E","R","T","E","M","?","E","$","R","BOSS","M","M","?","?","?","E","R","?","T","E","R","E","M","M","R","BOSS","M","$","?","M","?","E","R","?","T","$","?","E","R","M","R","BOSS"],"build_version":"2019-01-23","purchased_purges":4,"victory":true,"max_hp_per_floor":[80,80,80,80,80,80,80,80,80,80,80,80,94,94,94,94,94,94,94,94,94,94,94,94,99,99,99,99,99,99,99,99,99,99,99,99,99,99,99,99,99,99,99,99,99,99,99,99,99,99],"card_choices":[{"not_picked":["Flex","Clash"],"picked":"Iron Wave","floor":1.0},{"not_picked":["Iron Wave","Rage","Cleave"],"picked":"SKIP","floor":5.0},{"not_picked":["Metallicize","Iron Wave"],"picked":"Offering","floor":7.0},{"not_picked":["Burning Pact","Iron Wave","Clothesline"],"picked":"SKIP","floor":10.0},{"not_picked":["Dropkick","Clash","Perfected Strike"],"picked":"SKIP","floor":11.0},{"not_picked":["Armaments","Shrug It Off"],"picked":"Pommel Strike","floor":12.0},{"not_picked":["True Grit","Havoc","Iron Wave"],"picked":"SKIP","floor":13.0},{"not_picked":["Entrench","Feel No Pain","Shrug It Off+1"],"picked":"SKIP","floor":18},{"not_picked":["Iron Wave","Warcry","Twin Strike"],"picked":"SKIP","floor":19},{"not_picked":["Havoc","Dark Embrace","Clash"],"picked":"SKIP","floor":23},{"not_picked":["Pommel Strike","Shockwave"],"picked":"Spot Weakness","floor":27},{"not_picked":["Body Slam+1","Thunderclap+1","Dropkick"],"picked":"SKIP","floor":29},{"not_picked":["Blood for Blood","Armaments","Havoc"],"picked":"SKIP","floor":30},{"not_picked":["Disarm","Rampage+1","Shockwave+1"],"picked":"SKIP","floor":31},{"not_picked":["Anger+1","Armaments+1","Sword Boomerang"],"picked":"SKIP","floor":35},{"not_picked":["Intimidate+1","Burning Pact+1","Havoc"],"picked":"SKIP","floor":38},{"not_picked":["Pummel+1","Metallicize+1","Dual Wield"],"picked":"SKIP","floor":40},{"not_picked":["Blood for Blood","Impervious","Metallicize+1"],"picked":"SKIP","floor":48}],"player_experience":1306903,"relics_obtained":[{"floor":7.0,"key":"Meat on the Bone"},{"floor":9.0,"key":"Shuriken"},{"floor":10.0,"key":"The Courier"},{"floor":12.0,"key":"Odd Mushroom"},{"floor":13.0,"key":"Mango"},{"floor":23,"key":"PreservedInsect"},{"floor":26,"key":"Frozen Egg 2"},{"floor":27,"key":"Blue Candle"},{"floor":29,"key":"Bag of Preparation"},{"floor":40,"key":"Sundial"},{"floor":42,"key":"Calipers"}],"event_choices":[{"damage_healed":0.0,"max_hp_gain":0.0,"max_hp_loss":0.0,"gold_gain":0.0,"event_name":"Scrap Ooze","player_choice":"Success","floor":2.0,"gold_loss":0.0,"damage_taken":3.0,"relics_obtained":["Dream Catcher"]},{"damage_healed":0.0,"max_hp_gain":0.0,"max_hp_loss":0.0,"gold_gain":75.0,"event_name":"World of Goop","player_choice":"Gather Gold","floor":4.0,"gold_loss":0.0,"damage_taken":11.0},{"damage_healed":0.0,"max_hp_gain":0.0,"max_hp_loss":0.0,"gold_gain":0.0,"event_name":"Mushrooms","player_choice":"Fought Mushrooms","floor":12.0,"gold_loss":0.0,"damage_taken":0.0},{"damage_healed":0,"gold_gain":0,"player_choice":"Obtained Book","damage_taken":16,"max_hp_gain":0,"max_hp_loss":0,"event_name":"Cursed Tome","floor":20,"gold_loss":0},{"damage_healed":0,"gold_gain":0,"player_choice":"Obtained Relic","damage_taken":0,"relics_obtained":["Pen Nib"],"max_hp_gain":0,"max_hp_loss":0,"event_name":"Addict","floor":21,"gold_loss":85},{"damage_healed":0,"gold_gain":0,"player_choice":"Simplicity","damage_taken":0,"max_hp_gain":0,"max_hp_loss":0,"event_name":"Back to Basics","floor":22,"gold_loss":0,"cards_upgraded":["Strike_R","Strike_R","Strike_R","Strike_R","Defend_R","Defend_R","Defend_R"]},{"damage_healed":0,"gold_gain":0,"player_choice":"Shed Blood","damage_taken":24,"max_hp_gain":5,"max_hp_loss":0,"event_name":"Forgotten Altar","floor":25,"gold_loss":0},{"damage_healed":0,"gold_gain":75,"player_choice":"Touch","damage_taken":9,"max_hp_gain":0,"max_hp_loss":0,"event_name":"FaceTrader","floor":37,"gold_loss":0},{"damage_healed":0,"gold_gain":0,"player_choice":"Fight","damage_taken":0,"max_hp_gain":0,"max_hp_loss":0,"event_name":"MindBloom","floor":42,"gold_loss":0},{"damage_healed":0,"gold_gain":0,"player_choice":"Got Potions","damage_taken":0,"max_hp_gain":0,"max_hp_loss":0,"event_name":"Lab","floor":45,"gold_loss":0}],"is_beta":true,"boss_relics":[{"not_picked":["Eternal Feather","Calling Bell"],"picked":"Runic Dome"},{"not_picked":["Busted Crown","Coffee Dripper"],"picked":"Cursed Key"}],"items_purged_floors":[3,14,36,39],"is_endless":false,"potions_floor_spawned":[10,16,19,27,42,46],"ascension_level":1}