{"gold_per_floor":[118,43,43,53,70,70,40,67,92,107,31,47,58,78,78,180,180,168,188,63,63,75,103,103,103],"floor_reached":25,"playtime":1869,"items_purged":["Strike_B","Strike_B"],"score":303,"play_id":"56902085-83c6-415a-b59c-83a4269dfbcf","local_time":"20190125173825","is_ascension_mode":true,"campfire_choices":[{"floor":6,"key":"RECALL"},{"data":"Consume","floor":15,"key":"SMITH"},{"data":"Echo Form","floor":24,"key":"SMITH"}],"neow_cost":"NONE","seed_source_timestamp":183979313807278,"circlet_count":0,"master_deck":["Defend_B","Defend_B","Defend_B","Zap","Dualcast","Chill","Cold Snap","Cold Snap","Defragment","Rebound","Consume+1","Compile Driver+1","Redo","Echo Form+1","Turbo+1","Undo+1","Cold Snap+1","Genetic Algorithm","Genetic Algorithm","Hologram","Coolheaded"],"relics":["Inserter","Strawberry","Philosopher\u0027s Stone","Whetstone"],"potions_floor_usage":[8,14,18,22,23],"damage_taken":[{"damage":0,"enemies":"2 Louse","floor":1,"turns":4},{"damage":13,"enemies":"Cultist","floor":4,"turns":6},{"damage":3,"enemies":"Jaw Worm","floor":5,"turns":7},{"damage":0,"enemies":"Looter","floor":7,"turns":4},{"damage":30,"enemies":"Gremlin Nob","floor":8,"turns":5},{"damage":0,"enemies":"Exordium Wildlife","floor":10,"turns":4},{"damage":0,"enemies":"Large Slime","floor":12,"turns":8},{"damage":12,"enemies":"Red Slaver","floor":13,"turns":5},{"damage":3,"enemies":"Blue Slaver","floor":14,"turns":4},{"damage":0,"enemies":"Hexaghost","floor":16,"turns":11},{"damage":3,"enemies":"2 Thieves","floor":18,"turns":4},{"damage":2,"enemies":"Spheric Guardian","floor":19,"turns":10},{"damage":20,"enemies":"Centurion and Healer","floor":22,"turns":8},{"damage":33,"enemies":"Slavers","floor":23,"turns":8},{"damage":27,"enemies":"Book of Stabbing","floor":25,"turns":7}],"seed_played":"113653246947154348","potions_obtained":[{"floor":1,"key":"Poison Potion"},{"floor":8,"key":"Dexterity Potion"},{"floor":10,"key":"GamblersBrew"},{"floor":12,"key":"EssenceOfSteel"},{"floor":13,"key":"SkillPotion"},{"floor":14,"key":"Ancient Potion"}],"is_trial":false,"path_per_floor":["M","$","?","M","M","R","M","E","T","M","$","M","M","M","R","B",null,"M","M","$","?","M","E","R","E"],"character_chosen":"DEFECT","items_purchased":["Consume","Cold Snap"],"campfire_rested":0,"item_purchase_floors":[11,20],"current_hp_per_floor":[75,75,75,62,59,59,59,36,36,36,36,36,24,21,21,21,82,79,77,77,77,57,24,24,0],"gold":103,"neow_bonus":"BOSS_RELIC","is_prod":false,"is_daily":false,"chose_seed":false,"campfire_upgraded":2,"win_rate":0,"timestamp":1548434305,"path_taken":["M","$","?","M","M","R","?","E","T","M","$","?","M","M","R","BOSS","M","M","$","?","M","E","R","E"],"build_version":"2019-01-23","purchased_purges":2,"victory":false,"max_hp_per_floor":[75,75,75,75,75,75,75,82,82,82,82,82,82,82,82,82,82,82,82,82,82,82,82,82,82],"card_choices":[{"not_picked":["Turbo","Beam Cell"],"picked":"Chill","floor":1},{"not_picked":["Conserve Battery","Capacitor","Stack"],"picked":"SKIP","floor":4},{"not_picked":["Sweeping Beam","Doom and Gloom"],"picked":"Cold Snap","floor":5},{"not_picked":["Sweeping Beam","Gash"],"picked":"Cold Snap","floor":7},{"not_picked":["Amplify","Creative AI"],"picked":"Defragment","floor":8},{"not_picked":["Ball Lightning","Tempest"],"picked":"Rebound","floor":10},{"not_picked":["BootSequence","Conserve Battery"],"picked":"Compile Driver","floor":12},{"not_picked":["White Noise","Conserve Battery","Amplify"],"picked":"SKIP","floor":13},{"not_picked":["Skim","Ball Lightning"],"picked":"Redo","floor":14},{"not_picked":["Seek","Reboot"],"picked":"Echo Form","floor":16},{"not_picked":["Ball Lightning","Compile Driver"],"picked":"Turbo+1","floor":18},{"not_picked":["Cold Snap","Static Discharge"],"picked":"Undo+1","floor":19},{"not_picked":["Recycle+1","Cold Snap"],"picked":"Hologram","floor":22},{"not_picked":["Buffer","Melter"],"picked":"Coolheaded","floor":23}],"player_experience":76430,"relics_obtained":[{"floor":8,"key":"Strawberry"},{"floor":23,"key":"Whetstone"}],"event_choices":[{"cards_removed":["Strike_B"],"damage_healed":0,"gold_gain":0,"player_choice":"Offered Basic","damage_taken":0,"max_hp_gain":0,"max_hp_loss":0,"event_name":"Bonfire Elementals","floor":3,"gold_loss":0},{"damage_healed":0,"gold_gain":0,"cards_transformed":["Strike_B","Defend_B"],"player_choice":"Became Test Subject","damage_taken":0,"max_hp_gain":0,"max_hp_loss":0,"event_name":"Drug Dealer","floor":21,"gold_loss":0,"cards_obtained":["Genetic Algorithm","Genetic Algorithm"]}],"is_beta":false,"boss_relics":[{"not_picked":["Runic Dome","Ectoplasm"],"picked":"Philosopher\u0027s Stone"}],"items_purged_floors":[2,20],"is_endless":false,"potions_floor_spawned":[1,8,10,12,13,14],"killed_by":"Book of Stabbing","ascension_level":2}