{"gold_per_floor":[20,20,20,20,20,20,39,39,39,58,58,75,75,85,85,182,182,202,19,19,19,19,19,47,62,62,62,62,77,77,96,96,195,195,232,251,278,278,290,290,290],"floor_reached":41,"playtime":10984,"items_purged":[],"score":424,"play_id":"1e9dbaff-6d93-46ed-92f4-b231bb057395","local_time":"20190201211553","is_ascension_mode":false,"campfire_choices":[{"data":"Anger","floor":6,"key":"SMITH"},{"data":"Shrug It Off","floor":8,"key":"SMITH"},{"data":"Seeing Red","floor":13,"key":"SMITH"},{"data":"Thunderclap","floor":15,"key":"SMITH"},{"data":"Feed","floor":23,"key":"SMITH"},{"floor":27,"key":"REST"},{"floor":32,"key":"REST"},{"floor":40,"key":"REST"}],"neow_cost":"NO_GOLD","seed_source_timestamp":1161156421240643,"circlet_count":0,"master_deck":["Strike_R+1","Strike_R","Strike_R","Strike_R","Strike_R","Defend_R","Defend_R","Defend_R+1","Defend_R","Bash","Anger+1","Shrug It Off+1","Feed+1","Perfected Strike","Fiend Fire","Seeing Red+1","Thunderclap+1","Barricade","Rampage","HandOfGreed","Whirlwind","Feel No Pain+1","Body Slam","Inflame","Berserk","Rampage","Feed","Bloodletting","Armaments+1","Metallicize+1"],"relics":["Burning Blood","Sundial","Runic Pyramid","Bag of Preparation","Girya","Enchiridion","Velvet Choker","Orichalcum"],"potions_floor_usage":[],"damage_taken":[{"damage":8,"enemies":"Jaw Worm","floor":1,"turns":6},{"damage":2,"enemies":"Small Slimes","floor":7,"turns":3},{"damage":0,"enemies":"2 Louse","floor":10,"turns":3},{"damage":16,"enemies":"Lots of Slimes","floor":12,"turns":5},{"damage":5,"enemies":"Looter","floor":14,"turns":3},{"damage":74,"enemies":"The Guardian","floor":16,"turns":12},{"damage":20,"enemies":"2 Thieves","floor":18,"turns":3},{"damage":49,"enemies":"Gremlin Leader","floor":24,"turns":7},{"damage":0,"enemies":"Spheric Guardian","floor":25,"turns":3},{"damage":0,"enemies":"Snecko","floor":29,"turns":6},{"damage":18,"enemies":"Centurion and Healer","floor":31,"turns":3},{"damage":79,"enemies":"Automaton","floor":33,"turns":8},{"damage":23,"enemies":"3 Shapes","floor":35,"turns":5},{"damage":7,"enemies":"Orb Walker","floor":36,"turns":3},{"damage":86,"enemies":"Sphere and 2 Shapes","floor":39,"turns":3},{"damage":48,"enemies":"Nemesis","floor":41,"turns":4}],"seed_played":"-7765430793484316300","potions_obtained":[{"floor":10,"key":"Energy Potion"},{"floor":16,"key":"Strength Potion"},{"floor":25,"key":"SpeedPotion"},{"floor":39,"key":"SmokeBomb"}],"is_trial":false,"path_per_floor":["M","?","$","?","$","R","M","R","T","M","?","M","R","M","R","B",null,"M","$","?","$","?","R","E","M","T","R","?","M","?","M","R","B",null,"M","M","T","?","M","R","E"],"character_chosen":"IRONCLAD","items_purchased":["HandOfGreed"],"campfire_rested":3,"item_purchase_floors":[19],"current_hp_per_floor":[94,75,75,75,75,75,79,79,79,85,85,78,78,79,79,11,99,88,88,88,88,88,88,45,51,51,81,65,75,75,63,94,21,106,92,91,91,91,11,43,0],"gold":290,"neow_bonus":"TWENTY_PERCENT_HP_BONUS","is_prod":false,"is_daily":false,"chose_seed":false,"campfire_upgraded":5,"win_rate":0.0,"timestamp":1549055753,"path_taken":["M","?","$","?","$","R","M","R","T","M","?","M","R","M","R","BOSS","M","?","?","$","?","R","E","M","T","R","?","M","?","M","R","BOSS","M","M","?","?","M","R","E"],"build_version":"2019-01-23","purchased_purges":0,"victory":false,"max_hp_per_floor":[96,96,96,96,96,96,96,96,96,96,96,99,99,99,99,99,99,102,102,102,102,102,102,102,102,102,102,102,106,106,106,106,106,106,109,109,109,109,109,109,109],"card_choices":[{"not_picked":["Body Slam","Iron Wave"],"picked":"Anger","floor":1},{"not_picked":["Entrench","Feel No Pain"],"picked":"Shrug It Off","floor":7},{"not_picked":["Iron Wave","Reckless Charge"],"picked":"Feed","floor":10},{"not_picked":["Iron Wave","Armaments"],"picked":"Seeing Red","floor":12},{"not_picked":["True Grit","Headbutt"],"picked":"Thunderclap","floor":14},{"not_picked":["Fiend Fire","Double Tap"],"picked":"Barricade","floor":16},{"not_picked":["Anger+1","Rupture"],"picked":"Rampage","floor":18},{"not_picked":["Uppercut+1","Hemokinesis"],"picked":"Feel No Pain+1","floor":24},{"not_picked":["Thunderclap","Clothesline"],"picked":"Body Slam","floor":25},{"not_picked":["Entrench","Armaments"],"picked":"Inflame","floor":29},{"not_picked":["Anger","Carnage"],"picked":"Rampage","floor":31},{"not_picked":["Brutality","Barricade"],"picked":"Feed","floor":33},{"not_picked":["Whirlwind","Battle Trance+1"],"picked":"Bloodletting","floor":35},{"not_picked":["Sword Boomerang","Carnage"],"picked":"Armaments+1","floor":36},{"not_picked":["Warcry+1","Clash"],"picked":"Metallicize+1","floor":39}],"player_experience":39590,"relics_obtained":[{"floor":9,"key":"Sundial"},{"floor":24,"key":"Bag of Preparation"},{"floor":26,"key":"Girya"},{"floor":28,"key":"Enchiridion"},{"floor":37,"key":"Orichalcum"}],"event_choices":[{"damage_healed":0,"gold_gain":0,"player_choice":"Entered Light","damage_taken":19,"max_hp_gain":0,"max_hp_loss":0,"event_name":"Shining Light","floor":2,"gold_loss":0,"cards_upgraded":["Strike_R","Defend_R"]},{"damage_healed":0,"gold_gain":0,"player_choice":"Ignored","damage_taken":0,"max_hp_gain":0,"max_hp_loss":0,"event_name":"Liars Game","floor":4,"gold_loss":0},{"damage_healed":0,"gold_gain":0,"player_choice":"2 cards matched","damage_taken":0,"max_hp_gain":0,"max_hp_loss":0,"event_name":"Match and Keep!","floor":11,"gold_loss":0,"cards_obtained":["Perfected Strike","Fiend Fire"]},{"damage_healed":0,"gold_gain":0,"player_choice":"Read","damage_taken":0,"max_hp_gain":0,"max_hp_loss":0,"event_name":"The Library","floor":22,"gold_loss":0,"cards_obtained":["Whirlwind"]},{"damage_healed":0,"gold_gain":0,"player_choice":"Obtained Book","damage_taken":16,"max_hp_gain":0,"max_hp_loss":0,"event_name":"Cursed Tome","floor":28,"gold_loss":0},{"damage_healed":0,"gold_gain":0,"player_choice":"2 cards matched","damage_taken":0,"max_hp_gain":0,"max_hp_loss":0,"event_name":"Match and Keep!","floor":30,"gold_loss":0,"cards_obtained":["Berserk","Flex"]},{"cards_removed":["Flex"],"damage_healed":0,"gold_gain":0,"player_choice":"Removed Skill","damage_taken":0,"max_hp_gain":0,"max_hp_loss":0,"event_name":"Falling","floor":38,"gold_loss":0}],"is_beta":false,"boss_relics":[{"not_picked":["Eternal Feather","Tiny House"],"picked":"Runic Pyramid"},{"not_picked":["Philosopher\u0027s Stone","Orrery"],"picked":"Velvet Choker"}],"items_purged_floors":[],"is_endless":false,"potions_floor_spawned":[10,16,25,31,39],"killed_by":"Nemesis","ascension_level":0}