{"gold_per_floor":[119,119,131,131,131,131,158,170,182,194,224,254,266,9,9,82,82,97,116,116,130,55,70,70,0,0,0,18,18,43,76,76,76],"floor_reached":33,"playtime":1465,"items_purged":["Strike_B+1"],"score":526,"play_id":"207db90b-19e4-48c4-a966-59572d6388e4","local_time":"20180921131853","is_ascension_mode":true,"campfire_choices":[{"data":"Go for the Eyes","floor":6,"key":"SMITH"},{"data":"Zap","floor":8,"key":"SMITH"},{"data":"Steam","floor":10,"key":"SMITH"},{"data":"Loop","floor":13,"key":"SMITH"},{"data":"Darkness","floor":15,"key":"SMITH"},{"floor":24,"key":"REST"},{"data":"Capacitor","floor":27,"key":"SMITH"},{"data":"Conserve Battery","floor":29,"key":"SMITH"},{"floor":32,"key":"REST"}],"neow_cost":"NONE","seed_source_timestamp":755406825615743,"circlet_count":0,"master_deck":["Strike_B+1","Defend_B+1","Defend_B+1","Defend_B+1","Defend_B+1","Zap+1","Dualcast","AscendersBane","Go for the Eyes+1","Ball Lightning","Leap","Conserve Battery+1","Steam+1","Loop+1","Darkness+1","Conserve Battery","Cold Snap","Machine Learning","Cold Snap","Capacitor+1","Leap"],"relics":["Cracked Core","MawBank","Blood Vial","Happy Flower","Busted Crown","Cables","Bronze Scales","DataDisk"],"potions_floor_usage":[7,7,16,23],"damage_taken":[{"damage":1,"enemies":"2 Louse","floor":1,"turns":2},{"damage":0,"enemies":"Jaw Worm","floor":3,"turns":3},{"damage":11,"enemies":"3 Sentries","floor":7,"turns":6},{"damage":0,"enemies":"Small Slimes","floor":11,"turns":2},{"damage":4,"enemies":"Blue Slaver","floor":12,"turns":4},{"damage":16,"enemies":"The Guardian","floor":16,"turns":10},{"damage":10,"enemies":"Chosen","floor":18,"turns":5},{"damage":22,"enemies":"3 Byrds","floor":19,"turns":5},{"damage":1,"enemies":"Snake Plant","floor":21,"turns":5},{"damage":15,"enemies":"Shelled Parasite and Fungi","floor":23,"turns":6},{"damage":12,"enemies":"Centurion and Healer","floor":28,"turns":7},{"damage":13,"enemies":"Gremlin Leader","floor":31,"turns":9},{"damage":45,"enemies":"Champ","floor":33,"turns":12}],"seed_played":"-8791520443001948863","potions_obtained":[{"floor":1,"key":"Explosive Potion"},{"floor":3,"key":"Swift Potion"},{"floor":7,"key":"Dexterity Potion"},{"floor":21,"key":"Block Potion"},{"floor":31,"key":"EssenceOfSteel"}],"is_trial":false,"path_per_floor":["M","?","M","?","?","R","E","R","T","R","M","M","R","$","R","B",null,"M","M","?","M","$","M","R","?","T","R","M","R","T","E","R"],"character_chosen":"DEFECT","items_purchased":["Happy Flower","Conserve Battery","Cold Snap"],"campfire_rested":2,"item_purchase_floors":[14,14,14],"current_hp_per_floor":[63,63,63,56,56,56,45,45,45,45,47,45,45,45,45,31,61,53,33,33,34,34,21,42,42,42,42,32,32,32,21,42,0],"gold":76,"neow_bonus":"THREE_CARDS","is_prod":false,"is_daily":false,"chose_seed":false,"campfire_upgraded":7,"win_rate":0,"timestamp":1537557533,"path_taken":["M","?","M","?","?","R","E","R","T","R","M","M","R","?","R","BOSS","M","M","?","M","$","M","R","?","T","R","M","R","?","E","R","BOSS"],"build_version":"2018-09-20","purchased_purges":1,"victory":false,"max_hp_per_floor":[71,71,71,71,71,71,71,71,71,71,71,71,71,71,71,71,71,71,71,71,71,71,71,71,71,71,71,71,71,71,71,71,71],"card_choices":[{"not_picked":["Sweeping Beam","Stack"],"picked":"Go for the Eyes","floor":0},{"not_picked":["Doom and Gloom","Beam Cell"],"picked":"Ball Lightning","floor":1},{"not_picked":["Go for the Eyes","Blizzard"],"picked":"Leap","floor":3},{"not_picked":["Rebound","Hyperbeam"],"picked":"Steam","floor":7},{"not_picked":["Sunder","Streamline"],"picked":"Loop","floor":11},{"not_picked":["Reinforced Body","Steam"],"picked":"Darkness","floor":12},{"not_picked":["Amplify","Hyperbeam"],"picked":"Machine Learning","floor":16},{"not_picked":["Melter"],"picked":"SKIP","floor":18},{"not_picked":[],"picked":"Cold Snap","floor":19},{"not_picked":[],"picked":"Capacitor","floor":21},{"not_picked":["Stack"],"picked":"SKIP","floor":23},{"not_picked":[],"picked":"Leap","floor":28},{"not_picked":["Blizzard"],"picked":"SKIP","floor":31}],"player_experience":1055945,"relics_obtained":[{"floor":7,"key":"MawBank"},{"floor":9,"key":"Blood Vial"},{"floor":26,"key":"Cables"},{"floor":30,"key":"Bronze Scales"},{"floor":31,"key":"DataDisk"}],"event_choices":[{"event_name":"Scrap Ooze","player_choice":"unsuccessful","floor":2,"damage_taken":0},{"event_name":"Golden Wing","player_choice":"Card Removal","floor":4,"damage_taken":0},{"event_name":"Transmorgrifier","player_choice":"Transform","floor":5,"damage_taken":0},{"event_name":"Back to Basics","player_choice":"Simplicity","floor":20,"damage_taken":0},{"event_name":"Masked Bandits","player_choice":"Paid Fearfully","floor":25,"damage_taken":0}],"is_beta":true,"boss_relics":[{"not_picked":["Snecko Eye","Lizard Tail"],"picked":"Busted Crown"}],"items_purged_floors":[22],"is_endless":false,"potions_floor_spawned":[1,3,7,21,31],"killed_by":"Champ","ascension_level":20}