{"gold_per_floor":[116,130,9,9,9,9,22,22,22,22,22,32,107,133,133,133],"floor_reached":16,"playtime":391,"items_purged":[],"score":196,"play_id":"0b5595c6-0764-43e1-b8e9-9514da411ab6","local_time":"20180921201915","is_ascension_mode":true,"campfire_choices":[{"data":"Mind Blast","floor":6,"key":"SMITH"},{"data":"Zap","floor":8,"key":"SMITH"},{"data":"Coolheaded","floor":10,"key":"SMITH"},{"data":"Ball Lightning","floor":15,"key":"SMITH"}],"neow_cost":"NONE","seed_source_timestamp":781704742568933,"circlet_count":0,"master_deck":["Strike_B","Strike_B","Strike_B","Defend_B","Defend_B","Defend_B","Defend_B","Zap+1","Dualcast","AscendersBane","Self Repair","Coolheaded+1","Mind Blast+1","Cold Snap","Ball Lightning+1","Leap"],"relics":["Cracked Core","DataDisk","Bottled Lightning","Question Card"],"potions_floor_usage":[16],"damage_taken":[{"damage":7,"enemies":"2 Louse","floor":1,"turns":3},{"damage":1,"enemies":"Cultist","floor":2,"turns":3},{"damage":0,"enemies":"Small Slimes","floor":7,"turns":2},{"damage":13,"enemies":"2 Fungi Beasts","floor":12,"turns":3},{"damage":33,"enemies":"Gremlin Nob","floor":14,"turns":4},{"damage":24,"enemies":"Slime Boss","floor":16,"turns":7}],"seed_played":"-5825512640993146002","potions_obtained":[{"floor":1,"key":"SpeedPotion"}],"is_trial":false,"path_per_floor":["M","M","$","?","$","R","M","R","T","R","?","M","?","E","R"],"character_chosen":"DEFECT","items_purchased":["Mind Blast"],"campfire_rested":0,"item_purchase_floors":[3],"current_hp_per_floor":[57,63,63,63,63,63,63,63,63,63,63,57,46,20,20,0],"gold":133,"neow_bonus":"RANDOM_COMMON_RELIC","is_prod":false,"is_daily":false,"chose_seed":false,"campfire_upgraded":4,"win_rate":0,"timestamp":1537582755,"path_taken":["M","M","$","?","?","R","M","R","T","R","?","M","?","E","R","BOSS"],"build_version":"2018-09-20","purchased_purges":0,"victory":false,"max_hp_per_floor":[71,71,71,71,71,71,71,71,71,71,71,71,71,71,71,71],"card_choices":[{"not_picked":["Streamline","Steam"],"picked":"Self Repair","floor":1},{"not_picked":["Steam","Beam Cell"],"picked":"Coolheaded","floor":2},{"not_picked":["FTL","Leap"],"picked":"Cold Snap","floor":7},{"not_picked":["Go for the Eyes","Steam"],"picked":"Ball Lightning","floor":12},{"not_picked":["Sweeping Beam","Rebound"],"picked":"Leap","floor":14}],"player_experience":1062495,"relics_obtained":[{"floor":9,"key":"Bottled Lightning"},{"floor":14,"key":"Question Card"}],"event_choices":[{"event_name":"Purifier","player_choice":"One Purge","floor":4,"damage_taken":0},{"event_name":"The Cleric","player_choice":"Leave","floor":11,"damage_taken":0},{"event_name":"World of Goop","player_choice":"Gather Gold","floor":13,"damage_taken":0}],"is_beta":true,"boss_relics":[],"items_purged_floors":[],"is_endless":false,"potions_floor_spawned":[1],"killed_by":"Slime Boss","ascension_level":20}