{"gold_per_floor":[113,133,144,160,171,199,199,225,225,175,175,175,193,225,225,327,327,345,345,360,375,148,148,173,184,184,184,184,209,225,260,260,358,358,376,376,386,398,418,444,444,479,479,511,523,539,539,29,29,29],"floor_reached":51,"playtime":2239,"items_purged":["Battle Trance"],"score":1099,"play_id":"f416c69a-1363-4143-89a6-1aa73eb10518","local_time":"20181210202839","daily_mods":["SealedDeck"],"is_ascension_mode":true,"campfire_choices":[{"data":"True Grit","floor":7.0,"key":"SMITH"},{"data":"Uppercut","floor":12.0,"key":"SMITH"},{"data":"Clothesline","floor":15.0,"key":"SMITH"},{"data":"Uppercut","floor":23.0,"key":"SMITH"},{"floor":27.0,"key":"REST"},{"data":"Flame Barrier","floor":32.0,"key":"SMITH"},{"floor":41.0,"key":"REST"},{"data":"True Grit","floor":47.0,"key":"SMITH"},{"floor":49,"key":"REST"}],"neow_cost":"","seed_source_timestamp":0,"circlet_count":0,"master_deck":["Clothesline","Clothesline+1","Uppercut+1","Pommel Strike","Heavy Blade","True Grit+1","Heavy Blade","Spot Weakness","Entrench","Flame Barrier+1","Headbutt","Blood for Blood","Sentinel","Feed","Seeing Red+1","Uppercut+1","Pommel Strike","True Grit+1","Bludgeon","Armaments+1","Disarm+1","Uppercut+1","Carnage+1","Whirlwind+1","Parasite","Shockwave+1","Pommel Strike+1","Shrug It Off","Clothesline","Feel No Pain","Perfected Strike+1"],"special_seed":0,"relics":["Snecko Eye","PreservedInsect","Bird Faced Urn","Blue Candle","Sundial","Philosopher\u0027s Stone","Happy Flower","Strawberry","Champion Belt","Ancient Tea Set","Orichalcum","White Beast Statue","Meat on the Bone","Juzu Bracelet","Mercury Hourglass","Dream Catcher","Membership Card","Vajra","Du-Vu Doll"],"potions_floor_usage":[],"damage_taken":[{"damage":2.0,"enemies":"Jaw Worm","floor":1.0,"turns":2.0},{"damage":0.0,"enemies":"Small Slimes","floor":2.0,"turns":1.0},{"damage":0.0,"enemies":"2 Louse","floor":3.0,"turns":2.0},{"damage":2.0,"enemies":"2 Fungi Beasts","floor":4.0,"turns":4.0},{"damage":6.0,"enemies":"Lots of Slimes","floor":5.0,"turns":2.0},{"damage":3.0,"enemies":"3 Sentries","floor":6.0,"turns":5.0},{"damage":0.0,"enemies":"Lagavulin","floor":8.0,"turns":3.0},{"damage":4.0,"enemies":"3 Louse","floor":13.0,"turns":2.0},{"damage":0.0,"enemies":"3 Sentries","floor":14.0,"turns":4.0},{"damage":26.0,"enemies":"Hexaghost","floor":16.0,"turns":6.0},{"damage":0.0,"enemies":"Spheric Guardian","floor":18.0,"turns":2.0},{"damage":7.0,"enemies":"3 Byrds","floor":20.0,"turns":2.0},{"damage":0.0,"enemies":"Snake Plant","floor":21.0,"turns":2.0},{"damage":16.0,"enemies":"Book of Stabbing","floor":24.0,"turns":4.0},{"damage":0.0,"enemies":"Sentry and Sphere","floor":25.0,"turns":3.0},{"damage":14.0,"enemies":"Slavers","floor":29.0,"turns":4.0},{"damage":3.0,"enemies":"3 Cultists","floor":30.0,"turns":5.0},{"damage":4.0,"enemies":"Book of Stabbing","floor":31.0,"turns":3.0},{"damage":12.0,"enemies":"Automaton","floor":33.0,"turns":7.0},{"damage":0.0,"enemies":"Orb Walker","floor":35.0,"turns":2.0},{"damage":5.0,"enemies":"3 Shapes","floor":37.0,"turns":2.0},{"damage":7.0,"enemies":"Transient","floor":38.0,"turns":5.0},{"damage":15.0,"enemies":"3 Darklings","floor":39.0,"turns":3.0},{"damage":15.0,"enemies":"Giant Head","floor":40.0,"turns":6.0},{"damage":20.0,"enemies":"Reptomancer","floor":42.0,"turns":4.0},{"damage":18.0,"enemies":"Nemesis","floor":44.0,"turns":5.0},{"damage":2.0,"enemies":"Writhing Mass","floor":45.0,"turns":4.0},{"damage":1.0,"enemies":"Maw","floor":46.0,"turns":4.0},{"damage":59,"enemies":"Donu and Deca","floor":50,"turns":8}],"seed_played":"-7903030288023816133","potions_obtained":[{"floor":2.0,"key":"GamblersBrew"},{"floor":3.0,"key":"Ancient Potion"},{"floor":5.0,"key":"PowerPotion"},{"floor":24.0,"key":"GamblersBrew"},{"floor":25.0,"key":"BloodPotion"},{"floor":35.0,"key":"BloodPotion"},{"floor":37.0,"key":"SpeedPotion"},{"floor":38.0,"key":"EntropicBrew"},{"floor":40.0,"key":"BloodPotion"},{"floor":42.0,"key":"Fire Potion"},{"floor":45.0,"key":"BloodPotion"}],"is_trial":true,"path_per_floor":["M","M","M","M","M","E","R","E","T","?","?","R","M","E","R","B",null,"M","?","M","M","$","R","E","M","T","R","?","E","M","E","R","B",null,"M","?","M","M","M","E","R","E","E","T","E","M","M","R","$","R","B",null],"character_chosen":"IRONCLAD","items_purchased":["Happy Flower","Membership Card","Vajra","Du-Vu Doll","Shrug It Off","Clothesline","Feel No Pain"],"campfire_rested":3,"item_purchase_floors":[22,48,48,48,48,48,48],"current_hp_per_floor":[78,78,78,76,70,67,67,67,67,67,67,67,63,63,63,37,69,69,54,50,50,50,50,44,44,44,73,73,59,56,52,52,42,84,87,87,92,95,80,65,95,89,89,74,72,71,71,71,103,58],"gold":29,"neow_bonus":"","is_prod":false,"is_daily":false,"chose_seed":false,"campfire_upgraded":6,"win_rate":0,"timestamp":1544480919,"path_taken":["M","M","M","M","M","E","R","E","T","?","?","R","M","E","R","BOSS","M","?","M","M","$","R","E","M","T","R","?","E","?","E","R","BOSS","M","?","M","M","M","E","R","E","T","E","M","M","R","$","R","BOSS"],"build_version":"2018-12-06","purchased_purges":1,"victory":true,"max_hp_per_floor":[80,80,80,80,80,80,80,80,80,80,80,80,80,80,80,80,80,80,85,88,88,88,88,98,98,98,98,98,98,98,98,98,98,98,101,101,101,101,101,101,101,105,105,108,108,108,108,108,108,108],"card_choices":[{"not_picked":["Sword Boomerang","Spot Weakness","Rupture"],"picked":"SKIP","floor":1.0},{"not_picked":["Twin Strike","Power Through"],"picked":"Flame Barrier","floor":2.0},{"not_picked":["Blood for Blood","Anger"],"picked":"Armaments","floor":3.0},{"not_picked":["Body Slam","Headbutt","Anger"],"picked":"SKIP","floor":4.0},{"not_picked":["Body Slam","Anger"],"picked":"Headbutt","floor":4.0},{"not_picked":["Perfected Strike","Burning Pact","Headbutt"],"picked":"SKIP","floor":5.0},{"not_picked":["Clothesline","Body Slam"],"picked":"Blood for Blood","floor":6.0},{"not_picked":["Rage","Perfected Strike","Cleave"],"picked":"SKIP","floor":8.0},{"not_picked":["Anger","Sever Soul"],"picked":"Sentinel","floor":13.0},{"not_picked":["Dual Wield","Rampage","Armaments"],"picked":"SKIP","floor":14.0},{"not_picked":["Brutality","Double Tap"],"picked":"Feed","floor":16.0},{"not_picked":["True Grit","Rage"],"picked":"Seeing Red+1","floor":18.0},{"not_picked":["Reckless Charge+1","Perfected Strike"],"picked":"Uppercut","floor":20.0},{"not_picked":["Warcry","Sever Soul","Cleave"],"picked":"SKIP","floor":21.0},{"not_picked":["Rampage","Bloodletting","Iron Wave+1"],"picked":"SKIP","floor":24.0},{"not_picked":["True Grit","Wild Strike+1"],"picked":"Ghostly Armor+1","floor":25.0},{"not_picked":["Anger","Iron Wave"],"picked":"True Grit","floor":29.0},{"not_picked":["Warcry","Thunderclap","Body Slam"],"picked":"SKIP","floor":30.0},{"not_picked":["Battle Trance","Clash","Wild Strike"],"picked":"SKIP","floor":31.0},{"not_picked":["Juggernaut","Dark Embrace"],"picked":"Bludgeon","floor":33.0},{"not_picked":["Headbutt+1","Sever Soul","Havoc"],"picked":"SKIP","floor":35.0},{"not_picked":["Clash","Twin Strike"],"picked":"Armaments+1","floor":37.0},{"not_picked":["Cleave+1","Anger","Clash"],"picked":"SKIP","floor":38.0},{"not_picked":["Pommel Strike+1","Shockwave"],"picked":"Disarm+1","floor":39.0},{"not_picked":["True Grit+1","Double Tap"],"picked":"Uppercut+1","floor":40.0},{"not_picked":["Heavy Blade","Bloodletting+1"],"picked":"Carnage+1","floor":42.0},{"not_picked":["Pommel Strike","Havoc"],"picked":"Whirlwind+1","floor":44.0},{"not_picked":["Rupture","Cleave+1"],"picked":"Shockwave+1","floor":45.0},{"not_picked":["True Grit","Armaments"],"picked":"Pommel Strike+1","floor":46.0},{"not_picked":["Ghostly Armor+1","Headbutt+1"],"picked":"Perfected Strike+1","floor":49}],"player_experience":224787,"relics_obtained":[{"floor":6.0,"key":"PreservedInsect"},{"floor":8.0,"key":"Bird Faced Urn"},{"floor":9.0,"key":"Blue Candle"},{"floor":14.0,"key":"Sundial"},{"floor":24.0,"key":"Strawberry"},{"floor":26.0,"key":"Champion Belt"},{"floor":29.0,"key":"Ancient Tea Set"},{"floor":31.0,"key":"Orichalcum"},{"floor":40.0,"key":"Meat on the Bone"},{"floor":42.0,"key":"Juzu Bracelet"},{"floor":43.0,"key":"Mercury Hourglass"},{"floor":44.0,"key":"Dream Catcher"}],"event_choices":[{"cards_removed":["Armaments"],"damage_healed":0.0,"max_hp_gain":0.0,"max_hp_loss":0.0,"gold_gain":0.0,"event_name":"The Cleric","player_choice":"Card Removal","floor":10.0,"gold_loss":50.0,"damage_taken":0.0},{"damage_healed":0.0,"max_hp_gain":0.0,"max_hp_loss":0.0,"gold_gain":0.0,"event_name":"Liars Game","player_choice":"Ignored","floor":11.0,"gold_loss":0.0,"damage_taken":0.0},{"damage_healed":0.0,"max_hp_gain":5.0,"max_hp_loss":0.0,"gold_gain":0.0,"event_name":"Forgotten Altar","player_choice":"Shed Blood","floor":19.0,"gold_loss":0.0,"damage_taken":20.0},{"damage_healed":0.0,"max_hp_gain":0.0,"max_hp_loss":0.0,"gold_gain":0.0,"cards_transformed":["Ghostly Armor"],"event_name":"Transmorgrifier","player_choice":"Transformed","floor":28.0,"gold_loss":0.0,"damage_taken":0.0,"cards_obtained":["Pommel Strike"]},{"damage_healed":0.0,"max_hp_gain":0.0,"max_hp_loss":0.0,"gold_gain":0.0,"event_name":"Tomb of Lord Red Mask","player_choice":"Ignored","floor":36.0,"gold_loss":0.0,"damage_taken":0.0}],"is_beta":false,"boss_relics":[{"not_picked":["Ectoplasm","Velvet Choker"],"picked":"Philosopher\u0027s Stone"},{"not_picked":["Astrolabe","Calling Bell"],"picked":"White Beast Statue"}],"items_purged_floors":[22],"is_endless":false,"potions_floor_spawned":[2,3,5,14,24,25,29,30,31,35,37,38,39,40,42,44,45,46],"ascension_level":5}