{"gold_per_floor":[110,127,140,152,170,205,205,205,228,228,228,228,263,279,279,384,384,309,309,319,329,348,348,376,376,376,376,326,49,76,92,92,192,192,202,218,218,218],"floor_reached":38,"playtime":2534,"items_purged":["Strike_B"],"score":505,"play_id":"a2b6bb92-9ccf-4a61-b130-09324e4c3eca","local_time":"20181206111733","is_ascension_mode":true,"campfire_choices":[{"data":"Zap","floor":7.0,"key":"SMITH"},{"floor":10.0,"key":"REST"},{"floor":15.0,"key":"REST"},{"floor":23,"key":"REST"},{"floor":25,"key":"REST"},{"floor":27,"key":"REST"},{"data":"Seek","floor":32,"key":"SMITH"}],"neow_cost":"NONE","seed_source_timestamp":39223511044389,"circlet_count":0,"master_deck":["Strike_B","Strike_B","Defend_B","Defend_B","Defend_B","Defend_B","Zap+1","Dualcast","Seek+1","Go for the Eyes","Conserve Battery","Compile Driver","Turbo","Rebound","BootSequence","Glacier","Go for the Eyes","Echo Form","Glacier+1","Ball Lightning","Capacitor","Beam Cell","Double Energy","Sweeping Beam","Steam+1","Electrodynamics","Gash+1","Gash+1"],"special_seed":0,"relics":["Cracked Core","Singing Bowl","Orichalcum","Incense Burner","Ancient Tea Set","Black Star","Centennial Puzzle","Potion Belt","Darkstone Periapt","Vajra","Pen Nib","Nuclear Battery"],"potions_floor_usage":[18,21,24],"damage_taken":[{"damage":5.0,"enemies":"Small Slimes","floor":1.0,"turns":3.0},{"damage":2.0,"enemies":"Jaw Worm","floor":2.0,"turns":3.0},{"damage":0.0,"enemies":"Cultist","floor":3.0,"turns":3.0},{"damage":1.0,"enemies":"Looter","floor":4.0,"turns":3.0},{"damage":16.0,"enemies":"Exordium Thugs","floor":5.0,"turns":7.0},{"damage":15.0,"enemies":"3 Sentries","floor":6.0,"turns":5.0},{"damage":28.0,"enemies":"Gremlin Nob","floor":13.0,"turns":6.0},{"damage":0.0,"enemies":"3 Louse","floor":14.0,"turns":4.0},{"damage":17,"enemies":"Hexaghost","floor":16,"turns":14},{"damage":11,"enemies":"2 Thieves","floor":18,"turns":5},{"damage":2,"enemies":"Chosen","floor":20,"turns":4},{"damage":41,"enemies":"3 Cultists","floor":21,"turns":9},{"damage":12,"enemies":"Cultist and Chosen","floor":22,"turns":9},{"damage":22,"enemies":"Slavers","floor":24,"turns":9},{"damage":7,"enemies":"Centurion and Healer","floor":31,"turns":7},{"damage":18,"enemies":"Champ","floor":33,"turns":13},{"damage":16,"enemies":"3 Shapes","floor":35,"turns":4},{"damage":15,"enemies":"Orb Walker","floor":36,"turns":6},{"damage":35,"enemies":"Maw","floor":38,"turns":5}],"seed_played":"-9179444276455475649","potions_obtained":[{"floor":4.0,"key":"Weak Potion"},{"floor":5.0,"key":"PowerPotion"},{"floor":14.0,"key":"FearPotion"},{"floor":16,"key":"FearPotion"},{"floor":20,"key":"Regen Potion"},{"floor":21,"key":"Swift Potion"},{"floor":24,"key":"Poison Potion"},{"floor":36,"key":"Fire Potion"}],"is_trial":false,"path_per_floor":["M","M","M","M","M","E","R","?","T","R","?","T","E","M","R","B",null,"M","?","M","M","M","R","E","R","T","R","?","$","T","M","R","B",null,"M","M","?","M"],"character_chosen":"DEFECT","items_purchased":["Vajra","Sweeping Beam"],"campfire_rested":5,"item_purchase_floors":[29,29],"current_hp_per_floor":[70,68,68,67,51,36,36,36,36,58,33,33,5,5,27,10,59,48,48,46,19,7,29,7,29,29,51,51,51,51,44,44,26,63,47,32,32,0],"gold":218,"neow_bonus":"TRANSFORM_CARD","is_prod":false,"is_daily":false,"chose_seed":false,"campfire_upgraded":2,"win_rate":0,"timestamp":1544102253,"path_taken":["M","M","M","M","M","E","R","?","T","R","?","?","E","M","R","BOSS","M","?","?","M","M","R","E","R","T","R","?","$","?","M","R","BOSS","M","M","?","?"],"build_version":"2018-11-15","purchased_purges":1,"victory":false,"max_hp_per_floor":[75,75,75,75,75,75,75,75,75,75,75,75,75,75,75,75,75,75,75,75,75,75,75,75,75,75,75,75,75,75,75,75,75,75,75,75,75,75],"card_choices":[{"not_picked":["Barrage","Leap"],"picked":"Go for the Eyes","floor":1.0},{"not_picked":["Leap","Stack"],"picked":"Conserve Battery","floor":2.0},{"not_picked":["Streamline","Stack"],"picked":"Compile Driver","floor":3.0},{"not_picked":["Fusion","Redo"],"picked":"Turbo","floor":4.0},{"not_picked":["Undo","Rainbow"],"picked":"Rebound","floor":5.0},{"not_picked":["Consume","Conserve Battery"],"picked":"BootSequence","floor":6.0},{"not_picked":["Redo","Streamline"],"picked":"Glacier","floor":13.0},{"not_picked":["Rebound","Conserve Battery"],"picked":"Go for the Eyes","floor":14.0},{"not_picked":["Multi-Cast","Creative AI"],"picked":"Echo Form","floor":16},{"not_picked":["Static Discharge","Reprogram"],"picked":"Glacier+1","floor":18},{"not_picked":["Redo","Conserve Battery"],"picked":"Ball Lightning","floor":20},{"not_picked":["Stack","Conserve Battery"],"picked":"Capacitor","floor":21},{"not_picked":["Turbo","Coolheaded"],"picked":"Beam Cell","floor":22},{"not_picked":["Amplify","Conserve Battery"],"picked":"Double Energy","floor":24},{"not_picked":["Tempest","Rebound"],"picked":"Steam+1","floor":31},{"not_picked":["Core Surge","Machine Learning"],"picked":"Electrodynamics","floor":33},{"not_picked":["Rip and Tear+1","Conserve Battery"],"picked":"Gash+1","floor":35},{"not_picked":["Hologram","Compile Driver+1"],"picked":"Gash+1","floor":36}],"player_experience":190466,"relics_obtained":[{"floor":6.0,"key":"Singing Bowl"},{"floor":12.0,"key":"Incense Burner"},{"floor":13.0,"key":"Ancient Tea Set"},{"floor":24,"key":"Centennial Puzzle"},{"floor":24,"key":"Potion Belt"},{"floor":26,"key":"Darkstone Periapt"},{"floor":30,"key":"Pen Nib"}],"event_choices":[{"damage_healed":0.0,"max_hp_gain":0.0,"max_hp_loss":0.0,"gold_gain":0.0,"event_name":"Golden Idol","player_choice":"Ignored","floor":8.0,"gold_loss":0.0,"damage_taken":0.0},{"damage_healed":0.0,"max_hp_gain":0.0,"max_hp_loss":0.0,"gold_gain":0.0,"event_name":"Scrap Ooze","player_choice":"Success","floor":11.0,"gold_loss":0.0,"damage_taken":25.0,"relics_obtained":["Orichalcum"]},{"damage_healed":0,"gold_gain":0,"player_choice":"Ignored","damage_taken":0,"max_hp_gain":0,"max_hp_loss":0,"event_name":"N\u0027loth","floor":19,"gold_loss":0},{"damage_healed":0,"gold_gain":0,"player_choice":"Bet on Murderer","damage_taken":0,"max_hp_gain":0,"max_hp_loss":0,"event_name":"The Joust","floor":28,"gold_loss":50},{"damage_healed":0,"gold_gain":0,"player_choice":"Ignored","damage_taken":0,"max_hp_gain":0,"max_hp_loss":0,"event_name":"SecretPortal","floor":37,"gold_loss":0}],"is_beta":false,"boss_relics":[{"not_picked":["Lizard Tail","Calling Bell"],"picked":"Black Star"},{"not_picked":["FrozenCore","White Beast Statue"],"picked":"Nuclear Battery"}],"items_purged_floors":[29],"is_endless":false,"potions_floor_spawned":[4,5,14,16,20,21,24,36],"killed_by":"Maw","ascension_level":5}