{"gold_per_floor":[116,129,129,140,150,150,176,195,195,220,230,12,12,12,12,114,114,127,127,137,137,70,70,85,109,136,136,164,164,174,190,190,290,290,302,315,315,27,27,27,57,57,57,68,80,80,105,105,105,105,105,105,26,60,60],"floor_reached":55,"playtime":2221,"items_purged":["Strike_R"],"score":826,"play_id":"a0190057-9c91-4957-8dd9-2520763b658b","local_time":"20181103131608","is_ascension_mode":true,"campfire_choices":[{"data":"Perfected Strike","floor":6,"key":"SMITH"},{"data":"Body Slam","floor":15,"key":"SMITH"},{"data":"Uppercut","floor":23,"key":"SMITH"},{"floor":27,"key":"RECALL"},{"data":"Flame Barrier","floor":32,"key":"SMITH"},{"data":"1","floor":40,"key":"LIFT"},{"data":"2","floor":42,"key":"LIFT"},{"data":"3","floor":46,"key":"LIFT"},{"data":"Anger","floor":49,"key":"SMITH"},{"data":"Twin Strike","floor":52,"key":"SMITH"}],"neow_cost":"NONE","seed_source_timestamp":608306924107934,"circlet_count":0,"master_deck":["Strike_R","Strike_R+1","Strike_R","Strike_R","Defend_R","Defend_R","Defend_R+1","Defend_R","Bash+1","Thunderclap+1","Infernal Blade+1","Anger+1","Flame Barrier+1","Body Slam+1","Inflame+1","Demon Form+1","Juggernaut+1","Clothesline+1","Twin Strike+1","Uppercut+1","Twin Strike","Corruption+1","Shrug It Off+1","Blood for Blood+1","Bludgeon+1","Blood for Blood+1","Madness+1","Madness","Armaments+1","True Grit+1","Dual Wield+1","Evolve+1","Metallicize+1","Limit Break"],"relics":["Burning Blood","Pen Nib","Frozen Egg 2","Mummified Hand","Whetstone","Blood Vial","Snecko Eye","Strawberry","Regal Pillow","Bag of Preparation","Omamori","MutagenicStrength","Mark of Pain","Girya","War Paint","Calipers","Potion Belt","WingedGreaves"],"potions_floor_usage":[13,20,50,50,50,55],"damage_taken":[{"damage":5,"enemies":"Small Slimes","floor":1,"turns":4},{"damage":0,"enemies":"2 Louse","floor":2,"turns":2},{"damage":1,"enemies":"Jaw Worm","floor":4,"turns":2},{"damage":4,"enemies":"3 Louse","floor":5,"turns":3},{"damage":25,"enemies":"3 Sentries","floor":7,"turns":9},{"damage":0,"enemies":"Blue Slaver","floor":8,"turns":1},{"damage":14,"enemies":"Lagavulin","floor":10,"turns":5},{"damage":7,"enemies":"2 Fungi Beasts","floor":11,"turns":3},{"damage":0,"enemies":"Lots of Slimes","floor":13,"turns":1},{"damage":31,"enemies":"Hexaghost","floor":16,"turns":6},{"damage":0,"enemies":"Spheric Guardian","floor":18,"turns":3},{"damage":0,"enemies":"Chosen","floor":20,"turns":1},{"damage":7,"enemies":"Shelled Parasite and Fungi","floor":24,"turns":3},{"damage":8,"enemies":"Gremlin Leader","floor":28,"turns":5},{"damage":0,"enemies":"Snake Plant","floor":30,"turns":1},{"damage":0,"enemies":"Chosen and Byrds","floor":31,"turns":2},{"damage":24,"enemies":"Automaton","floor":33,"turns":5},{"damage":21,"enemies":"3 Shapes","floor":35,"turns":2},{"damage":0,"enemies":"Orb Walker","floor":36,"turns":1},{"damage":0,"enemies":"Giant Head","floor":41,"turns":4},{"damage":0,"enemies":"Transient","floor":44,"turns":5},{"damage":1,"enemies":"4 Shapes","floor":45,"turns":4},{"damage":1,"enemies":"Reptomancer","floor":47,"turns":3},{"damage":30,"enemies":"Awakened One","floor":50,"turns":7},{"damage":48,"enemies":"Shield and Spear","floor":54,"turns":5},{"damage":52,"enemies":"The Heart","floor":55,"turns":3}],"seed_played":"-8142438211398434977","potions_obtained":[{"floor":2,"key":"SmokeBomb"},{"floor":7,"key":"Fire Potion"},{"floor":11,"key":"Dexterity Potion"},{"floor":16,"key":"BloodPotion"},{"floor":20,"key":"GamblersBrew"},{"floor":24,"key":"Dexterity Potion"},{"floor":54,"key":"Poison Potion"}],"is_trial":false,"path_per_floor":["M","M","?","M","M","R","E","M","T","E","M","$","M","?","R","B",null,"M","?","M","?","$","R","M","T","T","R","E","?","M","M","R","B",null,"M","M","?","$","?","R","E","R","T","M","M","R","E","?","R","B",null,"R","$","E","B"],"character_chosen":"IRONCLAD","items_purchased":["Whetstone","Uppercut","Girya","Metallicize+1"],"campfire_rested":0,"item_purchase_floors":[12,22,38,53],"current_hp_per_floor":[80,80,64,69,71,71,52,58,58,50,49,49,55,48,48,25,80,80,87,87,70,70,70,71,71,71,71,71,71,79,87,87,71,92,77,85,73,73,73,73,81,81,81,89,92,92,92,92,92,68,92,92,92,50,0],"gold":60,"neow_bonus":"RANDOM_COMMON_RELIC","is_prod":false,"is_daily":false,"chose_seed":false,"campfire_upgraded":6,"win_rate":0,"timestamp":1541272568,"path_taken":["M","M","?","M","M","R","E","M","T","E","M","$","M","?","R","BOSS","M","?","M","?","$","R","M","?","T","R","E","?","M","M","R","BOSS","M","M","?","$","?","R","E","R","T","?","?","R","E","?","R","BOSS","R","$","E","BOSS"],"build_version":"2018-11-02","purchased_purges":1,"victory":false,"max_hp_per_floor":[80,80,80,80,80,80,80,80,80,80,80,80,80,80,80,80,80,80,87,87,92,92,92,92,92,92,92,92,92,92,92,92,92,92,92,92,92,92,92,92,92,92,92,92,92,92,92,92,92,92,92,92,92,92,92],"card_choices":[{"not_picked":["Wild Strike","Havoc"],"picked":"Thunderclap","floor":1},{"not_picked":["Thunderclap","Warcry"],"picked":"Infernal Blade","floor":2},{"not_picked":["Twin Strike","Rupture"],"picked":"Anger","floor":4},{"not_picked":["Wild Strike","Heavy Blade"],"picked":"Perfected Strike","floor":5},{"not_picked":["Second Wind","Sword Boomerang"],"picked":"Flame Barrier","floor":7},{"not_picked":["Whirlwind","Hemokinesis"],"picked":"Body Slam","floor":8},{"not_picked":["Ghostly Armor","Searing Blow"],"picked":"Inflame+1","floor":10},{"not_picked":["True Grit","Clash"],"picked":"Demon Form+1","floor":11},{"not_picked":["Immolate","Brutality+1"],"picked":"Juggernaut+1","floor":16},{"not_picked":["Battle Trance+1","Twin Strike"],"picked":"Clothesline+1","floor":18},{"not_picked":["Clash+1","Ghostly Armor"],"picked":"Twin Strike","floor":20},{"not_picked":["Rampage","Havoc+1"],"picked":"Twin Strike","floor":24},{"not_picked":["Blood for Blood+1","Offering"],"picked":"Corruption+1","floor":28},{"not_picked":["Pommel Strike+1","Combust+1"],"picked":"Shrug It Off+1","floor":30},{"not_picked":["Corruption+1","Pommel Strike"],"picked":"Blood for Blood+1","floor":31},{"not_picked":["Limit Break","Offering"],"picked":"Bludgeon","floor":33},{"not_picked":["Body Slam+1","Wild Strike+1"],"picked":"Blood for Blood+1","floor":35},{"not_picked":["Iron Wave","Clothesline","Corruption+1"],"picked":"SKIP","floor":36},{"not_picked":["Twin Strike","Headbutt"],"picked":"Armaments+1","floor":41},{"not_picked":["Warcry","Spot Weakness+1"],"picked":"True Grit+1","floor":44},{"not_picked":["Warcry","True Grit+1"],"picked":"Dual Wield+1","floor":45},{"not_picked":["Combust+1","Uppercut+1"],"picked":"Evolve+1","floor":47},{"not_picked":["Iron Wave+1","Twin Strike+1"],"picked":"Limit Break","floor":54}],"player_experience":1092128,"relics_obtained":[{"floor":7,"key":"Frozen Egg 2"},{"floor":10,"key":"Mummified Hand"},{"floor":25,"key":"Regal Pillow"},{"floor":26,"key":"Bag of Preparation"},{"floor":28,"key":"Omamori"},{"floor":41,"key":"War Paint"},{"floor":43,"key":"Calipers"},{"floor":47,"key":"Potion Belt"},{"floor":54,"key":"WingedGreaves"}],"event_choices":[{"damage_healed":0,"gold_gain":0,"player_choice":"Entered Light","damage_taken":16,"max_hp_gain":0,"max_hp_loss":0,"event_name":"Shining Light","floor":3,"gold_loss":0,"cards_upgraded":["Strike_R","Infernal Blade"]},{"damage_healed":0,"gold_gain":0,"player_choice":"Success","damage_taken":7,"relics_obtained":["Blood Vial"],"max_hp_gain":0,"max_hp_loss":0,"event_name":"Scrap Ooze","floor":14,"gold_loss":0},{"damage_healed":0,"gold_gain":0,"player_choice":"Opened","damage_taken":0,"relics_obtained":["Strawberry"],"max_hp_gain":0,"max_hp_loss":0,"event_name":"The Mausoleum","floor":19,"gold_loss":0},{"damage_healed":0,"gold_gain":0,"player_choice":"Shed Blood","damage_taken":22,"max_hp_gain":5,"max_hp_loss":0,"event_name":"Forgotten Altar","floor":21,"gold_loss":0},{"damage_healed":0,"gold_gain":0,"player_choice":"Inject Mutagens","damage_taken":0,"relics_obtained":["MutagenicStrength"],"max_hp_gain":0,"max_hp_loss":0,"event_name":"Drug Dealer","floor":29,"gold_loss":0},{"damage_healed":0,"gold_gain":0,"player_choice":"Embrace Madness","damage_taken":12,"max_hp_gain":0,"max_hp_loss":0,"event_name":"Winding Halls","floor":37,"gold_loss":0,"cards_obtained":["Madness","Madness"]},{"damage_healed":0,"gold_gain":0,"player_choice":"Forge","damage_taken":0,"max_hp_gain":0,"max_hp_loss":0,"event_name":"Accursed Blacksmith","floor":39,"gold_loss":0,"cards_upgraded":["Bludgeon"]},{"cards_removed":["Perfected Strike"],"damage_healed":5,"gold_gain":0,"player_choice":"Offered Common","damage_taken":0,"max_hp_gain":0,"max_hp_loss":0,"event_name":"Bonfire Elementals","floor":48,"gold_loss":0},{"cards_removed":["Perfected Strike"],"damage_healed":5,"gold_gain":0,"player_choice":"Offered Special","damage_taken":0,"max_hp_gain":0,"max_hp_loss":0,"event_name":"Bonfire Elementals","floor":48,"gold_loss":0}],"is_beta":true,"boss_relics":[{"not_picked":["Cursed Key","Coffee Dripper"],"picked":"Snecko Eye"},{"not_picked":["Pandora\u0027s Box","Lizard Tail"],"picked":"Mark of Pain"}],"items_purged_floors":[12],"is_endless":false,"potions_floor_spawned":[2,7,11,16,20,24,30,33,35,44,54],"killed_by":"The Heart","ascension_level":1}