{"gold_per_floor":[217,87,106,119,130,130,160,160,160,160,177,211,211,227,227,227],"floor_reached":16,"playtime":580,"items_purged":["Strike_G"],"score":207,"play_id":"2b943070-9bbe-4300-be34-8e9f9e77c8e9","local_time":"20181201232605","is_ascension_mode":true,"campfire_choices":[{"data":"Neutralize","floor":6,"key":"SMITH"},{"data":"Quick Slash","floor":10,"key":"SMITH"},{"data":"Prepared","floor":13,"key":"SMITH"},{"data":"Masterful Stab","floor":15,"key":"SMITH"}],"neow_cost":"NONE","seed_source_timestamp":1573613988961530,"circlet_count":0,"master_deck":["AscendersBane","Defend_G","Defend_G","Defend_G","Defend_G","Defend_G","Strike_G","Strike_G","Strike_G","Strike_G","Survivor","Neutralize+1","Masterful Stab+1","Quick Slash+1","Endless Agony","Slice","Cloak And Dagger+1","Prepared+1","Slice"],"relics":["Ring of the Snake","Tough Bandages","WingedGreaves","Unceasing Top"],"potions_floor_usage":[7,7,12],"damage_taken":[{"damage":6,"enemies":"Small Slimes","floor":1,"turns":5},{"damage":0,"enemies":"Cultist","floor":3,"turns":4},{"damage":0,"enemies":"Jaw Worm","floor":4,"turns":4},{"damage":0,"enemies":"2 Fungi Beasts","floor":5,"turns":3},{"damage":22,"enemies":"Gremlin Nob","floor":7,"turns":5},{"damage":0,"enemies":"Blue Slaver","floor":11,"turns":2},{"damage":1,"enemies":"3 Sentries","floor":12,"turns":8},{"damage":0,"enemies":"Looter","floor":14,"turns":2},{"damage":40,"enemies":"Slime Boss","floor":16,"turns":7}],"seed_played":"-2504547021078010379","potions_obtained":[{"floor":1,"key":"Dexterity Potion"},{"floor":4,"key":"Block Potion"},{"floor":11,"key":"EssenceOfSteel"},{"floor":12,"key":"Ancient Potion"}],"is_trial":false,"path_per_floor":["M","$","M","M","M","R","E","?","T","R","M","E","R","M","R","B"],"character_chosen":"THE_SILENT","items_purchased":["Block Potion"],"campfire_rested":0,"item_purchase_floors":[2],"current_hp_per_floor":[53,53,53,53,53,53,31,31,31,31,31,30,30,30,30,0],"gold":227,"neow_bonus":"HUNDRED_GOLD","is_prod":false,"is_daily":false,"chose_seed":false,"campfire_upgraded":4,"win_rate":0,"timestamp":1543731965,"path_taken":["M","$","M","M","M","R","E","?","T","R","M","E","R","M","R","BOSS"],"build_version":"2018-11-15","purchased_purges":1,"victory":false,"max_hp_per_floor":[66,66,66,66,66,66,66,66,66,66,66,66,66,66,66,66],"card_choices":[{"not_picked":["Backflip","Bane"],"picked":"Masterful Stab","floor":1},{"not_picked":["Blade Dance","Bane"],"picked":"Quick Slash","floor":3},{"not_picked":["Backflip","Dagger Spray"],"picked":"Endless Agony","floor":4},{"not_picked":["Calculated Gamble","Caltrops"],"picked":"Slice","floor":5},{"not_picked":["Prepared","Blade Dance"],"picked":"Cloak And Dagger","floor":7},{"not_picked":["Flying Knee","Blade Dance"],"picked":"Prepared","floor":11},{"not_picked":["Backflip","Acrobatics","Prepared"],"picked":"SKIP","floor":12},{"not_picked":["Poisoned Stab","Backstab"],"picked":"Slice","floor":14}],"player_experience":1149435,"relics_obtained":[{"floor":7,"key":"Tough Bandages"},{"floor":9,"key":"WingedGreaves"},{"floor":12,"key":"Unceasing Top"}],"event_choices":[{"damage_healed":0,"gold_gain":0,"player_choice":"Upgraded","damage_taken":0,"max_hp_gain":0,"max_hp_loss":0,"event_name":"Upgrade Shrine","floor":8,"gold_loss":0,"cards_upgraded":["Cloak And Dagger"]}],"is_beta":true,"boss_relics":[],"items_purged_floors":[2],"is_endless":false,"potions_floor_spawned":[1,4,11,12],"killed_by":"Slime Boss","ascension_level":17}