{"gold_per_floor":[119,135,151,171,96,96,96,113,113,127,127,153,153,211,211,289,289,309,309,321,335,260,260,290,290,314,333,333,345,358,370,370,447,447,467,337,337,348,365,365,365],"floor_reached":41,"playtime":1741,"items_purged":["Defend_B"],"score":1004,"play_id":"3d65fc41-40fd-47a9-b133-f05007aa3f1e","local_time":"20190126172229","is_ascension_mode":true,"campfire_choices":[{"data":"Zap","floor":6,"key":"SMITH"},{"floor":13,"key":"REST"},{"data":"Streamline","floor":15,"key":"SMITH"},{"data":"Capacitor","floor":23,"key":"SMITH"},{"data":"Conserve Battery","floor":25,"key":"SMITH"},{"data":"Darkness","floor":32,"key":"SMITH"},{"data":"Darkness","floor":40,"key":"SMITH"}],"neow_cost":"TEN_PERCENT_HP_LOSS","seed_source_timestamp":1465898556165910,"circlet_count":0,"master_deck":["AscendersBane","Defend_B","Zap+1","Dualcast","Chill","Gash","Streamline+1","Gash","Capacitor+1","Steam","FTL","FTL","Reboot","Defragment+1","Doom and Gloom+1","Double Energy+1","Conserve Battery+1","Chill+1","Core Surge","Cold Snap","Defragment+1","Darkness+1","Amplify","Gash","Capacitor","Darkness+1"],"relics":["Cracked Core","Thread and Needle","Strawberry","DataDisk","Symbiotic Virus","Tiny Chest","Astrolabe","The Courier","Orichalcum","Nuclear Battery"],"potions_floor_usage":[8,12,16,20,24,24,33,33,39],"damage_taken":[{"damage":0,"enemies":"2 Louse","floor":1,"turns":2},{"damage":0,"enemies":"Cultist","floor":2,"turns":3},{"damage":6,"enemies":"Small Slimes","floor":3,"turns":2},{"damage":0,"enemies":"2 Fungi Beasts","floor":4,"turns":3},{"damage":0,"enemies":"Lots of Slimes","floor":8,"turns":3},{"damage":0,"enemies":"Looter","floor":10,"turns":3},{"damage":32,"enemies":"Gremlin Nob","floor":12,"turns":4},{"damage":3,"enemies":"Lagavulin","floor":14,"turns":6},{"damage":0,"enemies":"The Guardian","floor":16,"turns":8},{"damage":11,"enemies":"Spheric Guardian","floor":18,"turns":4},{"damage":0,"enemies":"2 Thieves","floor":20,"turns":2},{"damage":0,"enemies":"Centurion and Healer","floor":21,"turns":5},{"damage":0,"enemies":"Slavers","floor":24,"turns":4},{"damage":11,"enemies":"Cultist and Chosen","floor":27,"turns":6},{"damage":0,"enemies":"Snake Plant","floor":29,"turns":5},{"damage":0,"enemies":"Centurion and Healer","floor":30,"turns":6},{"damage":1,"enemies":"Snecko","floor":31,"turns":4},{"damage":27,"enemies":"Automaton","floor":33,"turns":10},{"damage":0,"enemies":"3 Darklings","floor":35,"turns":6},{"damage":3,"enemies":"3 Shapes","floor":38,"turns":6},{"damage":0,"enemies":"Sphere and 2 Shapes","floor":39,"turns":5},{"damage":62,"enemies":"Reptomancer","floor":41,"turns":3}],"seed_played":"1202478889704771488","potions_obtained":[{"floor":1,"key":"LiquidBronze"},{"floor":4,"key":"AttackPotion"},{"floor":10,"key":"Strength Potion"},{"floor":12,"key":"EssenceOfSteel"},{"floor":18,"key":"Block Potion"},{"floor":21,"key":"FocusPotion"},{"floor":29,"key":"FairyPotion"},{"floor":30,"key":"SkillPotion"},{"floor":31,"key":"Regen Potion"},{"floor":35,"key":"Block Potion"}],"is_trial":false,"path_per_floor":["M","M","M","M","?","R","?","M","T","M","?","E","R","E","R","B",null,"M","?","M","M","?","R","E","R","T","M","?","M","M","M","R","B",null,"M","$","?","M","M","R","E"],"character_chosen":"DEFECT","items_purchased":["Capacitor"],"campfire_rested":1,"item_purchase_floors":[36],"current_hp_per_floor":[64,64,58,58,58,58,58,58,65,65,47,15,36,33,33,33,62,51,31,31,31,31,31,31,31,31,20,20,20,20,19,19,7,59,59,59,59,56,56,56,0],"gold":365,"neow_bonus":"ONE_RARE_RELIC","is_prod":false,"is_daily":false,"chose_seed":false,"campfire_upgraded":6,"win_rate":0,"timestamp":1548548549,"path_taken":["M","M","M","M","?","R","?","M","T","?","?","E","R","E","R","BOSS","M","?","M","M","?","R","E","R","T","M","?","M","?","M","R","BOSS","M","$","?","M","M","R","E"],"build_version":"2019-01-23","purchased_purges":1,"victory":false,"max_hp_per_floor":[64,64,64,64,64,64,64,64,71,71,71,71,71,71,71,71,71,71,76,76,76,76,76,76,76,76,76,76,76,76,76,76,76,76,76,76,72,72,72,72,72],"card_choices":[{"not_picked":["Storm","Rebound"],"picked":"Chill","floor":1},{"not_picked":["Barrage","Stack"],"picked":"Gash","floor":2},{"not_picked":["Steam","Beam Cell"],"picked":"Streamline","floor":3},{"not_picked":["Stack","Hologram"],"picked":"Gash","floor":4},{"not_picked":["Blizzard","Redo"],"picked":"Capacitor","floor":8},{"not_picked":["Rainbow","Static Discharge"],"picked":"Steam","floor":10},{"not_picked":["Conserve Battery","Melter"],"picked":"FTL","floor":12},{"not_picked":["Reboot","Turbo"],"picked":"FTL","floor":14},{"not_picked":["Biased Cognition","Creative AI"],"picked":"Reboot","floor":16},{"not_picked":["Barrage","Static Discharge"],"picked":"Conserve Battery","floor":18},{"not_picked":["Compile Driver","Beam Cell"],"picked":"Chill+1","floor":20},{"not_picked":["Hello World","Turbo","Barrage"],"picked":"SKIP","floor":21},{"not_picked":["Fusion","Melter"],"picked":"Core Surge","floor":24},{"not_picked":["Leap","Steam"],"picked":"Cold Snap","floor":27},{"not_picked":["Reprogram","Barrage","Steam"],"picked":"SKIP","floor":29},{"not_picked":["Fusion","Streamline"],"picked":"Darkness","floor":30},{"not_picked":["Recycle","Steam","Fusion"],"picked":"SKIP","floor":31},{"not_picked":["Meteor Strike","Machine Learning"],"picked":"Amplify","floor":33},{"not_picked":["Glacier","Ball Lightning"],"picked":"Gash","floor":35},{"not_picked":["Compile Driver","Redo"],"picked":"Darkness","floor":38},{"not_picked":["Storm","Sweeping Beam","Machine Learning"],"picked":"SKIP","floor":39}],"player_experience":1260878,"relics_obtained":[{"floor":9,"key":"Strawberry"},{"floor":12,"key":"Symbiotic Virus"},{"floor":14,"key":"Tiny Chest"},{"floor":24,"key":"The Courier"},{"floor":26,"key":"Orichalcum"}],"event_choices":[{"cards_removed":["Strike_B"],"damage_healed":0,"gold_gain":0,"player_choice":"Card Removal","damage_taken":0,"max_hp_gain":0,"max_hp_loss":0,"event_name":"The Cleric","floor":5,"gold_loss":75},{"cards_removed":["Strike_B"],"damage_healed":0,"gold_gain":0,"player_choice":"Offered Basic","damage_taken":0,"max_hp_gain":0,"max_hp_loss":0,"event_name":"Bonfire Elementals","floor":7,"gold_loss":0},{"damage_healed":0,"gold_gain":0,"player_choice":"Success","damage_taken":18,"relics_obtained":["DataDisk"],"max_hp_gain":0,"max_hp_loss":0,"event_name":"Scrap Ooze","floor":11,"gold_loss":0},{"damage_healed":0,"gold_gain":0,"player_choice":"Shed Blood","damage_taken":25,"max_hp_gain":5,"max_hp_loss":0,"event_name":"Forgotten Altar","floor":19,"gold_loss":0},{"cards_removed":["Defend_B"],"damage_healed":0,"gold_gain":0,"player_choice":"Gave Gold","damage_taken":0,"max_hp_gain":0,"max_hp_loss":0,"event_name":"Beggar","floor":22,"gold_loss":75},{"damage_healed":0,"gold_gain":0,"player_choice":"Copied","damage_taken":0,"max_hp_gain":0,"max_hp_loss":0,"event_name":"Duplicator","floor":28,"gold_loss":0,"cards_obtained":["Defragment"]},{"damage_healed":0,"gold_gain":0,"player_choice":"Max HP","damage_taken":0,"max_hp_gain":0,"max_hp_loss":4,"event_name":"Winding Halls","floor":37,"gold_loss":0}],"is_beta":true,"boss_relics":[{"not_picked":["Pandora\u0027s Box","Empty Cage"],"picked":"Astrolabe"},{"not_picked":["Black Star","White Beast Statue"],"picked":"Nuclear Battery"}],"items_purged_floors":[36],"is_endless":false,"potions_floor_spawned":[1,4,10,12,18,21,29,30,31,35],"killed_by":"Reptomancer","ascension_level":20}