{"gold_per_floor":[113,128,139,139,139,170,170,198,198,198,198,28,59,78,78,78],"floor_reached":16,"playtime":719,"items_purged":["Parasite"],"score":207,"play_id":"50a78fb1-09e9-42c4-918a-b03fe8b0d7c7","local_time":"20180919172900","is_ascension_mode":true,"campfire_choices":[{"data":"Anger","floor":7,"key":"SMITH"},{"data":"Armaments","floor":11,"key":"SMITH"},{"data":"Shrug It Off","floor":15,"key":"SMITH"}],"neow_cost":"NONE","seed_source_timestamp":598361559533315,"circlet_count":0,"master_deck":["Strike_R","Strike_R","Strike_R","Strike_R","Defend_R","Defend_R","Defend_R","Defend_R","Bash+1","AscendersBane","Anger+1","Thunderclap","Armaments+1","Metallicize","Battle Trance","Shrug It Off+1","Dropkick","Double Tap","Ghostly Armor"],"relics":["Burning Blood","Paper Frog","Smiling Mask","Sundial","Singing Bowl"],"potions_floor_usage":[6,8,16,16],"damage_taken":[{"damage":6,"enemies":"Cultist","floor":1,"turns":4},{"damage":3,"enemies":"Small Slimes","floor":2,"turns":4},{"damage":1,"enemies":"2 Louse","floor":3,"turns":2},{"damage":21,"enemies":"Gremlin Nob","floor":6,"turns":4},{"damage":25,"enemies":"Lagavulin","floor":8,"turns":8},{"damage":12,"enemies":"3 Sentries","floor":13,"turns":7},{"damage":2,"enemies":"Large Slime","floor":14,"turns":5},{"damage":65,"enemies":"Slime Boss","floor":16,"turns":12}],"seed_played":"-293747809396400649","potions_obtained":[{"floor":2,"key":"Ancient Potion"},{"floor":6,"key":"LiquidBronze"},{"floor":13,"key":"SkillPotion"},{"floor":14,"key":"SpeedPotion"}],"is_trial":false,"path_per_floor":["M","M","M","?","?","E","R","E","T","?","R","$","E","M","R"],"character_chosen":"IRONCLAD","items_purchased":["Shrug It Off","Dropkick"],"campfire_rested":0,"item_purchase_floors":[12,12],"current_hp_per_floor":[68,71,75,75,80,65,65,46,46,66,66,66,60,64,64,0],"gold":78,"neow_bonus":"UPGRADE_CARD","is_prod":false,"is_daily":false,"chose_seed":false,"campfire_upgraded":3,"win_rate":0,"timestamp":1537399740,"path_taken":["M","M","?","?","?","E","R","E","T","?","R","$","E","M","R","BOSS"],"build_version":"2018-09-18v3","purchased_purges":1,"victory":false,"max_hp_per_floor":[75,75,75,75,80,80,80,80,80,80,80,77,77,77,77,77],"card_choices":[{"not_picked":["Clothesline","Heavy Blade"],"picked":"Anger","floor":1},{"not_picked":["Warcry","Clash"],"picked":"Thunderclap","floor":2},{"not_picked":["Warcry","Burning Pact"],"picked":"Armaments","floor":3},{"not_picked":["Sever Soul","Searing Blow"],"picked":"Metallicize","floor":6},{"not_picked":["Brutality","Pommel Strike"],"picked":"Battle Trance","floor":8},{"not_picked":["Hemokinesis","Havoc"],"picked":"Double Tap","floor":13},{"not_picked":["Body Slam","Feel No Pain"],"picked":"Ghostly Armor","floor":14}],"player_experience":1040495,"relics_obtained":[{"floor":6,"key":"Paper Frog"},{"floor":8,"key":"Smiling Mask"},{"floor":9,"key":"Sundial"},{"floor":13,"key":"Singing Bowl"}],"event_choices":[{"event_name":"Living Wall","player_choice":"Forget","floor":4,"damage_taken":0},{"event_name":"Big Fish","player_choice":"Donut","floor":5,"damage_taken":0},{"event_name":"Mushrooms","player_choice":"Healed and dodged fight","floor":10,"damage_taken":0}],"is_beta":true,"boss_relics":[],"items_purged_floors":[12],"is_endless":false,"potions_floor_spawned":[2,6,13,14],"killed_by":"Slime Boss","ascension_level":15}