{"gold_per_floor":[212,231,231,248,14,14,26,56,81,96,171,186,186],"floor_reached":13,"playtime":4624,"items_purged":[],"score":100,"play_id":"db99f400-6e8f-4875-8f3e-8fa9e018508b","local_time":"20190219194608","is_ascension_mode":true,"campfire_choices":[{"data":"Body Slam","floor":6,"key":"SMITH"}],"neow_cost":"NONE","seed_source_timestamp":2717360592696263,"circlet_count":0,"master_deck":["Strike_R","Strike_R","Strike_R","Strike_R","Strike_R","Defend_R","Defend_R","Defend_R","Defend_R","Bash","Iron Wave","Body Slam+1","Bash","Heavy Blade","Flex","Secret Technique","Body Slam","Pummel","Metallicize"],"relics":["Burning Blood","Strawberry","Anchor"],"potions_floor_usage":[13,13],"damage_taken":[{"damage":1,"enemies":"Cultist","floor":1,"turns":3},{"damage":6,"enemies":"2 Louse","floor":2,"turns":3},{"damage":12,"enemies":"Jaw Worm","floor":4,"turns":3},{"damage":9,"enemies":"Exordium Wildlife","floor":7,"turns":4},{"damage":30,"enemies":"Gremlin Nob","floor":8,"turns":4},{"damage":1,"enemies":"Looter","floor":10,"turns":3},{"damage":10,"enemies":"Large Slime","floor":12,"turns":6},{"damage":46,"enemies":"Lagavulin","floor":13,"turns":7}],"seed_played":"-4608768269095768281","potions_obtained":[{"floor":4,"key":"Ancient Potion"},{"floor":7,"key":"SteroidPotion"},{"floor":10,"key":"Strength Potion"}],"is_trial":false,"path_per_floor":["M","M","?","M","$","R","M","E","T","M","?","M","E"],"character_chosen":"IRONCLAD","items_purchased":["Secret Technique","Body Slam"],"campfire_rested":0,"item_purchase_floors":[5,5],"current_hp_per_floor":[80,80,80,74,74,74,71,54,54,59,48,44,0],"gold":186,"neow_bonus":"HUNDRED_GOLD","is_prod":false,"is_daily":false,"chose_seed":false,"campfire_upgraded":1,"win_rate":0,"timestamp":1550605568,"path_taken":["M","M","?","?","$","R","M","E","T","M","?","M","E"],"build_version":"2019-01-23","purchased_purges":0,"victory":false,"max_hp_per_floor":[80,80,80,80,80,80,80,87,87,87,87,87,87],"card_choices":[{"not_picked":["Ghostly Armor","Carnage"],"picked":"Iron Wave","floor":1},{"not_picked":["Carnage","Cleave"],"picked":"Body Slam","floor":2},{"not_picked":["Warcry","Rupture"],"picked":"Flex","floor":4},{"not_picked":["Sever Soul","Dropkick"],"picked":"Pummel","floor":7},{"not_picked":["Intimidate","Heavy Blade"],"picked":"Metallicize","floor":8},{"not_picked":["Clash","Bludgeon","Perfected Strike"],"picked":"SKIP","floor":10},{"not_picked":["Second Wind","True Grit","Infernal Blade"],"picked":"SKIP","floor":12}],"player_experience":1015073,"relics_obtained":[{"floor":8,"key":"Strawberry"},{"floor":9,"key":"Anchor"}],"event_choices":[{"damage_healed":0,"gold_gain":0,"player_choice":"2 cards matched","damage_taken":0,"max_hp_gain":0,"max_hp_loss":0,"event_name":"Match and Keep!","floor":3,"gold_loss":0,"cards_obtained":["Bash","Heavy Blade"]},{"damage_healed":0,"gold_gain":75,"player_choice":"Gather Gold","damage_taken":11,"max_hp_gain":0,"max_hp_loss":0,"event_name":"World of Goop","floor":11,"gold_loss":0}],"is_beta":false,"boss_relics":[],"items_purged_floors":[],"is_endless":false,"potions_floor_spawned":[4,7,10],"killed_by":"Lagavulin","ascension_level":3}