{"gold_per_floor":[111,111,130,140,140,140,172,192,192,525,543,543,554,573,573,646,646,660,121,137,137,11,11,42,42,90,90,107,35,35,45,45,123,123,136,136],"floor_reached":36,"playtime":1477,"items_purged":["Strike_B"],"score":715,"play_id":"ff35a347-ded0-47bb-b16a-21573ae74704","local_time":"20180804144042","is_ascension_mode":true,"campfire_choices":[{"data":"Go for the Eyes","floor":6,"key":"SMITH"},{"data":"Hologram","floor":12,"key":"SMITH"},{"data":"Biased Cognition","floor":15,"key":"SMITH"},{"data":"Defragment","floor":23,"key":"SMITH"},{"floor":25,"key":"REST"},{"floor":32,"key":"REST"}],"neow_cost":"NONE","seed_source_timestamp":880882600584090,"circlet_count":0,"master_deck":["Strike_B","Strike_B","Defend_B","Defend_B","Defend_B","Defend_B","Zap+1","Dualcast","AscendersBane","Hologram+1","Ball Lightning","Go for the Eyes+1","Conserve Battery","Reinforced Body","Ball Lightning","Beam Cell","Conserve Battery","Biased Cognition+1","Creative AI","FTL","Defragment+1","Ball Lightning","Conserve Battery","Consume","Capacitor","Leap","Glacier","Capacitor","Coolheaded","Conserve Battery","Seek","Coolheaded"],"relics":["Cracked Core","Blue Candle","Torii","Old Coin","Runic Dome","Calipers","StoneCalendar","Vajra","Cursed Key"],"potions_floor_usage":[7,10,14,16,18,35],"damage_taken":[{"damage":0,"enemies":"Small Slimes","floor":1,"turns":3},{"damage":2,"enemies":"Jaw Worm","floor":3,"turns":5},{"damage":1,"enemies":"Cultist","floor":4,"turns":3},{"damage":20,"enemies":"3 Sentries","floor":7,"turns":6},{"damage":0,"enemies":"Large Slime","floor":8,"turns":4},{"damage":10,"enemies":"Gremlin Nob","floor":10,"turns":3},{"damage":6,"enemies":"Red Slaver","floor":11,"turns":5},{"damage":1,"enemies":"2 Fungi Beasts","floor":13,"turns":3},{"damage":10,"enemies":"Lots of Slimes","floor":14,"turns":4},{"damage":19,"enemies":"Slime Boss","floor":16,"turns":9},{"damage":10,"enemies":"Shell Parasite","floor":18,"turns":4},{"damage":1,"enemies":"Spheric Guardian","floor":20,"turns":4},{"damage":34,"enemies":"Slavers","floor":24,"turns":5},{"damage":7,"enemies":"Cultist and Chosen","floor":28,"turns":7},{"damage":11,"enemies":"Snecko","floor":31,"turns":6},{"damage":18,"enemies":"Automaton","floor":33,"turns":9},{"damage":36,"enemies":"3 Darklings","floor":35,"turns":6},{"damage":30,"floor":36,"turns":3}],"seed_played":"2046457834694109465","potions_obtained":[{"floor":4,"key":"Ancient Potion"},{"floor":5,"key":"SteroidPotion"},{"floor":5,"key":"Fruit Juice"},{"floor":7,"key":"GamblersBrew"},{"floor":11,"key":"Swift Potion"},{"floor":16,"key":"Poison Potion"},{"floor":24,"key":"SteroidPotion"},{"floor":28,"key":"Swift Potion"},{"floor":33,"key":"Ancient Potion"},{"floor":35,"key":"Energy Potion"}],"is_trial":false,"path_per_floor":["M","?","M","M","?","R","E","M","T","E","M","R","M","M","R","B",null,"M","$","M","$","$","R","E","R","T","?","M","$","?","M","R","B",null,"M"],"character_chosen":"DEFECT","items_purchased":["Defragment","Ball Lightning","Calipers","Conserve Battery","Capacitor","Leap","Coolheaded","Conserve Battery"],"campfire_rested":2,"item_purchase_floors":[19,19,19,19,22,22,29,29],"current_hp_per_floor":[71,71,69,68,68,68,53,53,53,43,37,37,36,26,26,7,64,54,54,53,53,53,53,19,43,43,43,36,36,36,25,49,31,70,34,4],"gold":136,"neow_bonus":"TEN_PERCENT_HP_BONUS","is_prod":false,"is_daily":false,"chose_seed":false,"campfire_upgraded":4,"win_rate":0,"timestamp":1533415242,"path_taken":["M","?","?","M","?","R","E","M","T","E","M","R","M","M","R","BOSS","M","$","M","?","$","R","E","R","T","?","?","?","?","M","R","BOSS","M","?"],"build_version":"2018-08-01","purchased_purges":1,"victory":false,"max_hp_per_floor":[78,78,78,78,78,78,83,83,83,83,83,83,83,83,83,83,83,83,83,83,83,83,83,83,83,83,83,83,83,83,83,83,83,83,83,83],"card_choices":[{"not_picked":["Stack","Steam"],"picked":"Hologram","floor":1},{"not_picked":["Coolheaded","FTL"],"picked":"Ball Lightning","floor":3},{"not_picked":["Sweeping Beam","Blizzard"],"picked":"Go for the Eyes","floor":4},{"not_picked":["Melter","Sweeping Beam"],"picked":"Conserve Battery","floor":7},{"not_picked":["Barrage","Go for the Eyes"],"picked":"Reinforced Body","floor":8},{"not_picked":["Rip and Tear","Buffer"],"picked":"Ball Lightning","floor":10},{"not_picked":["Stack","Recycle"],"picked":"Beam Cell","floor":11},{"not_picked":["Turbo","Leap"],"picked":"Conserve Battery","floor":13},{"not_picked":["Coolheaded","Self Repair"],"picked":"Biased Cognition","floor":14},{"not_picked":["Fission","Rainbow"],"picked":"Creative AI","floor":16},{"not_picked":["Rebound","Gash"],"picked":"FTL","floor":18},{"not_picked":["Loop","Hologram"],"picked":"Consume","floor":20},{"not_picked":["Coolheaded","Go for the Eyes"],"picked":"Glacier","floor":24},{"not_picked":["Redo","Melter"],"picked":"Capacitor","floor":28},{"not_picked":["Conserve Battery","Redo","Turbo"],"picked":"SKIP","floor":31},{"not_picked":["Multi-Cast","Core Surge"],"picked":"Seek","floor":33},{"not_picked":["Leap","Compile Driver"],"picked":"Coolheaded","floor":35}],"player_experience":945175,"relics_obtained":[{"floor":7,"key":"Blue Candle"},{"floor":9,"key":"Torii"},{"floor":10,"key":"Old Coin"},{"floor":24,"key":"StoneCalendar"},{"floor":26,"key":"Vajra"}],"event_choices":[{"event_name":"Living Wall","player_choice":"Grow","floor":2,"damage_taken":0},{"event_name":"The Lab","player_choice":"Got Potions","floor":5,"damage_taken":0},{"event_name":"Wheel of Change","player_choice":"Card Removal","floor":27,"damage_taken":0},{"event_name":"Drug Dealer","player_choice":"Ignored","floor":30,"damage_taken":0},{"event_name":"Mysterious Sphere","player_choice":"Fight","floor":36,"damage_taken":0}],"is_beta":true,"boss_relics":[{"not_picked":["Orrery","Inserter"],"picked":"Runic Dome"},{"not_picked":["Coffee Dripper","Snecko Eye"],"picked":"Cursed Key"}],"items_purged_floors":[19],"is_endless":false,"potions_floor_spawned":[4,7,11,16,24,28,33,35],"ascension_level":15}