{"gold_per_floor":[117,137,10,10,10,10,46,46,46,89,109,132,5,18,18,114,114,132,105,55,55,55,98,98,138,138,24,24,24],"floor_reached":29,"playtime":1160,"items_purged":["Strike_B"],"score":471,"play_id":"b45f1b50-2b50-44ed-9750-5a0a92ab1114","local_time":"20180831002054","is_ascension_mode":true,"campfire_choices":[{"data":"Conserve Battery","floor":6,"key":"SMITH"},{"data":"Hologram","floor":8,"key":"SMITH"},{"data":"Go for the Eyes","floor":15,"key":"SMITH"},{"floor":24,"key":"REST"}],"neow_cost":"NONE","seed_source_timestamp":1385642512452581,"circlet_count":0,"master_deck":["Zap+1","Dualcast","AscendersBane","Cold Snap","Leap","Conserve Battery+1","Hologram+1","Cold Snap","Gash","Echo Form","Capacitor","Coolheaded","Go for the Eyes+1","Seek","Redo","Coolheaded","Compile Driver","Barrage","Consume","Gash","Sweeping Beam","Coolheaded","Ball Lightning","Leap+1","Scrape+1","Self Repair"],"relics":["Cracked Core","Golden Idol","Blue Candle","Anchor","Bronze Scales","Pandora\u0027s Box","Art of War","Kunai","Ornamental Fan"],"potions_floor_usage":[10,16,23,25,29,29],"damage_taken":[{"damage":7,"enemies":"Jaw Worm","floor":1,"turns":2},{"damage":6,"enemies":"Small Slimes","floor":2,"turns":3},{"damage":4,"enemies":"Lagavulin","floor":7,"turns":10},{"damage":9,"enemies":"Gremlin Nob","floor":10,"turns":4},{"damage":0,"enemies":"Cultist","floor":11,"turns":3},{"damage":2,"enemies":"Exordium Thugs","floor":12,"turns":5},{"damage":0,"enemies":"Large Slime","floor":14,"turns":6},{"damage":14,"enemies":"Hexaghost","floor":16,"turns":10},{"damage":8,"enemies":"3 Byrds","floor":18,"turns":2},{"damage":8,"enemies":"2 Thieves","floor":19,"turns":5},{"damage":20,"enemies":"Book of Stabbing","floor":23,"turns":5},{"damage":16,"enemies":"Slavers","floor":25,"turns":6},{"damage":26,"enemies":"Centurion and Healer","floor":29,"turns":4}],"seed_played":"4011810807068641487","potions_obtained":[{"floor":7,"key":"SkillPotion"},{"floor":12,"key":"SteroidPotion"},{"floor":14,"key":"SteroidPotion"},{"floor":19,"key":"LiquidBronze"},{"floor":23,"key":"SmokeBomb"},{"floor":28,"key":"SkillPotion"}],"is_trial":false,"path_per_floor":["M","M","$","?","?","R","E","R","T","E","M","M","$","M","R","B",null,"M","M","?","?","$","E","R","E","T","$","?"],"character_chosen":"DEFECT","items_purchased":["Conserve Battery","Capacitor","Coolheaded","Self Repair","FocusPotion"],"campfire_rested":1,"item_purchase_floors":[3,13,13,27,27],"current_hp_per_floor":[57,51,51,51,51,51,47,47,47,38,38,36,36,36,36,22,54,46,38,38,38,38,18,37,21,21,21,21,0],"gold":24,"neow_bonus":"UPGRADE_CARD","is_prod":false,"is_daily":false,"chose_seed":false,"campfire_upgraded":3,"win_rate":0,"timestamp":1535696454,"path_taken":["M","M","$","?","?","R","E","R","T","E","M","M","$","M","R","BOSS","M","M","?","?","$","E","R","E","T","$","?","M"],"build_version":"2018-08-30","purchased_purges":1,"victory":false,"max_hp_per_floor":[71,71,71,64,64,64,64,64,64,64,64,64,64,64,64,64,64,64,64,64,64,64,64,64,64,64,64,64,64],"card_choices":[{"not_picked":["Sweeping Beam","Conserve Battery"],"picked":"Cold Snap","floor":1},{"not_picked":["Static Discharge","Beam Cell"],"picked":"Leap","floor":2},{"not_picked":["Steam Power","Barrage"],"picked":"Hologram","floor":7},{"not_picked":["Static Discharge","Rebound"],"picked":"Cold Snap","floor":10},{"not_picked":["Beam Cell","Hello World"],"picked":"Gash","floor":11},{"not_picked":["Cold Snap","Turbo"],"picked":"Echo Form","floor":12},{"not_picked":["Beam Cell","Barrage"],"picked":"Go for the Eyes","floor":14},{"not_picked":["Multi-Cast","Hyperbeam"],"picked":"Seek","floor":16},{"not_picked":["Stack","Sweeping Beam"],"picked":"Coolheaded","floor":18},{"not_picked":["Barrage","Cold Snap"],"picked":"Ball Lightning","floor":19},{"not_picked":["Static Discharge","Rip and Tear"],"picked":"Leap+1","floor":23},{"not_picked":["Melter","Steam"],"picked":"Scrape+1","floor":25}],"player_experience":1011031,"relics_obtained":[{"floor":7,"key":"Blue Candle"},{"floor":9,"key":"Anchor"},{"floor":10,"key":"Bronze Scales"},{"floor":23,"key":"Art of War"},{"floor":25,"key":"Kunai"},{"floor":26,"key":"Ornamental Fan"}],"event_choices":[{"event_name":"Golden Idol","player_choice":"Lose Max HP","floor":4,"damage_taken":0},{"event_name":"The Cleric","player_choice":"Leave","floor":5,"damage_taken":0},{"event_name":"The Joust","player_choice":"Bet on Owner","floor":20,"damage_taken":0},{"event_name":"The Mausoleum","player_choice":"No","floor":21,"damage_taken":0},{"event_name":"The Lab","player_choice":"Got Potions","floor":28,"damage_taken":0}],"is_beta":true,"boss_relics":[{"not_picked":["Runic Pyramid","Calling Bell"],"picked":"Pandora\u0027s Box"}],"items_purged_floors":[3],"is_endless":false,"potions_floor_spawned":[7,12,14,19,23],"killed_by":"Centurion and Healer","ascension_level":15}