{"gold_per_floor":[118,43,62,4,4,4,34,44,44,78,39,39,39,57,57,57],"floor_reached":16,"playtime":885,"items_purged":[],"score":211,"play_id":"b7229101-2b5c-41a4-988c-e02e12fa26ef","local_time":"20190120153733","is_ascension_mode":true,"campfire_choices":[{"data":"Neutralize","floor":6,"key":"SMITH"},{"floor":13,"key":"REST"},{"data":"Malaise","floor":15,"key":"SMITH"}],"neow_cost":"NONE","seed_source_timestamp":942059967707455,"circlet_count":0,"master_deck":["AscendersBane","Defend_G","Defend_G","Defend_G","Defend_G+1","Defend_G","Strike_G","Strike_G","Strike_G","Survivor+1","Neutralize+1","Malaise+1","Dagger Throw","Dagger Spray+1","Leg Sweep","Acrobatics","Leg Sweep","Well Laid Plans","Backstab"],"relics":["Ring of the Snake","Pear","Mercury Hourglass","Ornamental Fan"],"potions_floor_usage":[7,16],"damage_taken":[{"damage":1,"enemies":"Small Slimes","floor":1,"turns":6},{"damage":0,"enemies":"Jaw Worm","floor":3,"turns":8},{"damage":22,"enemies":"3 Sentries","floor":7,"turns":9},{"damage":0,"enemies":"2 Louse","floor":8,"turns":2},{"damage":13,"enemies":"Lagavulin","floor":10,"turns":10},{"damage":0,"enemies":"Gremlin Gang","floor":14,"turns":2},{"damage":27,"enemies":"Hexaghost","floor":16,"turns":17}],"seed_played":"-3398039883087093933","potions_obtained":[{"floor":3,"key":"Swift Potion"},{"floor":14,"key":"EssenceOfSteel"}],"is_trial":false,"path_per_floor":["M","?","M","$","?","R","E","M","T","E","$","?","R","M","R","B"],"character_chosen":"THE_SILENT","items_purchased":["Dagger Spray","Well Laid Plans"],"campfire_rested":1,"item_purchase_floors":[4,11],"current_hp_per_floor":[58,58,58,58,58,58,46,46,46,33,33,10,32,32,32,5],"gold":57,"neow_bonus":"TRANSFORM_CARD","is_prod":false,"is_daily":false,"chose_seed":false,"campfire_upgraded":2,"win_rate":0,"timestamp":1548023853,"path_taken":["M","?","M","$","?","R","E","M","T","E","$","?","R","M","R","BOSS"],"build_version":"2019-01-19","purchased_purges":0,"victory":false,"max_hp_per_floor":[66,66,66,66,66,66,76,76,76,76,76,76,76,76,76,76],"card_choices":[{"not_picked":["Bane","Outmaneuver"],"picked":"Dagger Throw","floor":1},{"not_picked":["Flying Knee","Prepared","Deadly Poison"],"picked":"SKIP","floor":3},{"not_picked":["Deflect","Wraith Form v2"],"picked":"Leg Sweep","floor":7},{"not_picked":["Underhanded Strike","Dodge and Roll"],"picked":"Acrobatics","floor":8},{"not_picked":["Deadly Poison","Backflip"],"picked":"Leg Sweep","floor":10},{"not_picked":["Accuracy","Endless Agony"],"picked":"Backstab","floor":14}],"player_experience":1237048,"relics_obtained":[{"floor":7,"key":"Pear"},{"floor":9,"key":"Mercury Hourglass"},{"floor":10,"key":"Ornamental Fan"}],"event_choices":[{"cards_removed":["Strike_G"],"damage_healed":0,"gold_gain":0,"player_choice":"Card Removal","damage_taken":0,"max_hp_gain":0,"max_hp_loss":0,"event_name":"The Cleric","floor":2,"gold_loss":75},{"damage_healed":0,"gold_gain":0,"player_choice":"Grow","damage_taken":0,"max_hp_gain":0,"max_hp_loss":0,"event_name":"Living Wall","floor":5,"gold_loss":0,"cards_upgraded":["Dagger Spray"]},{"damage_healed":0,"gold_gain":0,"player_choice":"Entered Light","damage_taken":23,"max_hp_gain":0,"max_hp_loss":0,"event_name":"Shining Light","floor":12,"gold_loss":0,"cards_upgraded":["Survivor","Defend_G"]}],"is_beta":true,"boss_relics":[],"items_purged_floors":[],"is_endless":false,"potions_floor_spawned":[3,14],"killed_by":"Hexaghost","ascension_level":19}