{"gold_per_floor":[116,266,82,62,19,19,33,58,58,68,102,120,135,160,160,232,232,244,244,84,102,1,1,32,48,48,48,48,48,98,117,117,194,194,207,207,224,224,243,243],"floor_reached":40,"playtime":1740,"items_purged":["Doubt"],"score":998,"play_id":"5c08d823-925d-4ac8-bde6-c0b5e344b1a3","local_time":"20190218204619","is_ascension_mode":true,"campfire_choices":[{"data":"Hyperbeam","floor":6,"key":"SMITH"},{"data":"Sunder","floor":15,"key":"SMITH"},{"data":"Mind Blast","floor":23,"key":"SMITH"},{"data":"Defragment","floor":27,"key":"SMITH"},{"data":"Lockon","floor":29,"key":"SMITH"},{"data":"Zap","floor":32,"key":"SMITH"}],"neow_cost":"NONE","seed_source_timestamp":436098122870500,"circlet_count":0,"master_deck":["AscendersBane","Zap+1","Dualcast","Hyperbeam+1","Leap","Conserve Battery","Sweeping Beam","Sunder+1","Leap","Rebound","Gash","Core Surge","Ball Lightning","Skim+1","Leap+1","Electrodynamics","Lockon+1","Meteor Strike","Auto Shields+1","Chill+1","Defragment+1","FTL","Steam+1","Mind Blast+1","Hologram+1","Gash","Fission+1","Echo Form"],"relics":["Cracked Core","Toxic Egg 2","Dead Branch","Kunai","Orichalcum","Pandora\u0027s Box","Bag of Marbles","Dodecahedron","Smiling Mask","Snecko Eye"],"potions_floor_usage":[8,11,16,33,33,39],"damage_taken":[{"damage":0,"enemies":"2 Louse","floor":1,"turns":2},{"damage":0,"enemies":"Cultist","floor":7,"turns":2},{"damage":7,"enemies":"Gremlin Nob","floor":8,"turns":3},{"damage":2,"enemies":"Jaw Worm","floor":10,"turns":3},{"damage":18,"enemies":"Lagavulin","floor":11,"turns":5},{"damage":0,"enemies":"Red Slaver","floor":12,"turns":4},{"damage":1,"enemies":"Looter","floor":13,"turns":2},{"damage":0,"enemies":"3 Sentries","floor":14,"turns":2},{"damage":0,"enemies":"The Guardian","floor":16,"turns":11},{"damage":6,"enemies":"Chosen","floor":18,"turns":4},{"damage":6,"enemies":"Shell Parasite","floor":21,"turns":3},{"damage":11,"enemies":"Slavers","floor":24,"turns":3},{"damage":0,"enemies":"Centurion and Healer","floor":25,"turns":1},{"damage":0,"enemies":"3 Cultists","floor":31,"turns":3},{"damage":41,"enemies":"Collector","floor":33,"turns":10},{"damage":0,"enemies":"Orb Walker","floor":35,"turns":1},{"damage":0,"enemies":"3 Shapes","floor":37,"turns":3},{"damage":1,"enemies":"Maw","floor":39,"turns":4},{"damage":84,"enemies":"Giant Head","floor":40,"turns":7}],"seed_played":"1074731673553793816","potions_obtained":[{"floor":4,"key":"PowerPotion"},{"floor":10,"key":"Poison Potion"},{"floor":11,"key":"PowerPotion"},{"floor":13,"key":"Weak Potion"},{"floor":16,"key":"FearPotion"},{"floor":21,"key":"Block Potion"},{"floor":31,"key":"Dexterity Potion"},{"floor":33,"key":"SkillPotion"}],"is_trial":false,"path_per_floor":["M","?","$","?","$","R","M","E","T","M","E","M","M","E","R","B",null,"M","?","$","M","$","R","E","M","T","R","$","R","?","M","R","B",null,"M","?","M","?","M","E"],"character_chosen":"DEFECT","items_purchased":["Conserve Battery","Sweeping Beam","Sunder","Bag of Marbles","Mind Blast"],"campfire_rested":0,"item_purchase_floors":[3,3,5,20,22],"current_hp_per_floor":[64,64,64,64,64,64,64,57,57,55,37,37,36,36,36,36,62,56,71,71,65,65,65,54,54,54,54,54,54,54,54,54,13,57,57,57,57,57,56,0],"gold":243,"neow_bonus":"ONE_RANDOM_RARE_CARD","is_prod":false,"is_daily":false,"chose_seed":false,"campfire_upgraded":6,"win_rate":0,"timestamp":1550547979,"path_taken":["M","?","$","?","$","R","M","E","T","M","E","?","M","E","R","BOSS","M","?","$","M","$","R","E","?","T","R","?","R","?","?","R","BOSS","M","?","M","?","?","E"],"build_version":"2019-02-06","purchased_purges":1,"victory":false,"max_hp_per_floor":[71,71,71,71,71,71,71,71,71,71,71,71,71,71,71,71,71,71,71,71,71,71,71,71,71,71,71,71,71,71,71,71,71,71,71,67,67,67,67,67],"card_choices":[{"not_picked":["Cold Snap","Steam"],"picked":"Leap","floor":1},{"not_picked":["Scrape","Ball Lightning"],"picked":"Leap","floor":7},{"not_picked":["Double Energy","Compile Driver"],"picked":"Rebound","floor":8},{"not_picked":["Go for the Eyes","Rebound"],"picked":"Gash","floor":10},{"not_picked":["Steam+1","Beam Cell"],"picked":"Core Surge","floor":11},{"not_picked":["Capacitor","Chill+1"],"picked":"Ball Lightning","floor":12},{"not_picked":["Sunder","Ball Lightning"],"picked":"Skim+1","floor":13},{"not_picked":["Compile Driver","Sweeping Beam"],"picked":"Leap+1","floor":14},{"not_picked":["Amplify+1","Core Surge"],"picked":"Electrodynamics","floor":16},{"not_picked":["Recycle+1","Barrage"],"picked":"Steam+1","floor":18},{"not_picked":["Auto Shields+1","Reprogram+1","Loop"],"picked":"SKIP","floor":21},{"not_picked":["Force Field+1","Steam+1"],"picked":"Hologram+1","floor":24},{"not_picked":["Static Discharge","Streamline+1"],"picked":"Gash","floor":25},{"not_picked":["Leap+1","Go for the Eyes"],"picked":"Fission+1","floor":31},{"not_picked":["Creative AI","Seek+1"],"picked":"Echo Form","floor":33},{"not_picked":["Reprogram+1","Compile Driver","Loop"],"picked":"SKIP","floor":35},{"not_picked":["Loop+1","Beam Cell","Genetic Algorithm+1"],"picked":"SKIP","floor":37},{"not_picked":["Double Energy+1","Coolheaded+1","Streamline"],"picked":"SKIP","floor":39}],"player_experience":1351536,"relics_obtained":[{"floor":8,"key":"Toxic Egg 2"},{"floor":9,"key":"Dead Branch"},{"floor":11,"key":"Kunai"},{"floor":14,"key":"Orichalcum"},{"floor":24,"key":"Dodecahedron"},{"floor":26,"key":"Smiling Mask"}],"event_choices":[{"damage_healed":0,"gold_gain":150,"player_choice":"AGREE","damage_taken":0,"max_hp_gain":0,"max_hp_loss":0,"event_name":"Liars Game","floor":2,"gold_loss":0,"cards_obtained":["Doubt"]},{"damage_healed":0,"gold_gain":0,"player_choice":"Bought 1 Potion","damage_taken":0,"max_hp_gain":0,"max_hp_loss":0,"event_name":"The Woman in Blue","floor":4,"gold_loss":0},{"cards_removed":["Darkness"],"damage_healed":15,"gold_gain":0,"player_choice":"Offered Uncommon","damage_taken":0,"max_hp_gain":0,"max_hp_loss":0,"event_name":"Bonfire Elementals","floor":19,"gold_loss":0},{"damage_healed":0,"gold_gain":50,"player_choice":"Pray","damage_taken":0,"max_hp_gain":0,"max_hp_loss":0,"event_name":"Golden Shrine","floor":30,"gold_loss":0},{"damage_healed":0,"gold_gain":0,"player_choice":"Max HP","damage_taken":0,"max_hp_gain":0,"max_hp_loss":4,"event_name":"Winding Halls","floor":36,"gold_loss":0},{"cards_removed":["Rebound"],"damage_healed":0,"gold_gain":0,"player_choice":"Purged","damage_taken":0,"max_hp_gain":0,"max_hp_loss":0,"event_name":"Purifier","floor":38,"gold_loss":0}],"is_beta":true,"boss_relics":[{"not_picked":["FrozenCore","Velvet Choker"],"picked":"Pandora\u0027s Box"},{"not_picked":["Fusion Hammer","Philosopher\u0027s Stone"],"picked":"Snecko Eye"}],"items_purged_floors":[3],"is_endless":false,"potions_floor_spawned":[10,11,13,16,18,21,31,33],"killed_by":"Giant Head","ascension_level":20}