{"gold_per_floor":[119,119,134,149,169,204,204,204,204,221,237,237,237,257,257,359,359,374,374,391,28,47,78,78],"floor_reached":24,"playtime":1874,"items_purged":["Strike_R+1"],"score":242,"play_id":"0fd8e134-0b24-4f84-b8ab-d93ed05886e8","local_time":"20190219011341","is_ascension_mode":true,"campfire_choices":[{"floor":8,"key":"REST"},{"floor":13,"key":"REST"},{"floor":15,"key":"RECALL"}],"neow_cost":"NONE","seed_source_timestamp":2653368511312009,"circlet_count":0,"master_deck":["Strike_R","Strike_R","Strike_R","Defend_R","Defend_R","Defend_R","Defend_R","Bash","Pummel","Decay","Spot Weakness","Disarm","Sword Boomerang","Infernal Blade+1","Shrug It Off","Anger","Metallicize","Fiend Fire+1","Shockwave","Secret Technique","Inflame","Flash of Steel","Metallicize","Sword Boomerang"],"relics":["Fusion Hammer","Shuriken","Du-Vu Doll","Mark of Pain","Girya"],"potions_floor_usage":[5,16,20,20,23,23],"damage_taken":[{"damage":4,"enemies":"2 Louse","floor":1,"turns":4},{"damage":3,"enemies":"Cultist","floor":3,"turns":3},{"damage":14,"enemies":"Jaw Worm","floor":4,"turns":2},{"damage":0,"enemies":"2 Fungi Beasts","floor":5,"turns":2},{"damage":27,"enemies":"3 Sentries","floor":6,"turns":6},{"damage":2,"enemies":"Large Slime","floor":10,"turns":3},{"damage":8,"enemies":"Gremlin Gang","floor":11,"turns":4},{"damage":1,"enemies":"Exordium Thugs","floor":14,"turns":3},{"damage":26,"enemies":"The Guardian","floor":16,"turns":7},{"damage":18,"enemies":"Spheric Guardian","floor":18,"turns":4},{"damage":0,"enemies":"Chosen","floor":20,"turns":4},{"damage":10,"enemies":"3 Cultists","floor":22,"turns":4},{"damage":74,"enemies":"Gremlin Leader","floor":23,"turns":9},{"damage":22,"enemies":"Cultist and Chosen","floor":24,"turns":4}],"seed_played":"-7026393776795174581","potions_obtained":[{"floor":4,"key":"Explosive Potion"},{"floor":6,"key":"LiquidBronze"},{"floor":14,"key":"SkillPotion"},{"floor":16,"key":"SkillPotion"},{"floor":18,"key":"Regen Potion"},{"floor":20,"key":"Regen Potion"}],"is_trial":false,"path_per_floor":["M","?","M","M","M","E","?","R","T","M","M","?","R","M","R","B",null,"M","?","M","$","M","E","M"],"character_chosen":"IRONCLAD","items_purchased":["Secret Technique","Inflame","Flash of Steel"],"campfire_rested":2,"item_purchase_floors":[21,21,21],"current_hp_per_floor":[76,76,73,59,59,32,16,40,40,38,30,23,47,46,46,20,80,62,62,62,62,52,13,0],"gold":78,"neow_bonus":"BOSS_RELIC","is_prod":false,"is_daily":false,"chose_seed":false,"campfire_upgraded":0,"win_rate":0,"timestamp":1550538821,"path_taken":["M","?","?","M","M","E","?","R","T","M","M","?","R","M","R","BOSS","M","?","M","$","M","E","M"],"build_version":"2019-01-23","purchased_purges":1,"victory":false,"max_hp_per_floor":[80,80,80,80,80,80,80,80,80,80,80,80,80,80,80,80,80,80,80,80,80,80,80,80],"card_choices":[{"not_picked":["Heavy Blade","Burning Pact"],"picked":"Pummel","floor":1},{"not_picked":["True Grit","Armaments"],"picked":"Spot Weakness","floor":3},{"not_picked":["Perfected Strike","Carnage"],"picked":"Disarm","floor":4},{"not_picked":["Uppercut","Blood for Blood"],"picked":"Sword Boomerang","floor":5},{"not_picked":["Bloodletting","Brutality"],"picked":"Infernal Blade","floor":6},{"not_picked":["Cleave","Entrench"],"picked":"Shrug It Off","floor":10},{"not_picked":["Warcry","Disarm"],"picked":"Anger","floor":11},{"not_picked":["Corruption","Entrench"],"picked":"Metallicize","floor":14},{"not_picked":["Juggernaut","Brutality"],"picked":"Fiend Fire","floor":16},{"not_picked":["Evolve","Sword Boomerang"],"picked":"Shockwave","floor":18},{"not_picked":["Twin Strike","Shockwave","Dual Wield"],"picked":"SKIP","floor":20},{"not_picked":["Headbutt","Cleave+1"],"picked":"Metallicize","floor":22},{"not_picked":["Rupture+1","Thunderclap+1"],"picked":"Sword Boomerang","floor":23}],"player_experience":973167,"relics_obtained":[{"floor":6,"key":"Shuriken"},{"floor":9,"key":"Du-Vu Doll"},{"floor":23,"key":"Girya"}],"event_choices":[{"damage_healed":0,"gold_gain":0,"player_choice":"Cursed","damage_taken":0,"max_hp_gain":0,"max_hp_loss":0,"event_name":"Wheel of Change","floor":2,"gold_loss":0,"cards_obtained":["Decay"]},{"damage_healed":0,"gold_gain":0,"player_choice":"Entered Light","damage_taken":16,"max_hp_gain":0,"max_hp_loss":0,"event_name":"Shining Light","floor":7,"gold_loss":0,"cards_upgraded":["Infernal Blade","Strike_R"]},{"cards_removed":["Strike_R"],"damage_healed":0,"gold_gain":0,"player_choice":"Card Removal","damage_taken":7,"max_hp_gain":0,"max_hp_loss":0,"event_name":"Golden Wing","floor":12,"gold_loss":0},{"damage_healed":0,"gold_gain":0,"player_choice":"Upgraded","damage_taken":0,"max_hp_gain":0,"max_hp_loss":0,"event_name":"Upgrade Shrine","floor":19,"gold_loss":0,"cards_upgraded":["Fiend Fire"]}],"is_beta":false,"boss_relics":[{"not_picked":["Eternal Feather","Black Star"],"picked":"Mark of Pain"}],"items_purged_floors":[21],"is_endless":false,"potions_floor_spawned":[4,6,14,16,18,20],"killed_by":"Cultist and Chosen","ascension_level":2}