{"gold_per_floor":[119,134,151,162,176,201,201,218,218,234,251,251,251,110,110,213,213,223,237,237,252,252,252,281,299,299,326,241,98,133,232,232,333,333,353,368,368,368,386,417,429,441,441,52,80,80,180,31,31,31],"floor_reached":51,"playtime":3079,"items_purged":[],"score":944,"play_id":"bafae8e1-9c5d-4407-b4a6-3d907d5a63a3","local_time":"20181209154727","daily_mods":["SealedDeck"],"is_ascension_mode":false,"campfire_choices":[{"data":"Hologram","floor":7,"key":"SMITH"},{"data":"Coolheaded","floor":13,"key":"SMITH"},{"data":"Double Energy","floor":15,"key":"SMITH"},{"floor":23,"key":"REST"},{"floor":32,"key":"REST"},{"floor":46,"key":"REST"},{"floor":49,"key":"REST"}],"neow_cost":"","seed_source_timestamp":0,"circlet_count":0,"master_deck":["Sunder","Coolheaded+1","Turbo","Beam Cell","Rebound","Compile Driver","Gash","Glacier","Hologram+1","Leap","Go for the Eyes","Gash","Defragment+1","Gash","Beam Cell","Sweeping Beam","Steam","Reinforced Body","Double Energy+1","Seek","Conserve Battery","Loop","Compile Driver+1","Stack","Stack+1","Biased Cognition","Amplify","White Noise+1","Scrape","Madness","Madness","Stack","Zap","Ball Lightning","Capacitor+1","Redo+1","Glacier+1","Gash","Capacitor","Rebound+1"],"special_seed":0,"relics":["Cracked Core","Happy Flower","Darkstone Periapt","Fusion Hammer","FossilizedHelix","Omamori","Bottled Flame","Pen Nib","Meat on the Bone","Strawberry","Oddly Smooth Stone","Philosopher\u0027s Stone","Bronze Scales","Mercury Hourglass","Ice Cream","Thread and Needle","Gambling Chip","Bag of Preparation"],"potions_floor_usage":[],"damage_taken":[{"damage":0,"enemies":"Small Slimes","floor":1,"turns":2},{"damage":0,"enemies":"Jaw Worm","floor":2,"turns":2},{"damage":0,"enemies":"Cultist","floor":3,"turns":2},{"damage":5,"enemies":"Looter","floor":4,"turns":2},{"damage":0,"enemies":"Large Slime","floor":5,"turns":3},{"damage":8,"enemies":"Gremlin Nob","floor":6,"turns":3},{"damage":0,"enemies":"Exordium Wildlife","floor":8,"turns":3},{"damage":0,"enemies":"Exordium Thugs","floor":10,"turns":3},{"damage":0,"enemies":"Large Slime","floor":11,"turns":3},{"damage":6,"enemies":"Hexaghost","floor":16,"turns":8},{"damage":4,"enemies":"2 Thieves","floor":18,"turns":4},{"damage":0,"enemies":"Spheric Guardian","floor":19,"turns":4},{"damage":1,"enemies":"3 Cultists","floor":21,"turns":4},{"damage":20,"enemies":"Slavers","floor":24,"turns":5},{"damage":0,"enemies":"Snecko","floor":25,"turns":5},{"damage":15,"enemies":"Gremlin Leader","floor":27,"turns":8},{"damage":0,"enemies":"Slavers","floor":30,"turns":6},{"damage":0,"enemies":"Champ","floor":33,"turns":15},{"damage":0,"enemies":"3 Darklings","floor":35,"turns":7},{"damage":0,"enemies":"3 Shapes","floor":36,"turns":5},{"damage":9,"enemies":"3 Darklings","floor":39,"turns":4},{"damage":0,"enemies":"Reptomancer","floor":40,"turns":7},{"damage":0,"enemies":"Transient","floor":41,"turns":5},{"damage":6,"enemies":"Writhing Mass","floor":42,"turns":7},{"damage":3,"enemies":"Giant Head","floor":45,"turns":9},{"damage":0,"enemies":"Mind Bloom Boss Battle","floor":47,"turns":5},{"damage":0,"enemies":"Donu and Deca","floor":50,"turns":11}],"seed_played":"-3611452748907554256","potions_obtained":[{"floor":3,"key":"SkillPotion"},{"floor":4,"key":"FearPotion"},{"floor":5,"key":"FairyPotion"},{"floor":11,"key":"Strength Potion"},{"floor":24,"key":"Ancient Potion"}],"is_trial":true,"path_per_floor":["M","M","M","M","M","E","R","M","T","M","M","?","R","$","R","B",null,"M","M","?","M","T","R","E","M","T","E","?","$","E","?","R","B",null,"M","M","?","?","M","E","M","M","T","$","E","R","?","$","R","B",null],"character_chosen":"DEFECT","items_purchased":["Reinforced Body","Double Energy","Strawberry","Ice Cream","Gash","Capacitor","Bag of Preparation"],"campfire_rested":4,"item_purchase_floors":[14,14,29,44,44,44,48],"current_hp_per_floor":[75,75,75,70,70,62,62,62,62,62,62,62,62,62,62,56,75,71,71,71,70,70,75,55,55,55,40,40,47,47,47,71,71,82,82,82,72,72,63,63,63,57,57,57,54,78,78,78,82,82],"gold":31,"neow_bonus":"","is_prod":false,"is_daily":false,"chose_seed":false,"campfire_upgraded":3,"win_rate":0,"timestamp":1544377647,"path_taken":["M","M","M","M","M","E","R","M","T","M","M","?","R","$","R","BOSS","M","M","?","M","?","R","E","?","T","E","?","$","E","?","R","BOSS","M","M","?","?","?","E","M","M","T","$","E","R","?","$","R","BOSS"],"build_version":"2018-12-06","purchased_purges":0,"victory":true,"max_hp_per_floor":[75,75,75,75,75,75,75,75,75,75,75,75,75,75,75,75,75,75,75,75,75,75,75,75,75,75,75,75,82,82,82,82,82,82,82,82,82,82,82,82,82,82,82,82,82,82,82,82,82,82],"card_choices":[{"not_picked":["Fusion","Hologram"],"picked":"Go for the Eyes","floor":1},{"not_picked":["Coolheaded","Hologram"],"picked":"Gash","floor":2},{"not_picked":["Self Repair","Cold Snap"],"picked":"Defragment","floor":3},{"not_picked":["Leap","Defragment"],"picked":"Gash","floor":4},{"not_picked":["Turbo","Redo"],"picked":"Beam Cell","floor":5},{"not_picked":["Buffer","Lockon","Melter"],"picked":"SKIP","floor":6},{"not_picked":["Compile Driver","Ball Lightning"],"picked":"Sweeping Beam","floor":8},{"not_picked":["Leap","Hello World"],"picked":"Coolheaded","floor":10},{"not_picked":["Blizzard","Stack"],"picked":"Steam","floor":11},{"not_picked":["Amplify","Electrodynamics"],"picked":"Seek","floor":16},{"not_picked":["Reprogram","Barrage"],"picked":"Conserve Battery","floor":18},{"not_picked":["Fusion","Beam Cell","Undo+1"],"picked":"SKIP","floor":19},{"not_picked":["Darkness","Sweeping Beam"],"picked":"Loop","floor":21},{"not_picked":["Rebound+1","Conserve Battery"],"picked":"Compile Driver+1","floor":24},{"not_picked":["Chill","Auto Shields"],"picked":"Stack","floor":25},{"not_picked":["Beam Cell","Fusion"],"picked":"Stack+1","floor":27},{"not_picked":["Coolheaded","Go for the Eyes"],"picked":"Biased Cognition","floor":30},{"not_picked":["Core Surge","Reboot"],"picked":"Amplify","floor":33},{"not_picked":["Steam","Hello World+1"],"picked":"White Noise+1","floor":35},{"not_picked":["Go for the Eyes","Sweeping Beam"],"picked":"Scrape","floor":36},{"not_picked":["Sunder","Leap"],"picked":"Ball Lightning","floor":39},{"not_picked":["Chaos","White Noise+1"],"picked":"Capacitor+1","floor":40},{"not_picked":["Streamline","Cold Snap+1"],"picked":"Redo+1","floor":41},{"not_picked":["Tempest","Seek"],"picked":"Glacier+1","floor":42},{"not_picked":["Lockon","Streamline+1","Force Field+1"],"picked":"SKIP","floor":45},{"not_picked":["Conserve Battery","Sweeping Beam"],"picked":"Rebound+1","floor":47}],"player_experience":209785,"relics_obtained":[{"floor":6,"key":"Happy Flower"},{"floor":9,"key":"Darkstone Periapt"},{"floor":22,"key":"FossilizedHelix"},{"floor":24,"key":"Omamori"},{"floor":26,"key":"Bottled Flame"},{"floor":27,"key":"Pen Nib"},{"floor":30,"key":"Oddly Smooth Stone"},{"floor":40,"key":"Bronze Scales"},{"floor":43,"key":"Mercury Hourglass"},{"floor":45,"key":"Thread and Needle"},{"floor":47,"key":"Gambling Chip"}],"event_choices":[{"damage_healed":0,"gold_gain":0,"player_choice":"Grow","damage_taken":0,"max_hp_gain":0,"max_hp_loss":0,"event_name":"Living Wall","floor":12,"gold_loss":0,"cards_upgraded":["Defragment"]},{"cards_removed":["Coolheaded"],"damage_healed":0,"gold_gain":0,"player_choice":"Elegance","damage_taken":0,"max_hp_gain":0,"max_hp_loss":0,"event_name":"Back to Basics","floor":20,"gold_loss":0},{"damage_healed":0,"gold_gain":0,"player_choice":"Obtained Relic","damage_taken":0,"relics_obtained":["Meat on the Bone"],"max_hp_gain":0,"max_hp_loss":0,"event_name":"Addict","floor":28,"gold_loss":85},{"damage_healed":0,"gold_gain":99,"player_choice":"Stole From Cult","damage_taken":0,"max_hp_gain":0,"max_hp_loss":0,"event_name":"Nest","floor":31,"gold_loss":0},{"damage_healed":0,"gold_gain":0,"player_choice":"Embrace Madness","damage_taken":10,"max_hp_gain":0,"max_hp_loss":0,"event_name":"Winding Halls","floor":37,"gold_loss":0,"cards_obtained":["Madness","Madness"]},{"damage_healed":0,"gold_gain":0,"player_choice":"2 cards matched","damage_taken":0,"max_hp_gain":0,"max_hp_loss":0,"event_name":"Match and Keep!","floor":38,"gold_loss":0,"cards_obtained":["Stack","Zap"]},{"damage_healed":0,"gold_gain":0,"player_choice":"Fight","damage_taken":0,"max_hp_gain":0,"max_hp_loss":0,"event_name":"MindBloom","floor":47,"gold_loss":0}],"is_beta":false,"boss_relics":[{"not_picked":["Runic Pyramid","Orrery"],"picked":"Fusion Hammer"},{"not_picked":["Snecko Eye","Velvet Choker"],"picked":"Philosopher\u0027s Stone"}],"items_purged_floors":[],"is_endless":false,"potions_floor_spawned":[3,4,5,11,24,30,33,41,42],"ascension_level":0}