{"gold_per_floor":[114,13,27,43,43,43,382,400,400,400,400,443,459,410,410,534,534,558,558,558,84,99,99,133,133,133,152,152,168,181,56,56,182,182,200,247,262,112,135,179,202,202,226,226],"floor_reached":44,"playtime":3277,"items_purged":["Strike_B","Strike_B","Defend_B","Parasite"],"score":540,"play_id":"d6ad2597-220c-449b-b86b-eefe20252c5e","local_time":"20190125044235","is_ascension_mode":true,"campfire_choices":[{"data":"Loop","floor":6,"key":"SMITH"},{"floor":10,"key":"REST"},{"floor":15,"key":"REST"},{"data":"Fission","floor":23,"key":"SMITH"},{"data":"Zap","floor":25,"key":"SMITH"},{"data":"Zap","floor":28,"key":"SMITH"},{"data":"Hologram","floor":32,"key":"SMITH"},{"floor":42,"key":"REST"}],"neow_cost":"CURSE","seed_source_timestamp":136018075728968,"circlet_count":0,"master_deck":["Defend_B","Defend_B","Defend_B","Zap+1","Dualcast","Electrodynamics","Scrape","Loop","Hologram+1","Loop+1","Conserve Battery","Conserve Battery","Ball Lightning","Self Repair","Force Field","Fission+1","Steam Power","Defragment","Zap+1","Impatience","Self Repair","BootSequence","Ball Lightning","Tempest","Redo","Consume","Buffer","Conserve Battery","Steam Power","Hologram+1","Lockon+1","Parasite"],"relics":["Cracked Core","Golden Idol","Old Coin","Emotion Chip","Nunchaku","Cables","Inserter","Peace Pipe","Bag of Preparation","Sundial","Snecko Eye","Ancient Tea Set","Frozen Egg 2","Bronze Scales"],"potions_floor_usage":[12,16,24,33,33,33,37,39,39,39],"damage_taken":[{"damage":0,"enemies":"2 Louse","floor":1,"turns":1},{"damage":13,"enemies":"Jaw Worm","floor":3,"turns":4},{"damage":8,"enemies":"Small Slimes","floor":4,"turns":2},{"damage":4,"enemies":"Lagavulin","floor":7,"turns":6},{"damage":26,"enemies":"Exordium Wildlife","floor":8,"turns":4},{"damage":1,"enemies":"Gremlin Nob","floor":12,"turns":3},{"damage":7,"enemies":"Large Slime","floor":13,"turns":4},{"damage":9,"enemies":"The Guardian","floor":16,"turns":8},{"damage":20,"enemies":"3 Byrds","floor":18,"turns":3},{"damage":11,"enemies":"Spheric Guardian","floor":22,"turns":6},{"damage":44,"enemies":"Slavers","floor":24,"turns":4},{"damage":27,"enemies":"Chosen and Byrds","floor":27,"turns":5},{"damage":10,"enemies":"Snake Plant","floor":29,"turns":3},{"damage":10,"enemies":"Snecko","floor":30,"turns":3},{"damage":17,"enemies":"Automaton","floor":33,"turns":6},{"damage":6,"enemies":"3 Shapes","floor":35,"turns":3},{"damage":21,"enemies":"3 Darklings","floor":37,"turns":4},{"damage":16,"enemies":"Spire Growth","floor":39,"turns":3},{"damage":32,"enemies":"Giant Head","floor":40,"turns":8},{"damage":37,"enemies":"Sphere and 2 Shapes","floor":41,"turns":5},{"damage":52,"enemies":"Writhing Mass","floor":44,"turns":4}],"seed_played":"2818676078930078603","potions_obtained":[{"floor":1,"key":"LiquidBronze"},{"floor":8,"key":"GamblersBrew"},{"floor":16,"key":"Block Potion"},{"floor":24,"key":"Strength Potion"},{"floor":29,"key":"FearPotion"},{"floor":30,"key":"Swift Potion"},{"floor":33,"key":"EssenceOfSteel"},{"floor":37,"key":"EntropicBrew"}],"is_trial":false,"path_per_floor":["M","$","M","M","?","R","E","M","T","R","?","E","M","?","R","B",null,"M","?","?","$","M","R","E","R","T","M","R","M","M","$","R","B",null,"M","T","M","$","M","E","M","R","T","M"],"character_chosen":"DEFECT","items_purchased":["Hologram","Peace Pipe","Self Repair"],"campfire_rested":3,"item_purchase_floors":[2,21,21],"current_hp_per_floor":[75,75,62,54,36,36,32,6,6,28,16,15,8,8,30,28,75,62,62,62,62,65,65,35,35,35,22,22,26,23,23,23,20,75,69,69,55,55,53,28,14,35,35,0],"gold":226,"neow_bonus":"TRANSFORM_TWO_CARDS","is_prod":false,"is_daily":false,"chose_seed":false,"campfire_upgraded":5,"win_rate":0,"timestamp":1548387755,"path_taken":["M","$","M","M","?","R","E","M","T","R","?","E","M","?","R","BOSS","M","?","?","$","M","R","E","R","T","M","R","M","M","$","R","BOSS","M","?","M","$","M","E","M","R","T","M"],"build_version":"2019-01-23","purchased_purges":4,"victory":false,"max_hp_per_floor":[75,75,75,75,75,75,75,75,75,75,75,75,75,75,75,75,75,75,75,75,75,75,75,75,75,75,75,75,75,75,75,75,75,75,75,75,75,72,72,72,72,72,72,72],"card_choices":[{"not_picked":["Streamline","Go for the Eyes"],"picked":"Loop","floor":1},{"not_picked":["Compile Driver","Hologram"],"picked":"Loop","floor":3},{"not_picked":["Darkness","Barrage"],"picked":"Conserve Battery","floor":4},{"not_picked":["Redo","Go for the Eyes"],"picked":"Conserve Battery","floor":7},{"not_picked":["Double Energy","Fusion"],"picked":"Ball Lightning","floor":8},{"not_picked":["Barrage","All For One"],"picked":"Self Repair","floor":12},{"not_picked":["Steam Power","Cold Snap"],"picked":"Force Field","floor":13},{"not_picked":["Buffer","Creative AI"],"picked":"Fission","floor":16},{"not_picked":["Scrape","Cold Snap"],"picked":"Steam Power","floor":18},{"not_picked":["Auto Shields+1","Melter"],"picked":"BootSequence","floor":22},{"not_picked":["Self Repair","Steam Power"],"picked":"Ball Lightning","floor":24},{"not_picked":["Rebound","Sunder"],"picked":"Tempest","floor":27},{"not_picked":["Leap","Stack"],"picked":"Redo","floor":29},{"not_picked":["Gash","Double Energy+1"],"picked":"Consume","floor":30},{"not_picked":["Machine Learning","Multi-Cast"],"picked":"Buffer","floor":33},{"not_picked":["Sweeping Beam+1","Cold Snap"],"picked":"Conserve Battery","floor":35},{"not_picked":["Compile Driver+1","Streamline+1","Cold Snap+1"],"picked":"SKIP","floor":37},{"not_picked":["Ball Lightning","Conserve Battery"],"picked":"Steam Power","floor":39},{"not_picked":["Meteor Strike","Redo"],"picked":"Hologram+1","floor":40},{"not_picked":["Turbo","Darkness+1"],"picked":"Lockon+1","floor":41}],"player_experience":62468,"relics_obtained":[{"floor":7,"key":"Old Coin"},{"floor":9,"key":"Emotion Chip"},{"floor":12,"key":"Cables"},{"floor":24,"key":"Bag of Preparation"},{"floor":26,"key":"Sundial"},{"floor":36,"key":"Ancient Tea Set"},{"floor":40,"key":"Frozen Egg 2"},{"floor":43,"key":"Bronze Scales"}],"event_choices":[{"damage_healed":0,"gold_gain":0,"player_choice":"Take Damage","damage_taken":18,"relics_obtained":["Golden Idol"],"max_hp_gain":0,"max_hp_loss":0,"event_name":"Golden Idol","floor":5,"gold_loss":0},{"damage_healed":0,"gold_gain":0,"player_choice":"Success","damage_taken":12,"relics_obtained":["Nunchaku"],"max_hp_gain":0,"max_hp_loss":0,"event_name":"Scrap Ooze","floor":11,"gold_loss":0},{"damage_healed":0,"gold_gain":0,"player_choice":"Left Gold","damage_taken":0,"max_hp_gain":0,"max_hp_loss":0,"event_name":"World of Goop","floor":14,"gold_loss":49},{"damage_healed":0,"gold_gain":0,"player_choice":"Read","damage_taken":0,"max_hp_gain":0,"max_hp_loss":0,"event_name":"The Library","floor":19,"gold_loss":0,"cards_obtained":["Defragment"]},{"damage_healed":0,"gold_gain":0,"player_choice":"2 cards matched","damage_taken":0,"max_hp_gain":0,"max_hp_loss":0,"event_name":"Match and Keep!","floor":20,"gold_loss":0,"cards_obtained":["Zap","Impatience"]},{"damage_healed":0,"gold_gain":0,"player_choice":"2 cards matched","damage_taken":0,"max_hp_gain":0,"max_hp_loss":0,"event_name":"Match and Keep!","floor":20,"gold_loss":0,"cards_obtained":["Zap","Impatience"]}],"is_beta":false,"boss_relics":[{"not_picked":["Orrery","Black Star"],"picked":"Inserter"},{"not_picked":["FrozenCore","Tiny House"],"picked":"Snecko Eye"}],"items_purged_floors":[2,21,31,38],"is_endless":false,"potions_floor_spawned":[1,8,16,24,29,30,33,37],"killed_by":"Writhing Mass","ascension_level":2}