{"gold_per_floor":[218,229,17,17,28,63,63,63,63,76,76,89,127,147,147,272,272,290,290],"floor_reached":19,"playtime":1157,"items_purged":[],"score":179,"play_id":"0bfe793d-cade-469e-9827-fb4e8be1345f","local_time":"20190211003932","is_ascension_mode":false,"campfire_choices":[{"data":"Heavy Blade","floor":7,"key":"SMITH"},{"data":"Inflame","floor":11,"key":"SMITH"},{"floor":15,"key":"REST"}],"neow_cost":"NONE","seed_source_timestamp":9674628749100,"circlet_count":0,"master_deck":["Strike_R","Strike_R","Strike_R","Strike_R","Strike_R","Defend_R","Defend_R+1","Defend_R+1","Defend_R","Bash","Iron Wave","Clothesline","Inflame+1","Iron Wave","Heavy Blade+1","Injury","Armaments","Feed","Barricade"],"relics":["Burning Blood","Vajra","War Paint","Golden Idol","Pantograph","Singing Bowl","Black Star"],"potions_floor_usage":[12,13,18],"damage_taken":[{"damage":10,"enemies":"Jaw Worm","floor":1,"turns":5},{"damage":1,"enemies":"Cultist","floor":2,"turns":3},{"damage":8,"enemies":"2 Louse","floor":5,"turns":2},{"damage":29,"enemies":"Lagavulin","floor":6,"turns":7},{"damage":7,"enemies":"Large Slime","floor":10,"turns":4},{"damage":4,"enemies":"2 Fungi Beasts","floor":12,"turns":3},{"damage":18,"enemies":"Gremlin Nob","floor":13,"turns":4},{"damage":3,"enemies":"Red Slaver","floor":14,"turns":3},{"damage":13,"enemies":"Slime Boss","floor":16,"turns":10},{"damage":33,"enemies":"Shell Parasite","floor":18,"turns":8},{"damage":40,"enemies":"Colosseum Slavers","floor":19,"turns":7},{"damage":32,"enemies":"Colosseum Nobs","floor":19,"turns":3}],"seed_played":"5593647695938248967","potions_obtained":[{"floor":5,"key":"Block Potion"},{"floor":10,"key":"SkillPotion"},{"floor":12,"key":"SkillPotion"}],"is_trial":false,"path_per_floor":["M","M","$","?","M","E","R","?","T","M","R","M","E","M","R","B",null,"M","?"],"character_chosen":"IRONCLAD","items_purchased":["Vajra","Inflame"],"campfire_rested":1,"item_purchase_floors":[3,3],"current_hp_per_floor":[76,80,80,80,78,55,55,55,55,54,54,56,44,49,73,78,85,60,0],"gold":290,"neow_bonus":"HUNDRED_GOLD","is_prod":false,"is_daily":false,"chose_seed":false,"campfire_upgraded":2,"win_rate":0.0,"timestamp":1549874372,"path_taken":["M","M","$","?","M","E","R","?","T","M","R","M","E","M","R","BOSS","M","?"],"build_version":"2019-01-23","purchased_purges":0,"victory":false,"max_hp_per_floor":[80,80,80,80,80,80,80,80,80,80,80,80,80,82,82,85,85,87,93],"card_choices":[{"not_picked":["Clothesline","Warcry"],"picked":"Iron Wave","floor":1},{"not_picked":["Body Slam","Rampage"],"picked":"Clothesline","floor":2},{"not_picked":["Wild Strike","Thunderclap"],"picked":"Iron Wave","floor":5},{"not_picked":["Searing Blow","Anger"],"picked":"Heavy Blade","floor":6},{"not_picked":["Havoc","Hemokinesis"],"picked":"Armaments","floor":10},{"not_picked":["Clash","Flex","Warcry"],"picked":"SKIP","floor":12},{"not_picked":["Dropkick","Barricade"],"picked":"Feed","floor":13},{"not_picked":["Reckless Charge","Clothesline","Armaments"],"picked":"Singing Bowl","floor":14},{"not_picked":["Impervious","Feed"],"picked":"Barricade","floor":16},{"not_picked":["Perfected Strike","Intimidate","Iron Wave"],"picked":"Singing Bowl","floor":18}],"player_experience":116718,"relics_obtained":[{"floor":6,"key":"War Paint"},{"floor":9,"key":"Pantograph"},{"floor":13,"key":"Singing Bowl"}],"event_choices":[{"damage_healed":0,"gold_gain":0,"player_choice":"Leave","damage_taken":0,"max_hp_gain":0,"max_hp_loss":0,"event_name":"The Cleric","floor":4,"gold_loss":0},{"damage_healed":0,"gold_gain":0,"player_choice":"Take Wound","damage_taken":0,"relics_obtained":["Golden Idol"],"max_hp_gain":0,"max_hp_loss":0,"event_name":"Golden Idol","floor":8,"gold_loss":0,"cards_obtained":["Injury"]},{"damage_healed":0,"gold_gain":0,"player_choice":"Fight","damage_taken":0,"max_hp_gain":0,"max_hp_loss":0,"event_name":"Colosseum","floor":19,"gold_loss":0},{"damage_healed":0,"gold_gain":0,"player_choice":"Fought Nobs","damage_taken":0,"max_hp_gain":0,"max_hp_loss":0,"event_name":"Colosseum","floor":19,"gold_loss":0}],"is_beta":false,"boss_relics":[{"not_picked":["Fusion Hammer","Velvet Choker"],"picked":"Black Star"}],"items_purged_floors":[],"is_endless":false,"potions_floor_spawned":[5,10,12,19],"killed_by":"Colosseum Nobs","ascension_level":0}