{"gold_per_floor":[114,126,136,58,74,74,102,114,114,139,151,168,168,188,188,283,283,300,300,319,330,330,330,350,350,350,350,200,227,227],"floor_reached":30,"playtime":1953,"items_purged":["Strike_G"],"score":317,"play_id":"2d9c2e32-9357-44be-9ea8-8f1d9c10206f","local_time":"20181206103320","is_ascension_mode":true,"campfire_choices":[{"data":"Neutralize","floor":6.0,"key":"SMITH"},{"floor":15,"key":"REST"},{"floor":23,"key":"REST"},{"floor":25,"key":"REST"},{"data":"Catalyst","floor":27,"key":"SMITH"}],"neow_cost":"NONE","seed_source_timestamp":37149619075965,"circlet_count":0,"master_deck":["Defend_G","Defend_G","Defend_G","Defend_G","Defend_G","Strike_G","Strike_G","Strike_G","Strike_G","Survivor","Neutralize+1","Dagger Throw","Slice","Noxious Fumes","Backflip","Footwork","PiercingWail","Infinite Blades","Backstab","Blur","Blur","Bullet Time","Noxious Fumes+1","Catalyst+1","Finisher+1","Leg Sweep","Underhanded Strike+1","Reflex","Blade Dance"],"special_seed":0,"relics":["Ring of the Snake","Lantern","Mercury Hourglass","HoveringKite","Nloth\u0027s Gift","Unceasing Top","Bottled Lightning"],"potions_floor_usage":[18,21,21,29,30],"damage_taken":[{"damage":4.0,"enemies":"Small Slimes","floor":1.0,"turns":4.0},{"damage":4.0,"enemies":"2 Louse","floor":2.0,"turns":2.0},{"damage":4.0,"enemies":"Jaw Worm","floor":3.0,"turns":4.0},{"damage":0.0,"enemies":"Red Slaver","floor":5.0,"turns":4.0},{"damage":33.0,"enemies":"Lagavulin","floor":7.0,"turns":8.0},{"damage":3.0,"enemies":"Large Slime","floor":8.0,"turns":6.0},{"damage":16.0,"enemies":"Gremlin Nob","floor":10.0,"turns":4.0},{"damage":1.0,"enemies":"2 Fungi Beasts","floor":11.0,"turns":3.0},{"damage":4.0,"enemies":"Exordium Wildlife","floor":12.0,"turns":2.0},{"damage":0.0,"enemies":"Blue Slaver","floor":14.0,"turns":4.0},{"damage":12,"enemies":"Slime Boss","floor":16,"turns":10},{"damage":9,"enemies":"3 Byrds","floor":18,"turns":6},{"damage":20,"enemies":"2 Thieves","floor":20,"turns":4},{"damage":35,"enemies":"Snecko","floor":21,"turns":8},{"damage":32,"enemies":"Sentry and Sphere","floor":24,"turns":9},{"damage":17,"enemies":"Book of Stabbing","floor":29,"turns":6},{"damage":15,"enemies":"Snake Plant","floor":30,"turns":2}],"seed_played":"-9031462020664476213","potions_obtained":[{"floor":2.0,"key":"FearPotion"},{"floor":7.0,"key":"SneckoOil"},{"floor":8.0,"key":"GamblersBrew"},{"floor":12.0,"key":"Swift Potion"},{"floor":14,"key":"Regen Potion"},{"floor":18,"key":"SteroidPotion"},{"floor":24,"key":"PowerPotion"}],"is_trial":false,"path_per_floor":["M","M","M","$","M","R","E","M","T","E","M","M","?","M","M","R","B",null,"M","?","M","M","?","R","M","R","T","R","$","E","M"],"character_chosen":"THE_SILENT","items_purchased":["Footwork","Reflex"],"campfire_rested":3,"item_purchase_floors":[4,28],"current_hp_per_floor":[66,62,58,58,58,58,25,22,22,6,5,1,24,24,45,33,70,61,61,41,20,20,41,9,30,30,30,30,13,0],"gold":227,"neow_bonus":"THREE_CARDS","is_prod":false,"is_daily":false,"chose_seed":false,"campfire_upgraded":2,"win_rate":0,"timestamp":1544099600,"path_taken":["M","M","M","$","M","R","E","M","T","E","M","M","?","M","R","BOSS","M","?","M","M","?","R","M","R","T","R","$","E","M"],"build_version":"2018-11-15","purchased_purges":1,"victory":false,"max_hp_per_floor":[70,70,70,70,70,70,70,70,70,70,70,70,70,70,70,70,70,70,70,70,70,70,70,70,70,70,70,70,70,70],"card_choices":[{"not_picked":["Dodge and Roll","Quick Slash"],"picked":"Dagger Throw","floor":0.0},{"not_picked":["Heel Hook","Quick Slash"],"picked":"Slice","floor":1.0},{"not_picked":["Dagger Throw","Poisoned Stab"],"picked":"Noxious Fumes","floor":2.0},{"not_picked":["Sucker Punch","Slice"],"picked":"Backflip","floor":3.0},{"not_picked":["Acrobatics","Blade Dance"],"picked":"PiercingWail","floor":5.0},{"not_picked":["Flechettes","Grand Finale","Terror"],"picked":"SKIP","floor":7.0},{"not_picked":["Backflip","Deadly Poison"],"picked":"Infinite Blades","floor":8.0},{"not_picked":["Dodge and Roll","Quick Slash"],"picked":"Backstab","floor":10.0},{"not_picked":["Accuracy","PiercingWail"],"picked":"Blur","floor":11.0},{"not_picked":["Acrobatics","Poisoned Stab","Terror"],"picked":"SKIP","floor":12.0},{"not_picked":["Poisoned Stab","Bane"],"picked":"Blur","floor":14},{"not_picked":["Tools of the Trade","Doppelganger"],"picked":"Bullet Time","floor":16},{"not_picked":["PiercingWail","Slice+1"],"picked":"Noxious Fumes+1","floor":18},{"not_picked":["Masterful Stab","Acrobatics"],"picked":"Finisher+1","floor":20},{"not_picked":["Deadly Poison","Dagger Throw"],"picked":"Leg Sweep","floor":21},{"not_picked":["Predator","Storm of Steel"],"picked":"Underhanded Strike+1","floor":24},{"not_picked":["Underhanded Strike","Acrobatics"],"picked":"Blade Dance","floor":29}],"player_experience":188513,"relics_obtained":[{"floor":7.0,"key":"Lantern"},{"floor":9.0,"key":"Sundial"},{"floor":10.0,"key":"Mercury Hourglass"},{"floor":26,"key":"Unceasing Top"},{"floor":29,"key":"Bottled Lightning"}],"event_choices":[{"damage_healed":23.0,"max_hp_gain":0.0,"max_hp_loss":0.0,"gold_gain":0.0,"event_name":"Big Fish","player_choice":"Banana","floor":13.0,"gold_loss":0.0,"damage_taken":0.0},{"damage_healed":0,"gold_gain":0,"player_choice":"Read","damage_taken":0,"max_hp_gain":0,"max_hp_loss":0,"event_name":"The Library","floor":19,"gold_loss":0,"cards_obtained":["Catalyst"]},{"damage_healed":0,"gold_gain":0,"player_choice":"Traded Relic","damage_taken":0,"relics_obtained":["Nloth\u0027s Gift"],"max_hp_gain":0,"max_hp_loss":0,"event_name":"N\u0027loth","floor":22,"relics_lost":["Sundial"],"gold_loss":0}],"is_beta":false,"boss_relics":[{"not_picked":["Ring of the Serpent","Empty Cage"],"picked":"HoveringKite"}],"items_purged_floors":[28],"is_endless":false,"potions_floor_spawned":[2,7,8,12,14,18,24],"killed_by":"Snake Plant","ascension_level":4}