{"gold_per_floor":[118,118,136,61,79,79,79,106,133,150,130,30,30,30,30,135,135,155,155,30,48,48],"floor_reached":22,"playtime":446,"items_purged":["Strike_R","Strike_R","Defend_R"],"score":193,"play_id":"11415111-94e0-47eb-9d5f-66caa75f84d2","local_time":"20190203142303","is_ascension_mode":true,"campfire_choices":[{"data":"Bash","floor":6,"key":"SMITH"},{"data":"Strike_R","floor":13,"key":"SMITH"},{"data":"Strike_R","floor":15,"key":"SMITH"}],"neow_cost":"NONE","seed_source_timestamp":327955008237444,"circlet_count":0,"master_deck":["Strike_R","Strike_R+1","Strike_R+1","Defend_R","Defend_R","Defend_R+1","Bash+1","Shrug It Off+1","Offering"],"relics":["Burning Blood","NeowsBlessing","Happy Flower","War Paint","Strawberry","Cursed Key"],"potions_floor_usage":[8,16],"damage_taken":[{"damage":0,"enemies":"Cultist","floor":1,"turns":1},{"damage":0,"enemies":"Jaw Worm","floor":3,"turns":1},{"damage":0,"enemies":"Small Slimes","floor":5,"turns":1},{"damage":14,"enemies":"Gremlin Nob","floor":8,"turns":3},{"damage":2,"enemies":"2 Fungi Beasts","floor":10,"turns":4},{"damage":2,"enemies":"Exordium Thugs","floor":11,"turns":4},{"damage":64,"enemies":"Hexaghost","floor":16,"turns":10},{"damage":6,"enemies":"Chosen","floor":18,"turns":4},{"damage":23,"enemies":"Spheric Guardian","floor":21,"turns":4},{"damage":6,"enemies":"Chosen and Byrds","floor":22,"turns":1}],"seed_played":"-415343440726229503","potions_obtained":[{"floor":3,"key":"SteroidPotion"},{"floor":10,"key":"Strength Potion"},{"floor":11,"key":"Swift Potion"}],"is_trial":false,"path_per_floor":["M","$","M","$","M","R","$","E","T","M","M","$","R","T","R","B",null,"M","?","$","M","M"],"character_chosen":"IRONCLAD","items_purchased":[],"campfire_rested":0,"item_purchase_floors":[],"current_hp_per_floor":[80,80,80,80,80,80,80,72,72,76,80,80,80,87,87,29,87,87,87,87,70,64],"gold":48,"neow_bonus":"THREE_ENEMY_KILL","is_prod":false,"is_daily":false,"chose_seed":false,"campfire_upgraded":3,"win_rate":0,"timestamp":1549228983,"path_taken":["M","$","M","$","?","R","?","E","T","?","?","?","R","?","R","BOSS","M","?","$","M","M"],"build_version":"2019-01-23","purchased_purges":3,"victory":false,"max_hp_per_floor":[80,80,80,80,80,80,80,80,80,80,80,80,80,87,87,87,87,87,87,87,87,87],"card_choices":[{"not_picked":["Perfected Strike","Heavy Blade","Cleave"],"picked":"SKIP","floor":1},{"not_picked":["Wild Strike","Twin Strike","Havoc"],"picked":"SKIP","floor":3},{"not_picked":["Thunderclap","Fire Breathing","Uppercut"],"picked":"SKIP","floor":5},{"not_picked":["Bloodletting","True Grit"],"picked":"Shrug It Off","floor":8},{"not_picked":["Body Slam","Thunderclap","Headbutt"],"picked":"SKIP","floor":10},{"not_picked":["Heavy Blade","Flame Barrier","Cleave"],"picked":"SKIP","floor":11},{"not_picked":["Exhume","Juggernaut"],"picked":"Offering","floor":16},{"not_picked":["Warcry+1","Cleave","Heavy Blade"],"picked":"SKIP","floor":18},{"not_picked":["Warcry","Wild Strike+1","Thunderclap"],"picked":"SKIP","floor":21}],"player_experience":1300886,"relics_obtained":[{"floor":8,"key":"Happy Flower"},{"floor":9,"key":"War Paint"},{"floor":14,"key":"Strawberry"}],"event_choices":[{"damage_healed":0,"gold_gain":0,"player_choice":"Ignored","damage_taken":0,"max_hp_gain":0,"max_hp_loss":0,"event_name":"The Mausoleum","floor":19,"gold_loss":0}],"is_beta":true,"boss_relics":[{"not_picked":["Black Blood","Black Star"],"picked":"Cursed Key"}],"items_purged_floors":[4,12,20],"is_endless":false,"potions_floor_spawned":[3,10,11],"killed_by":"Chosen and Byrds","ascension_level":1}