{"gold_per_floor":[16,35,48,48,64,64,134,134,134,134,159,175,203,47,47,122,172,187,198,117,129,44,44,72,19,71,71,82,93,93,125,125,199,199,209,221,221,232,232,232,260,279,279,293,293,293,306,26,26,26],"floor_reached":51,"playtime":3480,"items_purged":["Strike_G","Strike_G"],"score":1374,"play_id":"40294bdb-4e7c-408a-9a62-0d907a87be67","local_time":"20190127155604","is_ascension_mode":true,"campfire_choices":[{"data":"A Thousand Cuts","floor":6,"key":"SMITH"},{"data":"Neutralize","floor":10,"key":"SMITH"},{"data":"Footwork","floor":15,"key":"SMITH"},{"data":"Noxious Fumes","floor":23,"key":"SMITH"},{"data":"Footwork","floor":30,"key":"SMITH"},{"data":"Catalyst","floor":32,"key":"SMITH"},{"data":"Envenom","floor":40,"key":"SMITH"},{"data":"Malaise","floor":45,"key":"SMITH"},{"data":"Discovery","floor":49,"key":"SMITH"}],"neow_cost":"NO_GOLD","seed_source_timestamp":1545362280945082,"circlet_count":0,"master_deck":["AscendersBane","Defend_G","Defend_G","Defend_G+1","Defend_G","Defend_G","Survivor","Neutralize+1","A Thousand Cuts+1","Footwork+1","PiercingWail","Dash","Deflect","Leg Sweep","Backflip","Infinite Blades","Malaise+1","Deflect","Footwork+1","Noxious Fumes+1","Backflip","Catalyst+1","Bullet Time","Dodge and Roll","Heel Hook","Envenom+1","Cloak And Dagger+1","Discovery+1","Finisher+1","Blur","Leg Sweep+1","Adrenaline","Dodge and Roll","Flash of Steel"],"relics":["Ring of the Snake","Meat on the Bone","Pantograph","Odd Mushroom","Tiny House","Gambling Chip","Matryoshka","Bottled Flame","PreservedInsect","Pear","Coffee Dripper","Smiling Mask","Letter Opener","Frozen Egg 2"],"potions_floor_usage":[13,16,16,19,28,44],"damage_taken":[{"damage":1,"enemies":"Cultist","floor":1,"turns":5},{"damage":4,"enemies":"Small Slimes","floor":2,"turns":5},{"damage":0,"enemies":"2 Louse","floor":3,"turns":4},{"damage":8,"enemies":"Red Slaver","floor":5,"turns":6},{"damage":44,"enemies":"Gremlin Nob","floor":11,"turns":6},{"damage":0,"enemies":"Blue Slaver","floor":12,"turns":6},{"damage":4,"enemies":"The Mushroom Lair","floor":13,"turns":3},{"damage":2,"enemies":"The Guardian","floor":16,"turns":14},{"damage":20,"enemies":"3 Byrds","floor":18,"turns":5},{"damage":19,"enemies":"Spheric Guardian","floor":19,"turns":8},{"damage":1,"enemies":"Snecko","floor":21,"turns":11},{"damage":28,"enemies":"Slavers","floor":24,"turns":8},{"damage":0,"enemies":"Centurion and Healer","floor":28,"turns":11},{"damage":17,"enemies":"Cultist and Chosen","floor":29,"turns":7},{"damage":13,"enemies":"Book of Stabbing","floor":31,"turns":8},{"damage":15,"enemies":"Champ","floor":33,"turns":15},{"damage":6,"enemies":"3 Shapes","floor":35,"turns":6},{"damage":37,"enemies":"3 Darklings","floor":36,"turns":6},{"damage":27,"enemies":"Sphere and 2 Shapes","floor":38,"turns":8},{"damage":0,"enemies":"Nemesis","floor":41,"turns":7},{"damage":0,"enemies":"Spire Growth","floor":42,"turns":6},{"damage":14,"enemies":"Transient","floor":44,"turns":6},{"damage":15,"enemies":"4 Shapes","floor":47,"turns":6},{"damage":56,"enemies":"Awakened One","floor":50,"turns":21}],"seed_played":"6440710311866420697","potions_obtained":[{"floor":11,"key":"SkillPotion"},{"floor":12,"key":"GhostInAJar"},{"floor":13,"key":"PowerPotion"},{"floor":17,"key":"SpeedPotion"},{"floor":18,"key":"FairyPotion"},{"floor":24,"key":"FairyPotion"},{"floor":36,"key":"SteroidPotion"}],"is_trial":false,"path_per_floor":["M","M","M","?","M","R","?","?","T","R","E","M","?","$","R","B",null,"M","M","$","M","?","R","E","$","T","?","M","M","R","E","R","B",null,"M","M","?","M","?","R","E","M","T","M","R","?","M","$","R","B",null],"character_chosen":"THE_SILENT","items_purchased":["Infinite Blades","Noxious Fumes","Block Potion","Adrenaline","Dodge and Roll","Flash of Steel"],"campfire_rested":0,"item_purchase_floors":[14,20,25,48,48,48],"current_hp_per_floor":[58,54,54,54,46,46,46,46,46,46,14,26,34,34,34,57,69,49,42,42,41,41,41,25,25,25,25,37,32,32,41,41,51,74,68,43,43,28,28,28,40,52,52,50,50,50,47,47,47,28],"gold":26,"neow_bonus":"THREE_RARE_CARDS","is_prod":false,"is_daily":false,"chose_seed":false,"campfire_upgraded":9,"win_rate":0,"timestamp":1548629764,"path_taken":["M","M","M","?","M","R","?","?","T","R","E","?","?","$","R","BOSS","M","M","$","M","?","R","E","$","T","?","?","M","R","E","R","BOSS","M","M","?","M","?","R","E","M","T","?","R","?","M","$","R","BOSS"],"build_version":"2019-01-23","purchased_purges":2,"victory":true,"max_hp_per_floor":[66,66,66,66,66,66,66,66,66,66,66,66,66,66,66,66,71,71,71,71,71,71,71,71,71,71,71,71,71,71,81,81,81,81,81,81,81,81,81,81,81,81,81,81,81,81,81,81,81,81],"card_choices":[{"not_picked":["Adrenaline","Night Terror"],"picked":"A Thousand Cuts","floor":0},{"not_picked":["Outmaneuver","Deadly Poison","Underhanded Strike"],"picked":"SKIP","floor":1},{"not_picked":["Blade Dance","Cloak And Dagger"],"picked":"Footwork","floor":2},{"not_picked":["Dodge and Roll","Dagger Throw"],"picked":"PiercingWail","floor":3},{"not_picked":["Bane","Terror"],"picked":"Dash","floor":5},{"not_picked":["Venomology","Reflex"],"picked":"Deflect","floor":11},{"not_picked":["Flying Knee","Blur"],"picked":"Leg Sweep","floor":12},{"not_picked":["Sucker Punch","Choke"],"picked":"Backflip","floor":13},{"not_picked":["Corpse Explosion","Tools of the Trade"],"picked":"Malaise","floor":16},{"not_picked":["Reflex","Poisoned Stab"],"picked":"Deflect","floor":17},{"not_picked":["Masterful Stab+1","Escape Plan+1"],"picked":"Footwork","floor":18},{"not_picked":["All Out Attack","Deadly Poison","Prepared"],"picked":"SKIP","floor":19},{"not_picked":["Catalyst","Outmaneuver"],"picked":"Backflip","floor":21},{"not_picked":["Calculated Gamble","All Out Attack+1"],"picked":"Catalyst","floor":24},{"not_picked":["Accuracy","Bouncing Flask"],"picked":"Dodge and Roll","floor":28},{"not_picked":["Quick Slash+1","Sucker Punch"],"picked":"Heel Hook","floor":29},{"not_picked":["Choke","Setup","Reflex"],"picked":"SKIP","floor":31},{"not_picked":["Die Die Die","Tools of the Trade"],"picked":"Envenom","floor":33},{"not_picked":["Outmaneuver","Sucker Punch","Flying Knee"],"picked":"SKIP","floor":35},{"not_picked":["Tactician","Die Die Die"],"picked":"Cloak And Dagger+1","floor":36},{"not_picked":["Mayhem","Trip"],"picked":"Discovery","floor":37},{"not_picked":["Bane","Accuracy"],"picked":"Finisher+1","floor":38},{"not_picked":["Unload","Underhanded Strike","Blade Dance"],"picked":"SKIP","floor":41},{"not_picked":["Underhanded Strike","Dash"],"picked":"Blur","floor":42},{"not_picked":["Noxious Fumes+1","Well Laid Plans+1"],"picked":"Leg Sweep+1","floor":44},{"not_picked":["Slice","Sucker Punch","Dash+1"],"picked":"SKIP","floor":47}],"player_experience":1266230,"relics_obtained":[{"floor":9,"key":"Meat on the Bone"},{"floor":11,"key":"Pantograph"},{"floor":13,"key":"Odd Mushroom"},{"floor":24,"key":"Matryoshka"},{"floor":26,"key":"Bottled Flame"},{"floor":26,"key":"PreservedInsect"},{"floor":31,"key":"Pear"},{"floor":41,"key":"Smiling Mask"},{"floor":43,"key":"Letter Opener"},{"floor":43,"key":"Frozen Egg 2"}],"event_choices":[{"damage_healed":0,"gold_gain":0,"player_choice":"Ignored","damage_taken":0,"max_hp_gain":0,"max_hp_loss":0,"event_name":"Liars Game","floor":4,"gold_loss":0},{"damage_healed":0,"gold_gain":70,"player_choice":"Gained Gold","damage_taken":0,"max_hp_gain":0,"max_hp_loss":0,"event_name":"Golden Wing","floor":7,"gold_loss":0},{"cards_removed":["Strike_G"],"damage_healed":0,"gold_gain":0,"player_choice":"Purged","damage_taken":0,"max_hp_gain":0,"max_hp_loss":0,"event_name":"Purifier","floor":8,"gold_loss":0},{"damage_healed":0,"gold_gain":0,"player_choice":"Fought Mushrooms","damage_taken":0,"max_hp_gain":0,"max_hp_loss":0,"event_name":"Mushrooms","floor":13,"gold_loss":0},{"damage_healed":0,"gold_gain":0,"player_choice":"Obtained Relic","damage_taken":0,"relics_obtained":["Gambling Chip"],"max_hp_gain":0,"max_hp_loss":0,"event_name":"Addict","floor":22,"gold_loss":85},{"damage_healed":0,"gold_gain":0,"cards_transformed":["Strike_G"],"player_choice":"Transformed","damage_taken":0,"max_hp_gain":0,"max_hp_loss":0,"event_name":"Transmorgrifier","floor":27,"gold_loss":0,"cards_obtained":["Bullet Time"]},{"damage_healed":0,"gold_gain":0,"player_choice":"Memory 1","damage_taken":0,"max_hp_gain":0,"max_hp_loss":0,"event_name":"SensoryStone","floor":37,"gold_loss":0},{"cards_removed":["Strike_G"],"damage_healed":0,"gold_gain":0,"player_choice":"Removed Attack","damage_taken":0,"max_hp_gain":0,"max_hp_loss":0,"event_name":"Falling","floor":39,"gold_loss":0},{"damage_healed":0,"gold_gain":0,"player_choice":"Ignored","damage_taken":0,"max_hp_gain":0,"max_hp_loss":0,"event_name":"Tomb of Lord Red Mask","floor":46,"gold_loss":0}],"is_beta":true,"boss_relics":[{"not_picked":["Calling Bell","WristBlade"],"picked":"Tiny House"},{"not_picked":["Eternal Feather","Snecko Eye"],"picked":"Coffee Dripper"}],"items_purged_floors":[14,48],"is_endless":false,"potions_floor_spawned":[11,12,13,18,24,36,41,42],"ascension_level":19}