{"gold_per_floor":[118,118,193,208,227,227,261,261,261,274,274],"floor_reached":11,"playtime":333,"items_purged":[],"score":73,"play_id":"13e361e9-6db7-4e77-a724-030c2ea20db7","local_time":"20190124202521","is_ascension_mode":false,"campfire_choices":[{"data":"Blade Dance","floor":6,"key":"SMITH"},{"data":"Survivor","floor":8,"key":"SMITH"}],"neow_cost":"CURSE","seed_source_timestamp":109126672547156,"circlet_count":0,"master_deck":["Defend_G","Defend_G","Defend_G","Defend_G","Defend_G","Strike_G","Strike_G","Strike_G","Strike_G","Strike_G","Survivor+1","Neutralize","Injury","Quick Slash","Poisoned Stab","Blade Dance+1","Dagger Spray","Underhanded Strike"],"relics":["Ring of the Snake","WingedGreaves","Pantograph","Letter Opener","Paper Crane"],"potions_floor_usage":[5,11],"damage_taken":[{"damage":7,"enemies":"Small Slimes","floor":1,"turns":4},{"damage":0,"enemies":"2 Louse","floor":4,"turns":3},{"damage":0,"enemies":"Jaw Worm","floor":5,"turns":3},{"damage":40,"enemies":"Gremlin Nob","floor":7,"turns":6},{"damage":2,"enemies":"Blue Slaver","floor":10,"turns":4},{"damage":13,"enemies":"Lagavulin","floor":11,"turns":2}],"seed_played":"-7591779244754381012","potions_obtained":[{"floor":1,"key":"Energy Potion"},{"floor":10,"key":"SkillPotion"}],"is_trial":false,"path_per_floor":["M","?","?","M","M","R","E","R","T","M","E"],"character_chosen":"THE_SILENT","items_purchased":[],"campfire_rested":0,"item_purchase_floors":[],"current_hp_per_floor":[63,56,45,45,45,45,5,5,5,3,0],"gold":274,"neow_bonus":"ONE_RARE_RELIC","is_prod":false,"is_daily":false,"chose_seed":false,"campfire_upgraded":2,"win_rate":0.0,"timestamp":1548357921,"path_taken":["M","?","?","M","M","R","E","R","T","M","E"],"build_version":"2019-01-23","purchased_purges":0,"victory":false,"max_hp_per_floor":[70,70,70,70,70,70,70,70,70,70,70],"card_choices":[{"not_picked":["Skewer","Calculated Gamble"],"picked":"Quick Slash","floor":1},{"not_picked":["Flying Knee","Deflect"],"picked":"Poisoned Stab","floor":4},{"not_picked":["Outmaneuver","Masterful Stab"],"picked":"Blade Dance","floor":5},{"not_picked":["Bouncing Flask","Deflect"],"picked":"Dagger Spray","floor":7},{"not_picked":["Bane","Phantasmal Killer"],"picked":"Underhanded Strike","floor":10}],"player_experience":47819,"relics_obtained":[{"floor":7,"key":"Letter Opener"},{"floor":9,"key":"Paper Crane"}],"event_choices":[{"damage_healed":0,"gold_gain":0,"player_choice":"Success","damage_taken":7,"relics_obtained":["Pantograph"],"max_hp_gain":0,"max_hp_loss":0,"event_name":"Scrap Ooze","floor":2,"gold_loss":0},{"damage_healed":0,"gold_gain":75,"player_choice":"Gather Gold","damage_taken":11,"max_hp_gain":0,"max_hp_loss":0,"event_name":"World of Goop","floor":3,"gold_loss":0}],"is_beta":false,"boss_relics":[],"items_purged_floors":[],"is_endless":false,"potions_floor_spawned":[1,10],"killed_by":"Lagavulin","ascension_level":0}