{"path_per_floor":["M","M","?","M","M","E","R","M","T","R","M","M","M","M","R","B",null,"M","?","$","M","$","R","?","R","T","M","R","M","?","$","R"],"character_chosen":"DEFECT","items_purchased":["Ice Cream","Double Energy"],"gold_per_floor":[113,125,200,220,240,272,272,288,288,288,306,321,336,352,352,431,431,443,443,63,80,10,10,0,0,75,94,94,114,114,14,14,14],"floor_reached":33,"campfire_rested":0,"playtime":1434,"item_purchase_floors":[20,22],"current_hp_per_floor":[64,64,53,60,54,35,35,30,30,30,21,15,14,15,15,19,58,39,39,39,39,39,39,39,39,39,30,30,30,30,30,30,30],"items_purged":["Decay","Strike_B"],"gold":14,"score":439,"play_id":"dc500d6f-3d31-4696-a0b7-6ff834f6c410","local_time":"20180531180804","is_prod":false,"is_daily":false,"chose_seed":false,"is_ascension_mode":true,"campfire_upgraded":7,"win_rate":0,"timestamp":1527811684,"campfire_choices":[{"data":"Zap","floor":7,"key":"SMITH"},{"data":"Multi-Cast","floor":10,"key":"SMITH"},{"data":"Defragment","floor":15,"key":"SMITH"},{"data":"Double Energy","floor":23,"key":"SMITH"},{"data":"Tempest","floor":25,"key":"SMITH"},{"data":"Hologram","floor":28,"key":"SMITH"},{"data":"Loop","floor":32,"key":"SMITH"}],"path_taken":["M","M","?","M","M","E","R","M","T","R","?","M","M","M","R","BOSS","M","?","$","?","$","R","?","R","T","M","R","M","?","?","R","BOSS"],"build_version":"2018-05-30v2","seed_source_timestamp":82692883768519,"purchased_purges":2,"victory":false,"master_deck":["Strike_B","Strike_B","Strike_B","Defend_B","Defend_B","Defend_B","Defend_B","Zap+1","Dualcast","AscendersBane","Multi-Cast+1","Self Repair","Cold Snap","Tempest+1","Ball Lightning","Leap","Coolheaded","Defragment+1","Leap","Auto Shields","Hologram+1","Biased Cognition","Conserve Battery","Ball Lightning+1","Double Energy+1","Leap","Loop+1"],"max_hp_per_floor":[71,71,71,71,71,71,71,71,71,71,71,71,71,71,71,71,71,71,71,71,71,71,71,71,71,71,71,71,71,71,71,71,71],"relics":["Cracked Core","Dream Catcher","Centennial Puzzle","Inserter","Ice Cream","Toolbox"],"card_choices":[{"not_picked":["Steam","Compile Driver"],"picked":"Self Repair","floor":1},{"not_picked":["Steam","Sweeping Beam"],"picked":"Cold Snap","floor":2},{"not_picked":["Genetic Algorithm","Core Surge"],"picked":"Tempest","floor":4},{"not_picked":["Cold Snap","Stack"],"picked":"Ball Lightning","floor":5},{"not_picked":["Fusion","Lockon"],"picked":"Leap","floor":6},{"not_picked":["Blizzard","Reprogram"],"picked":"Coolheaded","floor":8},{"not_picked":["Lockon","Thunder Strike"],"picked":"Defragment","floor":11},{"not_picked":["Force Field","Rebound"],"picked":"Leap","floor":12},{"not_picked":["Redo","Coolheaded"],"picked":"Auto Shields","floor":13},{"not_picked":["Gash","Compile Driver"],"picked":"Hologram","floor":14},{"not_picked":["Thunder Strike","Creative AI"],"picked":"Biased Cognition","floor":16},{"not_picked":["Auto Shields","Cold Snap"],"picked":"Conserve Battery","floor":18},{"not_picked":["White Noise","Hologram"],"picked":"Ball Lightning+1","floor":21},{"not_picked":["Gash","Steam"],"picked":"Leap","floor":27},{"not_picked":["Storm","Gash"],"picked":"Loop","floor":29}],"player_experience":651307,"potions_floor_usage":[8,16,18,18,33,33],"damage_taken":[{"damage":0,"enemies":"2 Louse","floor":1,"turns":2},{"damage":7,"enemies":"Small Slimes","floor":2,"turns":3},{"damage":0,"enemies":"Cultist","floor":4,"turns":3},{"damage":13,"enemies":"3 Louse","floor":5,"turns":4},{"damage":26,"enemies":"3 Sentries","floor":6,"turns":7},{"damage":12,"enemies":"Lots of Slimes","floor":8,"turns":4},{"damage":9,"enemies":"Red Slaver","floor":11,"turns":2},{"damage":13,"enemies":"Large Slime","floor":12,"turns":5},{"damage":8,"enemies":"Blue Slaver","floor":13,"turns":3},{"damage":6,"enemies":"Looter","floor":14,"turns":3},{"damage":3,"enemies":"The Guardian","floor":16,"turns":11},{"damage":19,"enemies":"3 Byrds","floor":18,"turns":5},{"damage":7,"enemies":"Shell Parasite","floor":21,"turns":8},{"damage":9,"enemies":"Snake Plant","floor":27,"turns":4},{"damage":0,"enemies":"Sentry and Sphere","floor":29,"turns":2},{"damage":0,"enemies":"Champ","floor":33,"turns":6}],"relics_obtained":[{"floor":6,"key":"Dream Catcher"},{"floor":9,"key":"Centennial Puzzle"},{"floor":26,"key":"Toolbox"}],"event_choices":[{"event_name":"World of Goop","player_choice":"Gather Gold","floor":3,"damage_taken":0},{"event_name":"Forgotten Altar","player_choice":"Smashed Altar","floor":19,"damage_taken":0},{"event_name":"Masked Bandits","player_choice":"Paid Bandits 10 gold","floor":24,"damage_taken":0},{"event_name":"N\u0027loth","player_choice":"Ignored","floor":30,"damage_taken":0}],"boss_relics":[{"not_picked":["Eternal Feather","Astrolabe"],"picked":"Inserter"}],"items_purged_floors":[20,31],"potions_floor_spawned":[6,13,14,16,21,29],"seed_played":"-7932217291965151000","killed_by":"Champ","ascension_level":15,"potions_obtained":[{"floor":6,"key":"Poison Potion"},{"floor":13,"key":"LiquidBronze"},{"floor":14,"key":"AttackPotion"},{"floor":16,"key":"PowerPotion"},{"floor":21,"key":"GamblersBrew"},{"floor":29,"key":"SkillPotion"}],"is_trial":false}