{"gold_per_floor":[117,127,52,67,141,141,175,175,175,193,10,10,25,50,50,124,124,24,24,24,24,24,24,24,24,24,24,24,24,24,24,24,24],"floor_reached":33,"playtime":1519,"items_purged":["Strike_B","Strike_B"],"score":676,"play_id":"ebc649d8-e705-49be-a5f5-260b8772e88d","local_time":"20190127190516","is_ascension_mode":true,"campfire_choices":[{"data":"Zap","floor":6,"key":"SMITH"},{"floor":8,"key":"REST"},{"data":"Biased Cognition","floor":15,"key":"SMITH"},{"data":"Consume","floor":23,"key":"SMITH"},{"data":"Doom and Gloom","floor":25,"key":"SMITH"},{"data":"Undo","floor":29,"key":"SMITH"},{"floor":32,"key":"REST"}],"neow_cost":"PERCENT_DAMAGE","seed_source_timestamp":1558688859522333,"circlet_count":0,"master_deck":["AscendersBane","Strike_B+1","Strike_B+1","Defend_B","Defend_B","Defend_B","Defend_B","Zap+1","Dualcast","Core Surge","Doom and Gloom+1","Ball Lightning","Conserve Battery","Coolheaded","Glacier","Biased Cognition+1","Cold Snap","Undo+1","Core Surge","Consume+1","Auto Shields","White Noise","Compile Driver","Machine Learning","Core Surge"],"relics":["Cracked Core","Thread and Needle","Question Card","Lantern","Ectoplasm","Whetstone","Juzu Bracelet","Torii","Bottled Lightning"],"potions_floor_usage":[7,14,16,18,27,31,33],"damage_taken":[{"damage":0,"enemies":"Cultist","floor":1,"turns":3},{"damage":7,"enemies":"Jaw Worm","floor":2,"turns":3},{"damage":0,"enemies":"Small Slimes","floor":4,"turns":2},{"damage":25,"enemies":"Gremlin Nob","floor":7,"turns":4},{"damage":8,"enemies":"Exordium Wildlife","floor":10,"turns":5},{"damage":1,"enemies":"3 Louse","floor":13,"turns":3},{"damage":5,"enemies":"3 Sentries","floor":14,"turns":5},{"damage":9,"enemies":"The Guardian","floor":16,"turns":9},{"damage":5,"enemies":"2 Thieves","floor":18,"turns":5},{"damage":0,"enemies":"Chosen","floor":21,"turns":6},{"damage":4,"enemies":"Snecko","floor":22,"turns":5},{"damage":13,"enemies":"Book of Stabbing","floor":24,"turns":6},{"damage":0,"enemies":"Gremlin Leader","floor":27,"turns":8},{"damage":7,"enemies":"Shelled Parasite and Fungi","floor":30,"turns":5},{"damage":31,"enemies":"Slavers","floor":31,"turns":6},{"damage":27,"enemies":"Collector","floor":33,"turns":11}],"seed_played":"4844430058675568485","potions_obtained":[{"floor":1,"key":"Dexterity Potion"},{"floor":10,"key":"Weak Potion"},{"floor":13,"key":"Explosive Potion"},{"floor":16,"key":"Weak Potion"},{"floor":18,"key":"Dexterity Potion"},{"floor":30,"key":"SteroidPotion"},{"floor":31,"key":"LiquidBronze"}],"is_trial":false,"path_per_floor":["M","M","$","M","?","R","E","R","T","M","$","?","M","E","R","B",null,"M","?","?","M","M","R","E","R","T","E","$","R","M","E","R","B"],"character_chosen":"DEFECT","items_purchased":["Biased Cognition"],"campfire_rested":2,"item_purchase_floors":[11],"current_hp_per_floor":[46,39,39,39,39,39,14,35,35,27,27,50,49,44,44,35,62,57,57,57,57,53,53,40,40,40,40,40,40,33,2,23,0],"gold":24,"neow_bonus":"THREE_RARE_CARDS","is_prod":false,"is_daily":false,"chose_seed":false,"campfire_upgraded":5,"win_rate":0,"timestamp":1548641116,"path_taken":["M","M","$","M","?","R","E","R","T","M","$","?","M","E","R","BOSS","M","?","?","M","M","R","E","R","T","E","?","R","M","E","R","BOSS"],"build_version":"2019-01-23","purchased_purges":2,"victory":false,"max_hp_per_floor":[71,71,71,71,71,71,71,71,71,71,71,71,71,71,71,71,71,71,71,71,71,71,71,71,71,71,71,71,71,71,71,71,71],"card_choices":[{"not_picked":["Fission","Rainbow"],"picked":"Core Surge","floor":0},{"not_picked":["Recycle","Rebound"],"picked":"Doom and Gloom","floor":1},{"not_picked":["Go for the Eyes","Lockon"],"picked":"Ball Lightning","floor":2},{"not_picked":["Storm","Gash"],"picked":"Conserve Battery","floor":4},{"not_picked":["Static Discharge","Meteor Strike"],"picked":"Coolheaded","floor":7},{"not_picked":["Recycle","Rebound","Chill"],"picked":"Glacier","floor":10},{"not_picked":["Coolheaded","Sunder","Beam Cell"],"picked":"Cold Snap","floor":13},{"not_picked":["Hyperbeam","Coolheaded","Leap"],"picked":"Undo","floor":14},{"not_picked":["Fission","Biased Cognition","Reboot"],"picked":"Core Surge","floor":16},{"not_picked":["Coolheaded","Beam Cell","Force Field"],"picked":"Consume","floor":18},{"not_picked":["Compile Driver","Hello World","Sweeping Beam"],"picked":"Auto Shields","floor":21},{"not_picked":["Auto Shields","Reprogram","Redo","Steam Power"],"picked":"SKIP","floor":22},{"not_picked":["Leap","Fusion+1","Rebound"],"picked":"White Noise","floor":24},{"not_picked":["Stack+1","Leap","Sweeping Beam"],"picked":"Compile Driver","floor":27},{"not_picked":["Genetic Algorithm","Go for the Eyes","Force Field"],"picked":"Machine Learning","floor":30},{"not_picked":["Machine Learning","Hologram","Genetic Algorithm"],"picked":"Core Surge","floor":31}],"player_experience":1276542,"relics_obtained":[{"floor":7,"key":"Thread and Needle"},{"floor":9,"key":"Question Card"},{"floor":14,"key":"Lantern"},{"floor":24,"key":"Whetstone"},{"floor":26,"key":"Juzu Bracelet"},{"floor":27,"key":"Torii"},{"floor":31,"key":"Bottled Lightning"}],"event_choices":[{"damage_healed":0,"gold_gain":74,"player_choice":"Gained Gold","damage_taken":0,"max_hp_gain":0,"max_hp_loss":0,"event_name":"Golden Wing","floor":5,"gold_loss":0},{"damage_healed":23,"gold_gain":0,"player_choice":"Banana","damage_taken":0,"max_hp_gain":0,"max_hp_loss":0,"event_name":"Big Fish","floor":12,"gold_loss":0},{"damage_healed":0,"gold_gain":50,"player_choice":"Stole From Cult","damage_taken":0,"max_hp_gain":0,"max_hp_loss":0,"event_name":"Nest","floor":19,"gold_loss":0},{"damage_healed":0,"gold_gain":0,"player_choice":"Ignored","damage_taken":0,"max_hp_gain":0,"max_hp_loss":0,"event_name":"Ghosts","floor":20,"gold_loss":0}],"is_beta":true,"boss_relics":[{"not_picked":["Snecko Eye","Astrolabe"],"picked":"Ectoplasm"}],"items_purged_floors":[3,11],"is_endless":false,"potions_floor_spawned":[1,10,13,16,18,30,31],"killed_by":"Collector","ascension_level":20}