{"gold_per_floor":[109,109,59,59,73,73,101,101,179,104,121,49,49,49,49,152,152,162,181,181,81,6,6],"floor_reached":23,"playtime":714,"items_purged":["Strike_G","Strike_G"],"score":221,"play_id":"9117abea-262b-4c76-8d17-f5b3066ab030","local_time":"20190203134334","is_ascension_mode":true,"campfire_choices":[{"data":"Neutralize","floor":6.0,"key":"SMITH"},{"data":"Bouncing Flask","floor":13.0,"key":"SMITH"},{"data":"Poisoned Stab","floor":15.0,"key":"SMITH"}],"neow_cost":"NONE","seed_source_timestamp":0,"circlet_count":0,"master_deck":["Defend_G","Defend_G+1","Defend_G+1","Defend_G","Survivor","Neutralize+1","Poisoned Stab+1","Bouncing Flask+1","Heel Hook"],"special_seed":0,"relics":["Ring of the Snake","NeowsBlessing","Letter Opener","Question Card","Empty Cage"],"potions_floor_usage":[],"damage_taken":[{"damage":0.0,"enemies":"2 Louse","floor":1.0,"turns":1.0},{"damage":0.0,"enemies":"Small Slimes","floor":5.0,"turns":1.0},{"damage":0.0,"enemies":"Gremlin Nob","floor":7.0,"turns":1.0},{"damage":0.0,"enemies":"Jaw Worm","floor":11.0,"turns":3.0},{"damage":29.0,"enemies":"Slime Boss","floor":16.0,"turns":11.0},{"damage":6,"enemies":"Chosen","floor":18,"turns":5},{"damage":0,"enemies":"Shell Parasite","floor":19,"turns":6},{"damage":44,"enemies":"Gremlin Leader","floor":23,"turns":6}],"seed_played":"8931536914044145493","potions_obtained":[{"floor":11.0,"key":"Poison Potion"}],"is_trial":false,"path_per_floor":["M","?","?","$","M","R","E","?","T","$","M","$","R","$","R","B",null,"M","M","?","$","?","E"],"character_chosen":"THE_SILENT","items_purchased":["Heel Hook"],"campfire_rested":0,"item_purchase_floors":[12],"current_hp_per_floor":[70,56,56,56,56,56,56,56,56,56,56,56,56,56,56,27,70,64,64,51,51,51,7],"gold":6,"neow_bonus":"THREE_ENEMY_KILL","is_prod":false,"is_daily":false,"chose_seed":false,"campfire_upgraded":3,"win_rate":0,"timestamp":1549226614,"path_taken":["M","?","?","?","M","R","E","?","T","$","M","$","R","$","R","BOSS","M","M","?","$","?","E"],"build_version":"2019-01-23","purchased_purges":2,"victory":false,"max_hp_per_floor":[70,70,70,70,70,70,70,70,70,70,70,70,70,70,70,70,70,70,70,75,75,75,75],"card_choices":[{"not_picked":["PiercingWail","Crippling Poison","Flechettes"],"picked":"SKIP","floor":1.0},{"not_picked":["Flying Knee","Deadly Poison","Cloak And Dagger"],"picked":"SKIP","floor":5.0},{"not_picked":["Quick Slash","Deflect"],"picked":"Poisoned Stab","floor":7.0},{"not_picked":["Cloak And Dagger","Acrobatics","Endless Agony"],"picked":"Bouncing Flask","floor":11.0},{"not_picked":["Outmaneuver","Flying Knee","PiercingWail+1","Skewer+1"],"picked":"SKIP","floor":18},{"not_picked":["Flying Knee+1","Slice","Catalyst","Dagger Throw"],"picked":"SKIP","floor":19}],"player_experience":1298373,"relics_obtained":[{"floor":7.0,"key":"Letter Opener"},{"floor":9.0,"key":"Question Card"}],"event_choices":[{"damage_healed":0.0,"max_hp_gain":0.0,"max_hp_loss":0.0,"gold_gain":0.0,"event_name":"Shining Light","player_choice":"Entered Light","floor":2.0,"gold_loss":0.0,"damage_taken":14.0,"cards_upgraded":["Defend_G","Defend_G"]},{"cards_removed":["Defend_G"],"damage_healed":0.0,"max_hp_gain":0.0,"max_hp_loss":0.0,"gold_gain":0.0,"event_name":"The Cleric","player_choice":"Card Removal","floor":3.0,"gold_loss":50.0,"damage_taken":0.0},{"damage_healed":0.0,"max_hp_gain":0.0,"max_hp_loss":0.0,"gold_gain":0.0,"event_name":"Liars Game","player_choice":"Ignored","floor":8.0,"gold_loss":0.0,"damage_taken":0.0},{"damage_healed":0,"gold_gain":0,"player_choice":"Shed Blood","damage_taken":18,"max_hp_gain":5,"max_hp_loss":0,"event_name":"Forgotten Altar","floor":20,"gold_loss":0},{"cards_removed":["Strike_G"],"damage_healed":0,"gold_gain":0,"player_choice":"Gave Gold","damage_taken":0,"max_hp_gain":0,"max_hp_loss":0,"event_name":"Beggar","floor":22,"gold_loss":75}],"is_beta":true,"boss_relics":[{"not_picked":["Astrolabe","Pandora\u0027s Box"],"picked":"Empty Cage"}],"items_purged_floors":[10,21],"is_endless":false,"potions_floor_spawned":[11],"killed_by":"Gremlin Leader","ascension_level":1}