{"gold_per_floor":[117,117,132,132,57,90,90,106,106,131,150,170,170,197,197,295,295,308,17,33,33,58,92,72,72,72,72,101,115,115,146,146,251,251,271,283,283,110,128,128,128,161,161,24,54,64,94,110,110,110,110,110,7,35,35],"floor_reached":56,"playtime":17151,"items_purged":["Strike_R","Defend_R","Carnage"],"score":1623,"play_id":"cc163d37-9265-410c-9852-58a431700f7d","local_time":"20190217221226","is_ascension_mode":true,"campfire_choices":[{"data":"Shrug It Off","floor":13,"key":"SMITH"},{"data":"Intimidate","floor":15,"key":"SMITH"},{"floor":25,"key":"RECALL"},{"data":"Limit Break","floor":27,"key":"SMITH"},{"data":"Barricade","floor":30,"key":"SMITH"},{"data":"Limit Break","floor":32,"key":"SMITH"},{"data":"Feel No Pain","floor":40,"key":"SMITH"},{"data":"Fiend Fire","floor":49,"key":"SMITH"},{"data":"Pommel Strike","floor":52,"key":"SMITH"}],"neow_cost":"NONE","seed_source_timestamp":2540764086915395,"circlet_count":0,"master_deck":["Bash","Impervious+1","Pommel Strike+1","Spot Weakness+1","Shrug It Off+1","Havoc","Dramatic Entrance","Feed","Feel No Pain","Feel No Pain+1","Intimidate+1","Limit Break+1","Flex+1","Second Wind+1","Limit Break+1","Corruption+1","Flex+1","Barricade+1","Disarm+1","Fiend Fire+1","Twin Strike","Demon Form","Bloodletting+1","Second Wind+1","Feed","Body Slam+1","Corruption+1","Body Slam","Battle Trance+1","Pommel Strike+1","Metamorphosis+1","Reaper","Seeing Red+1","Spot Weakness+1","True Grit+1"],"relics":["Burning Blood","Dead Branch","Prayer Wheel","Strawberry","Vajra","Coffee Dripper","DollysMirror","Red Mask","Toxic Egg 2","Anchor","Oddly Smooth Stone","Lantern","Pandora\u0027s Box","Bottled Tornado","The Courier","Unceasing Top","Kunai","War Paint","Pantograph"],"potions_floor_usage":[16,20,20,20,54,55,55],"damage_taken":[{"damage":5,"enemies":"Jaw Worm","floor":1,"turns":5},{"damage":1,"enemies":"Cultist","floor":3,"turns":4},{"damage":18,"enemies":"3 Sentries","floor":6,"turns":9},{"damage":0,"enemies":"Small Slimes","floor":8,"turns":2},{"damage":20,"enemies":"Lagavulin","floor":10,"turns":7},{"damage":1,"enemies":"Exordium Wildlife","floor":11,"turns":2},{"damage":8,"enemies":"Large Slime","floor":12,"turns":5},{"damage":11,"enemies":"3 Sentries","floor":14,"turns":7},{"damage":46,"enemies":"Hexaghost","floor":16,"turns":10},{"damage":0,"enemies":"3 Byrds","floor":18,"turns":5},{"damage":5,"enemies":"Spheric Guardian","floor":20,"turns":4},{"damage":0,"enemies":"Masked Bandits","floor":22,"turns":2},{"damage":2,"enemies":"Slavers","floor":23,"turns":2},{"damage":2,"enemies":"Gremlin Leader","floor":28,"turns":4},{"damage":9,"enemies":"Snake Plant","floor":29,"turns":4},{"damage":6,"enemies":"Book of Stabbing","floor":31,"turns":2},{"damage":6,"enemies":"Champ","floor":33,"turns":5},{"damage":1,"enemies":"3 Darklings","floor":35,"turns":3},{"damage":35,"enemies":"3 Shapes","floor":36,"turns":3},{"damage":3,"enemies":"Writhing Mass","floor":39,"turns":3},{"damage":0,"enemies":"Nemesis","floor":42,"turns":3},{"damage":3,"enemies":"Giant Head","floor":45,"turns":4},{"damage":6,"enemies":"Maw","floor":46,"turns":2},{"damage":6,"enemies":"Nemesis","floor":47,"turns":3},{"damage":0,"enemies":"Sphere and 2 Shapes","floor":48,"turns":4},{"damage":64,"enemies":"Time Eater","floor":50,"turns":10},{"damage":0,"enemies":"Shield and Spear","floor":54,"turns":4},{"damage":58,"enemies":"The Heart","floor":55,"turns":7}],"seed_played":"-8545468308458948374","potions_obtained":[{"floor":11,"key":"EssenceOfSteel"},{"floor":12,"key":"EntropicBrew"},{"floor":16,"key":"SkillPotion"},{"floor":22,"key":"Poison Potion"},{"floor":24,"key":"FairyPotion"},{"floor":31,"key":"GamblersBrew"},{"floor":36,"key":"BloodPotion"},{"floor":54,"key":"Explosive Potion"}],"is_trial":false,"path_per_floor":["M","?","M","?","$","E","?","M","T","E","M","M","R","E","R","B",null,"M","$","M","?","?","E","?","R","T","R","E","M","R","E","R","B",null,"M","M","T","$","M","R","T","E","T","$","E","M","E","M","R","B",null,"R","$","E","B",null],"character_chosen":"IRONCLAD","items_purchased":["DollysMirror","Body Slam","Metamorphosis+1","Spot Weakness+1","True Grit+1"],"campfire_rested":0,"item_purchase_floors":[19,38,44,53,53],"current_hp_per_floor":[80,80,80,64,64,52,52,58,58,51,59,57,57,52,52,12,90,93,93,93,93,99,102,102,102,102,102,105,105,105,105,105,105,108,108,82,82,82,85,85,85,91,91,91,94,94,94,110,110,66,111,111,111,111,106],"gold":35,"neow_bonus":"ONE_RANDOM_RARE_CARD","is_prod":false,"is_daily":false,"chose_seed":false,"campfire_upgraded":8,"win_rate":0,"timestamp":1550441546,"path_taken":["M","?","?","?","?","E","?","M","T","E","?","M","R","E","R","BOSS","M","$","?","?","?","E","?","R","T","R","E","M","R","E","R","BOSS","M","M","?","$","M","R","?","E","T","$","E","M","E","M","R","BOSS","R","$","E","BOSS"],"build_version":"2019-01-23","purchased_purges":3,"victory":true,"max_hp_per_floor":[80,80,80,80,80,80,80,80,80,87,90,90,90,90,90,90,90,93,93,93,93,99,102,102,102,102,102,105,108,108,108,108,108,108,108,111,111,111,111,111,111,111,111,111,111,111,111,111,111,111,111,111,111,111,111],"card_choices":[{"not_picked":["Clothesline","Havoc"],"picked":"Pommel Strike","floor":1},{"not_picked":["Dropkick","Intimidate"],"picked":"Shrug It Off","floor":3},{"not_picked":["Pommel Strike","Carnage"],"picked":"Havoc","floor":6},{"not_picked":["Ghostly Armor","Bloodletting","Whirlwind"],"picked":"SKIP","floor":8},{"not_picked":["Rupture","Burning Pact"],"picked":"Feed","floor":10},{"not_picked":["True Grit","Havoc"],"picked":"Feel No Pain","floor":11},{"not_picked":["Whirlwind","Shrug It Off"],"picked":"Feel No Pain","floor":11},{"not_picked":["Anger","Entrench","Wild Strike"],"picked":"SKIP","floor":12},{"not_picked":["Carnage","Headbutt","Searing Blow"],"picked":"SKIP","floor":12},{"not_picked":["Uppercut","Dual Wield"],"picked":"Intimidate","floor":14},{"not_picked":["Juggernaut","Feed"],"picked":"Limit Break","floor":16},{"not_picked":["Warcry+1","Armaments"],"picked":"Flex","floor":18},{"not_picked":["Evolve","Iron Wave+1"],"picked":"Second Wind+1","floor":18},{"not_picked":["Flex","Warcry+1"],"picked":"Corruption+1","floor":20},{"not_picked":["Anger","Wild Strike","Bloodletting+1"],"picked":"SKIP","floor":20},{"not_picked":["Intimidate+1","Feel No Pain"],"picked":"Flex+1","floor":23},{"not_picked":["Clothesline+1","Twin Strike"],"picked":"Barricade","floor":28},{"not_picked":["Clash+1","Clothesline+1","Whirlwind"],"picked":"SKIP","floor":29},{"not_picked":["Whirlwind+1","Cleave+1","Twin Strike+1"],"picked":"SKIP","floor":29},{"not_picked":["Rage+1","Perfected Strike"],"picked":"Disarm+1","floor":31},{"not_picked":["Double Tap+1","Brutality"],"picked":"Fiend Fire","floor":33},{"not_picked":["Power Through+1","Whirlwind+1"],"picked":"Body Slam+1","floor":35},{"not_picked":["Thunderclap+1","Clothesline+1","Metallicize+1"],"picked":"SKIP","floor":35},{"not_picked":["Whirlwind+1","Shockwave+1"],"picked":"Corruption+1","floor":36},{"not_picked":["Pommel Strike","Clash+1","Disarm+1"],"picked":"SKIP","floor":36},{"not_picked":["Headbutt+1","Dual Wield+1"],"picked":"Battle Trance+1","floor":39},{"not_picked":["Clothesline+1","Wild Strike+1"],"picked":"Pommel Strike+1","floor":39},{"not_picked":["Barricade","Wild Strike+1","Clothesline"],"picked":"SKIP","floor":42},{"not_picked":["Combust","Perfected Strike+1","Pommel Strike+1"],"picked":"SKIP","floor":45},{"not_picked":["Infernal Blade+1","True Grit+1"],"picked":"Reaper","floor":46},{"not_picked":["Pummel+1","Clash+1","Whirlwind"],"picked":"SKIP","floor":46},{"not_picked":["Anger","Pummel+1","Wild Strike+1"],"picked":"SKIP","floor":47},{"not_picked":["Cleave+1","Twin Strike+1"],"picked":"Seeing Red+1","floor":48},{"not_picked":["Infernal Blade+1","Heavy Blade+1","Evolve"],"picked":"SKIP","floor":48},{"not_picked":["Disarm+1","Wild Strike+1","Brutality"],"picked":"SKIP","floor":54}],"player_experience":861250,"relics_obtained":[{"floor":6,"key":"Dead Branch"},{"floor":9,"key":"Prayer Wheel"},{"floor":10,"key":"Strawberry"},{"floor":14,"key":"Vajra"},{"floor":22,"key":"Red Mask"},{"floor":23,"key":"Toxic Egg 2"},{"floor":26,"key":"Anchor"},{"floor":28,"key":"Oddly Smooth Stone"},{"floor":31,"key":"Lantern"},{"floor":41,"key":"Bottled Tornado"},{"floor":42,"key":"The Courier"},{"floor":43,"key":"Unceasing Top"},{"floor":45,"key":"Kunai"},{"floor":47,"key":"War Paint"},{"floor":54,"key":"Pantograph"}],"event_choices":[{"damage_healed":0,"gold_gain":0,"cards_transformed":["Strike_R"],"player_choice":"Transformed","damage_taken":0,"max_hp_gain":0,"max_hp_loss":0,"event_name":"Transmorgrifier","floor":2,"gold_loss":0,"cards_obtained":["Spot Weakness"]},{"damage_healed":0,"gold_gain":0,"player_choice":"Entered Light","damage_taken":16,"max_hp_gain":0,"max_hp_loss":0,"event_name":"Shining Light","floor":4,"gold_loss":0,"cards_upgraded":["Impervious","Strike_R"]},{"damage_healed":0,"gold_gain":0,"player_choice":"1 cards matched","damage_taken":0,"max_hp_gain":0,"max_hp_loss":0,"event_name":"Match and Keep!","floor":7,"gold_loss":0,"cards_obtained":["Dramatic Entrance"]},{"damage_healed":0,"gold_gain":0,"player_choice":"Fought Bandits","damage_taken":0,"max_hp_gain":0,"max_hp_loss":0,"event_name":"Masked Bandits","floor":22,"gold_loss":0},{"damage_healed":0,"gold_gain":0,"player_choice":"Bought 1 Potion","damage_taken":0,"max_hp_gain":0,"max_hp_loss":0,"event_name":"The Woman in Blue","floor":24,"gold_loss":0}],"is_beta":false,"boss_relics":[{"not_picked":["Snecko Eye","Runic Pyramid"],"picked":"Coffee Dripper"},{"not_picked":["Black Star","Velvet Choker"],"picked":"Pandora\u0027s Box"}],"items_purged_floors":[5,19,38],"is_endless":false,"potions_floor_spawned":[11,12,16,22,28,29,31,36,39,46,54],"ascension_level":1}