{"gold_per_floor":[114,39,62,78,228,258,258,288,288,288,318,338,348,383,383,462,462,480,94,124,135,148,177,177,193,230,242,289,301,340,352],"floor_reached":31,"playtime":2031,"items_purged":["Wraith Form v2"],"score":892,"play_id":"ec81143a-ef05-4a66-991b-3a8b511f9c4b","local_time":"20190126182604","daily_mods":["SealedDeck","Vintage","Blue Cards","Heirloom","Time Dilation","DeadlyEvents","Cursed Run","Elite Swarm","Uncertain Future"],"is_ascension_mode":true,"campfire_choices":[{"data":"Demon Form","floor":7,"key":"SMITH"},{"data":"White Noise","floor":10,"key":"SMITH"},{"floor":15,"key":"REST"},{"data":"Amplify","floor":24,"key":"SMITH"},{"data":"Genetic Algorithm","floor":27,"key":"SMITH"}],"neow_cost":"","seed_source_timestamp":269684413574013,"circlet_count":0,"master_deck":["Demon Form+1","Echo Form","AscendersBane","Genetic Algorithm+1","Conserve Battery","White Noise+1","Rebound","Hologram+1","Hologram+1","Chill","Sweeping Beam","Rebound","Gash","Doubt","Meteor Strike","Buffer","Amplify+1","Core Surge","Seek","Seek","Redo"],"relics":["Unceasing Top","Gambling Chip","Bottled Tornado","Lantern","Question Card","Omamori","Mercury Hourglass","Art of War","Blue Candle","Bottled Lightning","Ornamental Fan","Blood Vial","Lizard Tail","Pen Nib","Sling","Vajra","Tiny Chest","Letter Opener","Bronze Scales","Ancient Tea Set","MawBank","War Paint","DataDisk","Thread and Needle"],"potions_floor_usage":[8,11,14,23,25,28],"damage_taken":[{"damage":6,"enemies":"Cultist","floor":1,"turns":4},{"damage":12,"enemies":"Jaw Worm","floor":4,"turns":3},{"damage":18,"enemies":"Lagavulin","floor":6,"turns":5},{"damage":10,"enemies":"3 Sentries","floor":8,"turns":9},{"damage":0,"enemies":"Lagavulin","floor":11,"turns":4},{"damage":0,"enemies":"Small Slimes","floor":12,"turns":3},{"damage":14,"enemies":"Red Slaver","floor":13,"turns":4},{"damage":8,"enemies":"Gremlin Nob","floor":14,"turns":4},{"damage":1,"enemies":"Hexaghost","floor":16,"turns":5},{"damage":5,"enemies":"Shell Parasite","floor":18,"turns":4},{"damage":20,"enemies":"3 Byrds","floor":21,"turns":4},{"damage":0,"enemies":"3 Cultists","floor":22,"turns":3},{"damage":22,"enemies":"Gremlin Leader","floor":23,"turns":4},{"damage":0,"enemies":"Centurion and Healer","floor":25,"turns":3},{"damage":36,"enemies":"Book of Stabbing","floor":28,"turns":5},{"damage":23,"enemies":"Gremlin Leader","floor":30,"turns":4},{"damage":8,"enemies":"Snake Plant","floor":31,"turns":2}],"seed_played":"-1143067797625256593","potions_obtained":[{"floor":6,"key":"SkillPotion"},{"floor":8,"key":"Regen Potion"},{"floor":11,"key":"Swift Potion"},{"floor":22,"key":"SkillPotion"},{"floor":23,"key":"AttackPotion"},{"floor":25,"key":"Weak Potion"},{"floor":28,"key":"Explosive Potion"}],"is_trial":true,"path_per_floor":["M","$","T","M","?","E","R","E","T","R","E","M","M","E","R","B",null,"M","$","?","M","M","E","R","M","T","R","E","?","E","M"],"character_chosen":"DEFECT","items_purchased":["Sling","Vajra"],"campfire_rested":1,"item_purchase_floors":[19,19],"current_hp_per_floor":[58,58,58,46,46,28,28,18,18,18,23,23,9,1,22,23,59,56,56,56,38,40,20,20,22,22,22,25,25,4,0],"gold":352,"neow_bonus":"","is_prod":false,"is_daily":false,"chose_seed":false,"campfire_upgraded":4,"win_rate":0,"timestamp":1548523564,"path_taken":["M","$","?","M","?","E","R","E","T","R","?","M","M","E","R","BOSS","M","$","?","M","?","E","R","M","T","R","E","?","E","M"],"build_version":"2019-01-23","purchased_purges":1,"victory":false,"max_hp_per_floor":[71,71,71,71,71,71,71,71,71,71,71,71,71,71,71,71,71,71,71,71,71,71,71,71,71,71,71,71,71,71,71],"card_choices":[{"not_picked":["Core Surge","Electrodynamics","Machine Learning"],"picked":"Meteor Strike","floor":6},{"not_picked":["Thunder Strike","Creative AI","Electrodynamics"],"picked":"Buffer","floor":8},{"not_picked":["Multi-Cast","Creative AI","Biased Cognition"],"picked":"Amplify","floor":11},{"not_picked":["Thunder Strike","Meteor Strike","Machine Learning"],"picked":"Core Surge","floor":14},{"not_picked":["Hyperbeam","Echo Form","Creative AI"],"picked":"Seek","floor":16},{"not_picked":["Machine Learning","Core Surge","Fission"],"picked":"Hyperbeam","floor":23},{"not_picked":["Thunder Strike","Buffer","Echo Form"],"picked":"Seek","floor":28},{"not_picked":["Fission","Machine Learning","Creative AI","Rainbow"],"picked":"SKIP","floor":30}],"player_experience":97131,"relics_obtained":[{"floor":1,"key":"Bottled Tornado"},{"floor":3,"key":"Lantern"},{"floor":4,"key":"Question Card"},{"floor":6,"key":"Omamori"},{"floor":8,"key":"Mercury Hourglass"},{"floor":9,"key":"Art of War"},{"floor":11,"key":"Blue Candle"},{"floor":12,"key":"Bottled Lightning"},{"floor":13,"key":"Ornamental Fan"},{"floor":14,"key":"Blood Vial"},{"floor":18,"key":"Pen Nib"},{"floor":21,"key":"Letter Opener"},{"floor":22,"key":"Bronze Scales"},{"floor":23,"key":"Ancient Tea Set"},{"floor":25,"key":"MawBank"},{"floor":26,"key":"War Paint"},{"floor":28,"key":"DataDisk"},{"floor":30,"key":"Thread and Needle"}],"event_choices":[{"damage_healed":0,"gold_gain":150,"player_choice":"AGREE","damage_taken":0,"max_hp_gain":0,"max_hp_loss":0,"event_name":"Liars Game","floor":5,"gold_loss":0,"cards_obtained":["Doubt"]},{"damage_healed":0,"gold_gain":0,"player_choice":"Opened","damage_taken":0,"relics_obtained":["Tiny Chest"],"max_hp_gain":0,"max_hp_loss":0,"event_name":"The Mausoleum","floor":20,"gold_loss":0,"cards_obtained":["Writhe"]},{"damage_healed":0,"gold_gain":0,"cards_transformed":["Hyperbeam"],"player_choice":"Transformed","damage_taken":0,"max_hp_gain":0,"max_hp_loss":0,"event_name":"Transmorgrifier","floor":29,"gold_loss":0,"cards_obtained":["Redo"]}],"is_beta":false,"boss_relics":[{"not_picked":["Ectoplasm","Fusion Hammer"],"picked":"Lizard Tail"}],"items_purged_floors":[2],"is_endless":true,"potions_floor_spawned":[6,8,11,22,23,25,28],"killed_by":"Snake Plant","ascension_level":20}