{"gold_per_floor":[215,140,154,154,154,168,193,53,53,79,98,173,173],"floor_reached":13,"playtime":452,"items_purged":["Defend_B","Defend_B"],"score":98,"play_id":"f2fca3f3-ed74-426c-97d4-200688ab30c7","local_time":"20190202202027","is_ascension_mode":true,"campfire_choices":[],"neow_cost":"NONE","seed_source_timestamp":262992749858424,"circlet_count":0,"master_deck":["Strike_B","Strike_B","Strike_B","Defend_B","Defend_B","Zap","Dualcast","Defragment","FTL","Echo Form","Capacitor"],"relics":["Cracked Core","Mummified Hand","Mango","Gremlin Horn","Question Card"],"potions_floor_usage":[7,10],"damage_taken":[{"damage":4,"enemies":"2 Louse","floor":1,"turns":3},{"damage":0,"enemies":"Small Slimes","floor":3,"turns":3},{"damage":6,"enemies":"Jaw Worm","floor":6,"turns":3},{"damage":12,"enemies":"3 Sentries","floor":7,"turns":11},{"damage":18,"enemies":"Gremlin Nob","floor":10,"turns":3},{"damage":16,"enemies":"Large Slime","floor":11,"turns":4},{"damage":8,"enemies":"Lagavulin","floor":13,"turns":4}],"seed_played":"8312242833083285303","potions_obtained":[{"floor":3,"key":"SkillPotion"},{"floor":6,"key":"GamblersBrew"}],"is_trial":false,"path_per_floor":["M","$","M","?","?","M","E","$","T","E","M","?","E"],"character_chosen":"DEFECT","items_purchased":["FTL"],"campfire_rested":0,"item_purchase_floors":[8],"current_hp_per_floor":[71,71,71,64,57,51,53,53,53,35,19,8,0],"gold":173,"neow_bonus":"HUNDRED_GOLD","is_prod":false,"is_daily":false,"chose_seed":false,"campfire_upgraded":0,"win_rate":0,"timestamp":1549164027,"path_taken":["M","$","M","?","?","?","E","$","T","E","M","?","E"],"build_version":"2019-01-23","purchased_purges":2,"victory":false,"max_hp_per_floor":[75,75,75,75,75,75,89,89,89,89,89,89,89],"card_choices":[{"not_picked":["Rebound","Cold Snap","Compile Driver"],"picked":"SKIP","floor":1},{"not_picked":["Turbo","Leap","Consume"],"picked":"SKIP","floor":3},{"not_picked":["Compile Driver","Sweeping Beam"],"picked":"Defragment","floor":6},{"not_picked":["Steam","Streamline","Beam Cell"],"picked":"SKIP","floor":7},{"not_picked":["FTL","Genetic Algorithm"],"picked":"Echo Form","floor":10},{"not_picked":["Steam Power","Tempest","White Noise"],"picked":"Capacitor","floor":11}],"player_experience":1297921,"relics_obtained":[{"floor":7,"key":"Mango"},{"floor":9,"key":"Gremlin Horn"},{"floor":10,"key":"Question Card"}],"event_choices":[{"cards_removed":["Strike_B"],"damage_healed":0,"gold_gain":0,"player_choice":"Card Removal","damage_taken":7,"max_hp_gain":0,"max_hp_loss":0,"event_name":"Golden Wing","floor":4,"gold_loss":0},{"damage_healed":0,"gold_gain":0,"player_choice":"Success","damage_taken":7,"relics_obtained":["Mummified Hand"],"max_hp_gain":0,"max_hp_loss":0,"event_name":"Scrap Ooze","floor":5,"gold_loss":0},{"damage_healed":0,"gold_gain":75,"player_choice":"Gather Gold","damage_taken":11,"max_hp_gain":0,"max_hp_loss":0,"event_name":"World of Goop","floor":12,"gold_loss":0}],"is_beta":true,"boss_relics":[],"items_purged_floors":[2,8],"is_endless":false,"potions_floor_spawned":[3,6],"killed_by":"Lagavulin","ascension_level":1}