{"gold_per_floor":[11,21,39,56,70,70,105,105,105,177,206,3,3,33,33,132,132,148,180,180,199,298,324,324,342,394,394,406,406,438,454,454,553,553,569,633,683,697,710,736,736,749,749,435,502,97,97,110,110,110,110,110,74,99,99],"floor_reached":56,"playtime":3621,"items_purged":["Decay","Clumsy"],"score":1568,"play_id":"8f63cead-2cd7-4b3b-87ad-433d29f2f803","local_time":"20190131123701","is_ascension_mode":true,"campfire_choices":[{"data":"Uppercut","floor":6,"key":"SMITH"},{"data":"Shockwave","floor":8,"key":"SMITH"},{"data":"True Grit","floor":13,"key":"SMITH"},{"data":"Whirlwind","floor":15,"key":"SMITH"},{"floor":24,"key":"REST"},{"floor":32,"key":"REST"},{"floor":41,"key":"RECALL"},{"data":"Demon Form","floor":47,"key":"SMITH"},{"floor":49,"key":"REST"},{"data":"Corruption","floor":52,"key":"SMITH"}],"neow_cost":"NO_GOLD","seed_source_timestamp":0,"circlet_count":0,"master_deck":["Strike_R","Strike_R","Strike_R","Strike_R","Strike_R","Defend_R","Defend_R","Defend_R","Defend_R+1","Bash","Shockwave+1","Uppercut+1","Shrug It Off+1","Whirlwind+1","Cleave","Body Slam","Battle Trance","Fiend Fire","True Grit+1","Offering","Shrug It Off","Dark Embrace","Demon Form+1","Corruption+1","Battle Trance+1","Necronomicurse","Sentinel","Pommel Strike+1","Impervious","Flame Barrier","True Grit","Sword Boomerang+1","Headbutt+1","Pommel Strike+1","Power Through","Offering","Body Slam+1","Pummel+1","Disarm+1","Reaper+1","Twin Strike+1","Shrug It Off","Limit Break","Shockwave","Intimidate"],"special_seed":0,"relics":["Burning Blood","Prayer Wheel","Kunai","Happy Flower","War Paint","Molten Egg 2","Mark of Pain","Red Mask","Necronomicon","Pantograph","Vajra","SsserpentHead","Pear","Cursed Key","Pen Nib","Boot","Frozen Egg 2","Charon\u0027s Ashes","Blood Vial"],"potions_floor_usage":[11,55,55],"damage_taken":[{"damage":5.0,"enemies":"Cultist","floor":1.0,"turns":4.0},{"damage":4,"enemies":"2 Louse","floor":2,"turns":4},{"damage":13,"enemies":"Small Slimes","floor":3,"turns":6},{"damage":11,"enemies":"Looter","floor":4,"turns":5},{"damage":0,"enemies":"Large Slime","floor":5,"turns":5},{"damage":24,"enemies":"Gremlin Nob","floor":7,"turns":4},{"damage":7,"enemies":"3 Sentries","floor":11,"turns":7},{"damage":12,"enemies":"Gremlin Nob","floor":14,"turns":3},{"damage":21,"enemies":"Slime Boss","floor":16,"turns":9},{"damage":1,"enemies":"3 Byrds","floor":18,"turns":4},{"damage":16,"enemies":"Masked Bandits","floor":19,"turns":4},{"damage":0,"enemies":"Spheric Guardian","floor":21,"turns":3},{"damage":24,"enemies":"Book of Stabbing","floor":23,"turns":4},{"damage":14,"enemies":"Snake Plant","floor":25,"turns":3},{"damage":1,"enemies":"Snecko","floor":28,"turns":3},{"damage":20,"enemies":"Slavers","floor":30,"turns":6},{"damage":12,"enemies":"Cultist and Chosen","floor":31,"turns":5},{"damage":34,"enemies":"Champ","floor":33,"turns":10},{"damage":6,"enemies":"3 Darklings","floor":35,"turns":3},{"damage":15,"enemies":"3 Shapes","floor":36,"turns":8},{"damage":6,"enemies":"3 Darklings","floor":38,"turns":4},{"damage":6,"enemies":"Maw","floor":39,"turns":6},{"damage":28,"enemies":"Nemesis","floor":40,"turns":5},{"damage":8,"enemies":"Spire Growth","floor":42,"turns":4},{"damage":28,"enemies":"3 Darklings","floor":45,"turns":4},{"damage":34,"enemies":"Writhing Mass","floor":48,"turns":5},{"damage":47,"enemies":"Time Eater","floor":50,"turns":7},{"damage":42,"enemies":"Shield and Spear","floor":54,"turns":6},{"damage":89,"enemies":"The Heart","floor":55,"turns":8}],"seed_played":"6303289364523448043","potions_obtained":[{"floor":3,"key":"Poison Potion"},{"floor":5,"key":"Energy Potion"},{"floor":11,"key":"Strength Potion"},{"floor":14,"key":"Weak Potion"},{"floor":16,"key":"Dexterity Potion"},{"floor":23,"key":"Energy Potion"}],"is_trial":false,"path_per_floor":["M","M","M","M","M","R","E","R","T","?","E","$","R","E","R","B",null,"M","?","?","M","?","E","R","M","T","?","M","?","E","M","R","B",null,"M","M","T","M","M","E","R","M","T","$","M","$","R","M","R","B",null,"R","$","E","B",null],"character_chosen":"IRONCLAD","items_purchased":["Offering","Shrug It Off","Frozen Egg 2","Charon\u0027s Ashes","Intimidate"],"campfire_rested":3,"item_purchase_floors":[12,12,44,46,53],"current_hp_per_floor":[73,75,68,63,69,69,51,51,51,51,50,50,50,44,44,29,67,72,62,46,52,52,34,58,50,50,50,55,55,51,45,72,62,83,83,74,74,74,74,52,52,50,50,50,64,64,64,43,70,49,80,80,80,57,13],"gold":99,"neow_bonus":"ONE_RARE_RELIC","is_prod":false,"is_daily":false,"chose_seed":false,"campfire_upgraded":6,"win_rate":0,"timestamp":1548945421,"path_taken":["M","M","?","M","?","R","E","R","T","?","E","$","R","E","R","BOSS","M","?","?","M","?","E","R","M","T","?","?","?","E","M","R","BOSS","M","?","?","M","M","E","R","M","T","$","?","$","R","M","R","BOSS","R","$","E","BOSS"],"build_version":"2019-01-23","purchased_purges":2,"victory":true,"max_hp_per_floor":[80,80,80,80,80,80,80,80,80,80,80,80,80,80,80,80,80,80,80,80,80,80,80,80,80,80,80,80,80,90,90,90,90,90,90,90,90,90,90,90,90,90,90,90,90,90,90,90,90,90,90,90,90,90,90],"card_choices":[{"not_picked":["True Grit","Clash"],"picked":"Shockwave","floor":1},{"not_picked":["Pommel Strike","Hemokinesis"],"picked":"Uppercut","floor":1},{"not_picked":["True Grit","Clothesline"],"picked":"Shrug It Off","floor":2},{"not_picked":["Wild Strike","Fire Breathing","Blood for Blood"],"picked":"SKIP","floor":2},{"not_picked":["Juggernaut","Pommel Strike"],"picked":"Whirlwind","floor":3},{"not_picked":["Flex","Clothesline"],"picked":"Cleave","floor":3},{"not_picked":["Intimidate","Flex"],"picked":"Body Slam","floor":4},{"not_picked":["Shockwave","Blood for Blood","Headbutt"],"picked":"SKIP","floor":4},{"not_picked":["Second Wind","Wild Strike"],"picked":"Battle Trance","floor":5},{"not_picked":["Warcry","Clash","Cleave"],"picked":"SKIP","floor":5},{"not_picked":["Rampage","Wild Strike"],"picked":"Fiend Fire","floor":7},{"not_picked":["Twin Strike","Flex"],"picked":"True Grit","floor":11},{"not_picked":["Shockwave","Sentinel"],"picked":"Dark Embrace","floor":14},{"not_picked":["Brutality","Feed+1"],"picked":"Demon Form","floor":16},{"not_picked":["Second Wind","Body Slam+1"],"picked":"Corruption","floor":18},{"not_picked":["Rupture","Anger+1","Armaments"],"picked":"SKIP","floor":18},{"not_picked":["Anger+1","Havoc"],"picked":"Battle Trance+1","floor":19},{"not_picked":["Headbutt+1","Ghostly Armor"],"picked":"Sentinel","floor":21},{"not_picked":["Heavy Blade+1","Perfected Strike+1"],"picked":"Pommel Strike+1","floor":21},{"not_picked":["Blood for Blood+1","Twin Strike+1"],"picked":"Impervious","floor":23},{"not_picked":["Disarm","Wild Strike+1"],"picked":"Flame Barrier","floor":25},{"not_picked":["Armaments","Heavy Blade+1"],"picked":"True Grit","floor":25},{"not_picked":["Headbutt+1","Seeing Red"],"picked":"Sword Boomerang+1","floor":28},{"not_picked":["Havoc+1","Anger+1"],"picked":"Headbutt+1","floor":28},{"not_picked":["Clash+1","Double Tap","Headbutt+1"],"picked":"SKIP","floor":30},{"not_picked":["Fire Breathing","Infernal Blade+1"],"picked":"Pommel Strike+1","floor":31},{"not_picked":["Spot Weakness","Headbutt+1"],"picked":"Power Through","floor":31},{"not_picked":["Barricade","Dark Embrace"],"picked":"Offering","floor":33},{"not_picked":["Iron Wave+1","Wild Strike+1","Fire Breathing"],"picked":"SKIP","floor":35},{"not_picked":["Cleave+1","Wild Strike+1","Clash+1"],"picked":"SKIP","floor":35},{"not_picked":["Perfected Strike+1","True Grit"],"picked":"Body Slam+1","floor":36},{"not_picked":["Warcry","Flame Barrier+1"],"picked":"Pummel+1","floor":36},{"not_picked":["Warcry","Iron Wave+1"],"picked":"Disarm+1","floor":38},{"not_picked":["Pommel Strike+1","Thunderclap+1","Body Slam+1"],"picked":"SKIP","floor":38},{"not_picked":["Dual Wield","Warcry"],"picked":"Reaper+1","floor":39},{"not_picked":["Pommel Strike+1","Twin Strike+1","Second Wind"],"picked":"SKIP","floor":39},{"not_picked":["Dual Wield+1","Dark Embrace"],"picked":"Twin Strike+1","floor":40},{"not_picked":["Clothesline+1","Rage+1"],"picked":"Shrug It Off","floor":42},{"not_picked":["Cleave+1","Clothesline+1","Flex+1"],"picked":"SKIP","floor":42},{"not_picked":["Evolve+1","Fire Breathing+1"],"picked":"Limit Break","floor":45},{"not_picked":["Pommel Strike+1","Hemokinesis+1","Iron Wave+1"],"picked":"SKIP","floor":45},{"not_picked":["Flex+1","Searing Blow+1"],"picked":"Shockwave","floor":48},{"not_picked":["Warcry","Blood for Blood+1","Infernal Blade+1"],"picked":"SKIP","floor":48},{"not_picked":["Rupture+1","Wild Strike+1","Berserk+1"],"picked":"SKIP","floor":54}],"player_experience":292485,"relics_obtained":[{"floor":7,"key":"Kunai"},{"floor":9,"key":"Happy Flower"},{"floor":11,"key":"War Paint"},{"floor":14,"key":"Molten Egg 2"},{"floor":19,"key":"Red Mask"},{"floor":20,"key":"Necronomicon"},{"floor":23,"key":"Pantograph"},{"floor":26,"key":"Vajra"},{"floor":30,"key":"Pear"},{"floor":37,"key":"Pen Nib"},{"floor":40,"key":"Boot"},{"floor":54,"key":"Blood Vial"}],"event_choices":[{"damage_healed":0,"gold_gain":72,"player_choice":"Gained Gold","damage_taken":0,"max_hp_gain":0,"max_hp_loss":0,"event_name":"Golden Wing","floor":10,"gold_loss":0},{"damage_healed":0,"gold_gain":0,"player_choice":"Fought Bandits","damage_taken":0,"max_hp_gain":0,"max_hp_loss":0,"event_name":"Masked Bandits","floor":19,"gold_loss":0},{"damage_healed":0,"gold_gain":0,"player_choice":"Obtained Book","damage_taken":16,"max_hp_gain":0,"max_hp_loss":0,"event_name":"Cursed Tome","floor":20,"gold_loss":0},{"damage_healed":0,"gold_gain":99,"player_choice":"Stole From Cult","damage_taken":0,"max_hp_gain":0,"max_hp_loss":0,"event_name":"Nest","floor":22,"gold_loss":0},{"damage_healed":0,"gold_gain":0,"player_choice":"Ignored","damage_taken":0,"max_hp_gain":0,"max_hp_loss":0,"event_name":"Vampires","floor":27,"gold_loss":0},{"damage_healed":0,"gold_gain":0,"player_choice":"Trade","damage_taken":0,"relics_obtained":["SsserpentHead"],"max_hp_gain":0,"max_hp_loss":0,"event_name":"FaceTrader","floor":29,"gold_loss":0}],"is_beta":false,"boss_relics":[{"not_picked":["Philosopher\u0027s Stone","Snecko Eye"],"picked":"Mark of Pain"},{"not_picked":["Calling Bell","Black Blood"],"picked":"Cursed Key"}],"items_purged_floors":[44,46],"is_endless":false,"potions_floor_spawned":[3,5,11,14,16,21,23,25,33,36,38,42],"ascension_level":7}