{"gold_per_floor":[366,386,397,408,42,42,75,75,75,25,57,57,70,70,70,172,172,190,210,220,230,83,83,83,100,124,24,38,38,56,76,76,76],"floor_reached":33,"playtime":1919,"items_purged":["Strike_G","Underhanded Strike"],"score":313,"play_id":"30e88b12-e9d3-4a19-a1e0-1d3f823456eb","local_time":"20181128194614","is_ascension_mode":true,"campfire_choices":[{"data":"Neutralize","floor":6,"key":"SMITH"},{"data":"Malaise","floor":8,"key":"SMITH"},{"floor":12,"key":"REST"},{"data":"Leg Sweep","floor":15,"key":"SMITH"},{"data":"Infinite Blades","floor":23,"key":"SMITH"},{"data":"Noxious Fumes","floor":29,"key":"SMITH"},{"floor":32,"key":"REST"}],"neow_cost":"TEN_PERCENT_HP_LOSS","seed_source_timestamp":13606482600461,"circlet_count":0,"master_deck":["Survivor","Neutralize+1","Leg Sweep+1","Slice","Heel Hook","Backflip","Malaise+1","Backstab","PiercingWail","Dagger Throw","Corpse Explosion","Infinite Blades+1","Backstab","Dodge and Roll","Quick Slash","Bane","Blur","Finisher+1","Deadly Poison+1","PiercingWail","Burst","Noxious Fumes+1","Caltrops","Accuracy+1"],"relics":["Ring of the Snake","PreservedInsect","Mummified Hand","Anchor","Pandora\u0027s Box","FaceOfCleric","Vajra"],"potions_floor_usage":[16,16,33,33],"damage_taken":[{"damage":0,"enemies":"Cultist","floor":1,"turns":4},{"damage":0,"enemies":"Jaw Worm","floor":2,"turns":6},{"damage":0,"enemies":"2 Louse","floor":3,"turns":3},{"damage":9,"enemies":"Gremlin Gang","floor":4,"turns":8},{"damage":13,"enemies":"Lagavulin","floor":7,"turns":9},{"damage":14,"enemies":"3 Sentries","floor":11,"turns":10},{"damage":0,"enemies":"Red Slaver","floor":13,"turns":5},{"damage":43,"enemies":"The Guardian","floor":16,"turns":22},{"damage":0,"enemies":"Chosen","floor":18,"turns":4},{"damage":0,"enemies":"Shell Parasite","floor":19,"turns":6},{"damage":0,"enemies":"Centurion and Healer","floor":20,"turns":4},{"damage":16,"enemies":"Sentry and Sphere","floor":21,"turns":5},{"damage":15,"enemies":"Shelled Parasite and Fungi","floor":25,"turns":7},{"damage":4,"enemies":"3 Cultists","floor":28,"turns":4},{"damage":23,"enemies":"Snecko","floor":30,"turns":6},{"damage":4,"enemies":"Shelled Parasite and Fungi","floor":31,"turns":4},{"damage":40,"enemies":"Champ","floor":33,"turns":9}],"seed_played":"5329419794687455630","potions_obtained":[{"floor":2,"key":"SpeedPotion"},{"floor":7,"key":"Dexterity Potion"},{"floor":20,"key":"Ancient Potion"},{"floor":25,"key":"SpeedPotion"},{"floor":28,"key":"LiquidBronze"}],"is_trial":false,"path_per_floor":["M","M","M","M","$","R","E","R","T","?","E","R","M","?","R","B",null,"M","M","M","M","$","R","?","M","T","$","M","R","M","M","R","B"],"character_chosen":"THE_SILENT","items_purchased":["PreservedInsect","Malaise","Burst"],"campfire_rested":2,"item_purchase_floors":[5,5,22],"current_hp_per_floor":[63,63,63,54,54,54,41,41,41,41,27,45,45,45,45,2,63,63,63,63,47,47,47,47,33,33,33,30,30,8,5,25,0],"gold":76,"neow_bonus":"TWO_FIFTY_GOLD","is_prod":false,"is_daily":false,"chose_seed":false,"campfire_upgraded":5,"win_rate":0,"timestamp":1543441574,"path_taken":["M","M","M","?","$","R","E","R","T","?","E","R","M","?","R","BOSS","M","M","M","M","$","R","?","?","T","?","M","R","M","M","R","BOSS"],"build_version":"2018-11-15","purchased_purges":2,"victory":false,"max_hp_per_floor":[63,63,63,63,63,63,63,63,63,63,63,63,63,63,63,63,63,63,63,63,63,63,63,63,64,64,64,65,65,66,67,67,67],"card_choices":[{"not_picked":["Deflect","Cloak And Dagger"],"picked":"Leg Sweep","floor":1},{"not_picked":["Poisoned Stab","Calculated Gamble"],"picked":"Slice","floor":2},{"not_picked":["Poisoned Stab","Acrobatics"],"picked":"Heel Hook","floor":3},{"not_picked":["Crippling Poison","Eviscerate"],"picked":"Backflip","floor":4},{"not_picked":["Heel Hook","Blade Dance"],"picked":"Backstab","floor":7},{"not_picked":["Leg Sweep","Reflex"],"picked":"PiercingWail","floor":11},{"not_picked":["Skewer","Choke"],"picked":"Dagger Throw","floor":13},{"not_picked":["Venomology","Malaise"],"picked":"Corpse Explosion","floor":16},{"not_picked":["Dodge and Roll","Bouncing Flask+1"],"picked":"Finisher+1","floor":18},{"not_picked":["Leg Sweep","Deflect","Bouncing Flask+1"],"picked":"SKIP","floor":19},{"not_picked":["Quick Slash","Deflect"],"picked":"Deadly Poison+1","floor":20},{"not_picked":["Prepared","Deflect"],"picked":"PiercingWail","floor":21},{"not_picked":["Prepared","Sucker Punch"],"picked":"Noxious Fumes","floor":25},{"not_picked":["Bane+1","Outmaneuver"],"picked":"Caltrops","floor":28},{"not_picked":["Underhanded Strike","Envenom","Setup"],"picked":"SKIP","floor":30},{"not_picked":["Acrobatics","Sucker Punch"],"picked":"Accuracy+1","floor":31}],"player_experience":182619,"relics_obtained":[{"floor":7,"key":"Mummified Hand"},{"floor":11,"key":"Anchor"},{"floor":26,"key":"Vajra"}],"event_choices":[{"cards_removed":["Strike_G"],"damage_healed":0,"gold_gain":0,"player_choice":"Card Removal","damage_taken":0,"max_hp_gain":0,"max_hp_loss":0,"event_name":"The Cleric","floor":10,"gold_loss":50},{"cards_removed":["Defend_G"],"damage_healed":0,"gold_gain":0,"player_choice":"Forget","damage_taken":0,"max_hp_gain":0,"max_hp_loss":0,"event_name":"Living Wall","floor":14,"gold_loss":0},{"damage_healed":0,"gold_gain":0,"player_choice":"Trade","damage_taken":0,"relics_obtained":["FaceOfCleric"],"max_hp_gain":0,"max_hp_loss":0,"event_name":"FaceTrader","floor":24,"gold_loss":0}],"is_beta":false,"boss_relics":[{"not_picked":["White Beast Statue","Philosopher\u0027s Stone"],"picked":"Pandora\u0027s Box"}],"items_purged_floors":[5,27],"is_endless":false,"potions_floor_spawned":[2,7,20,25,28,31],"killed_by":"Champ","ascension_level":4}