{"gold_per_floor":[114,44,44,59,59,59,71,0,27,42,42,55,1,11,11,112,112,132,132,152,169,179,179,6,6,6,6,6,6,6,25,25,25],"floor_reached":33,"playtime":984,"items_purged":["Strike_G+1"],"score":262,"play_id":"c0c968c4-d915-4c22-adcd-ed7f242b8bc8","local_time":"20190202101550","is_ascension_mode":false,"campfire_choices":[{"data":"Dagger Spray","floor":6,"key":"SMITH"},{"data":"Cloak And Dagger","floor":11,"key":"SMITH"},{"data":"Caltrops","floor":15,"key":"SMITH"},{"data":"Neutralize","floor":23,"key":"SMITH"},{"data":"Cloak And Dagger","floor":25,"key":"SMITH"},{"data":"Finisher","floor":27,"key":"SMITH"},{"data":"Burst","floor":30,"key":"SMITH"},{"data":"Noxious Fumes","floor":32,"key":"SMITH"}],"neow_cost":"NONE","seed_source_timestamp":226182601283824,"circlet_count":0,"master_deck":["Defend_G+1","Defend_G+1","Defend_G+1","Defend_G+1","Defend_G+1","Strike_G+1","Strike_G+1","Strike_G+1","Strike_G+1","Survivor","Neutralize+1","Masterful Stab","Finisher+1","Dagger Spray+1","Slice","Caltrops+1","Cloak And Dagger+1","Leg Sweep","Cloak And Dagger+1","Backflip","Burst+1","Dagger Throw","Infinite Blades","Deflect+1","Poisoned Stab","Impatience","Ghostly","Ghostly","Ghostly","Ghostly","Ghostly","Noxious Fumes+1"],"relics":["Runic Dome"],"potions_floor_usage":[16,22,33],"damage_taken":[{"damage":0,"enemies":"Small Slimes","floor":1,"turns":4},{"damage":0,"enemies":"Cultist","floor":4,"turns":3},{"damage":11,"enemies":"Jaw Worm","floor":7,"turns":2},{"damage":0,"enemies":"Looter","floor":10,"turns":3},{"damage":0,"enemies":"2 Fungi Beasts","floor":12,"turns":2},{"damage":3,"enemies":"Large Slime","floor":14,"turns":4},{"damage":8,"enemies":"Hexaghost","floor":16,"turns":9},{"damage":14,"enemies":"Spheric Guardian","floor":18,"turns":4},{"damage":1,"enemies":"Shell Parasite","floor":20,"turns":5},{"damage":9,"enemies":"Centurion and Healer","floor":21,"turns":5},{"damage":6,"enemies":"Cultist and Chosen","floor":22,"turns":7},{"damage":1,"enemies":"Snecko","floor":31,"turns":6},{"damage":41,"enemies":"Champ","floor":33,"turns":11}],"seed_played":"-5099709449870949340","potions_obtained":[{"floor":7,"key":"FearPotion"},{"floor":12,"key":"Regen Potion"},{"floor":14,"key":"PowerPotion"},{"floor":20,"key":"AttackPotion"},{"floor":21,"key":"Strength Potion"}],"is_trial":false,"path_per_floor":["M","$","?","M","?","R","M","$","T","M","R","M","$","M","R","B",null,"M","?","M","M","M","R","$","R","T","R","?","?","R","M","R","B"],"character_chosen":"THE_SILENT","items_purchased":["Finisher","Caltrops","Cloak And Dagger","Impatience"],"campfire_rested":0,"item_purchase_floors":[2,8,13,24],"current_hp_per_floor":[70,70,70,70,70,70,59,59,59,59,59,59,59,56,56,48,70,56,56,55,46,40,40,40,40,40,40,35,35,35,34,34,0],"gold":25,"neow_bonus":"BOSS_RELIC","is_prod":false,"is_daily":false,"chose_seed":false,"campfire_upgraded":8,"win_rate":0,"timestamp":1549127750,"path_taken":["M","$","?","?","?","R","M","$","T","M","R","M","?","M","R","BOSS","M","?","M","M","M","R","$","R","T","R","?","?","R","M","R","BOSS"],"build_version":"2019-01-23","purchased_purges":1,"victory":false,"max_hp_per_floor":[70,70,70,70,70,70,70,70,70,70,70,70,70,70,70,70,70,70,70,70,70,70,70,70,70,70,70,35,35,35,35,35,35],"card_choices":[{"not_picked":["Dagger Throw","Underhanded Strike"],"picked":"Masterful Stab","floor":1},{"not_picked":["Dagger Throw","Finisher"],"picked":"Dagger Spray","floor":4},{"not_picked":["Catalyst","Sucker Punch"],"picked":"Slice","floor":7},{"not_picked":["Acrobatics","Finisher"],"picked":"Cloak And Dagger","floor":10},{"not_picked":["Acrobatics","Blade Dance"],"picked":"Leg Sweep","floor":12},{"not_picked":["Skewer","Choke"],"picked":"Backflip","floor":14},{"not_picked":["Storm of Steel","Corpse Explosion"],"picked":"Burst","floor":16},{"not_picked":["Acrobatics","Bane"],"picked":"Dagger Throw","floor":18},{"not_picked":["Eviscerate","Slice"],"picked":"Infinite Blades","floor":20},{"not_picked":["Dodge and Roll","Bane+1"],"picked":"Deflect+1","floor":21},{"not_picked":["Concentrate","Dagger Throw"],"picked":"Poisoned Stab","floor":22},{"not_picked":["Cloak And Dagger+1","PiercingWail"],"picked":"Noxious Fumes","floor":31}],"player_experience":1291694,"relics_obtained":[],"event_choices":[{"damage_healed":0,"gold_gain":0,"player_choice":"Ignored","damage_taken":0,"max_hp_gain":0,"max_hp_loss":0,"event_name":"WeMeetAgain","floor":3,"gold_loss":0},{"damage_healed":0,"gold_gain":0,"player_choice":"Ignored","damage_taken":0,"max_hp_gain":0,"max_hp_loss":0,"event_name":"Golden Idol","floor":5,"gold_loss":0},{"damage_healed":0,"gold_gain":0,"player_choice":"Simplicity","damage_taken":0,"max_hp_gain":0,"max_hp_loss":0,"event_name":"Back to Basics","floor":19,"gold_loss":0,"cards_upgraded":["Defend_G","Defend_G","Defend_G","Defend_G","Defend_G","Strike_G","Strike_G","Strike_G","Strike_G","Strike_G"]},{"damage_healed":0,"gold_gain":0,"player_choice":"Became a Ghost","damage_taken":0,"max_hp_gain":0,"max_hp_loss":35,"event_name":"Ghosts","floor":28,"gold_loss":0,"cards_obtained":["Ghostly","Ghostly","Ghostly","Ghostly","Ghostly"]}],"is_beta":true,"boss_relics":[{"not_picked":[]}],"items_purged_floors":[24],"is_endless":false,"potions_floor_spawned":[7,12,14,20,21],"killed_by":"Champ","ascension_level":0}