{"gold_per_floor":[119,119,135,148,166,166,194,119,166,197,208,208,26,43,43,43],"floor_reached":16,"playtime":1015,"items_purged":["Strike_G","Strike_G"],"score":118,"play_id":"5fe3d5ff-b9ce-4889-9b29-6d801bbf9c9a","local_time":"20190203140230","is_ascension_mode":true,"campfire_choices":[{"data":"Neutralize","floor":6,"key":"SMITH"},{"data":"Heel Hook","floor":12,"key":"SMITH"},{"data":"Noxious Fumes","floor":15,"key":"SMITH"}],"neow_cost":"NONE","seed_source_timestamp":326152849518974,"circlet_count":0,"master_deck":["Defend_G","Defend_G","Defend_G","Defend_G","Defend_G","Strike_G","Strike_G","Strike_G","Survivor","Neutralize+1","Reflex","Heel Hook+1","Noxious Fumes+1"],"relics":["Ring of the Snake","Ornamental Fan","Turnip","Ancient Tea Set","Gremlin Horn"],"potions_floor_usage":[0,5,7,7,10],"damage_taken":[{"damage":1,"enemies":"Cultist","floor":1,"turns":4},{"damage":0,"enemies":"2 Louse","floor":3,"turns":3},{"damage":0,"enemies":"Small Slimes","floor":4,"turns":5},{"damage":0,"enemies":"Looter","floor":5,"turns":3},{"damage":15,"enemies":"3 Sentries","floor":7,"turns":11},{"damage":29,"enemies":"Lagavulin","floor":10,"turns":12},{"damage":0,"enemies":"3 Louse","floor":11,"turns":3},{"damage":5,"enemies":"Large Slime","floor":14,"turns":7},{"damage":2,"enemies":"Hexaghost","floor":16,"turns":7}],"seed_played":"-3910210525564272614","potions_obtained":[{"floor":0,"key":"LiquidBronze"},{"floor":0,"key":"Fruit Juice"},{"floor":0,"key":"GhostInAJar"},{"floor":1,"key":"Weak Potion"},{"floor":5,"key":"Block Potion"},{"floor":10,"key":"GhostInAJar"},{"floor":11,"key":"SteroidPotion"}],"is_trial":false,"path_per_floor":["M","T","M","M","M","R","E","$","T","E","M","R","$","M","R","B"],"character_chosen":"THE_SILENT","items_purchased":["Noxious Fumes"],"campfire_rested":0,"item_purchase_floors":[13],"current_hp_per_floor":[74,74,74,74,74,74,59,59,59,30,30,30,30,25,25,23],"gold":43,"neow_bonus":"THREE_SMALL_POTIONS","is_prod":false,"is_daily":false,"chose_seed":false,"campfire_upgraded":3,"win_rate":0,"timestamp":1549227750,"path_taken":["M","?","M","M","M","R","E","$","T","E","M","R","$","M","R","BOSS"],"build_version":"2019-01-23","purchased_purges":2,"victory":false,"max_hp_per_floor":[75,75,75,75,75,75,75,75,75,75,75,75,75,75,75,75],"card_choices":[{"not_picked":["Flying Knee","Deflect","Backflip"],"picked":"SKIP","floor":1},{"not_picked":["Outmaneuver","Leg Sweep","Dash"],"picked":"SKIP","floor":3},{"not_picked":["Dagger Throw","Predator","Deadly Poison"],"picked":"SKIP","floor":4},{"not_picked":["Backflip","Masterful Stab"],"picked":"Reflex","floor":5},{"not_picked":["Dagger Spray","Phantasmal Killer"],"picked":"Heel Hook","floor":7},{"not_picked":["Backstab","Corpse Explosion","Underhanded Strike"],"picked":"SKIP","floor":10},{"not_picked":["Blade Dance","Sucker Punch","Bane"],"picked":"SKIP","floor":11},{"not_picked":["Setup","Backstab","Outmaneuver"],"picked":"SKIP","floor":14}],"player_experience":1299114,"relics_obtained":[{"floor":2,"key":"Ornamental Fan"},{"floor":7,"key":"Turnip"},{"floor":9,"key":"Ancient Tea Set"},{"floor":10,"key":"Gremlin Horn"}],"event_choices":[],"is_beta":true,"boss_relics":[],"items_purged_floors":[8,13],"is_endless":false,"potions_floor_spawned":[1,5,10,11],"killed_by":"Hexaghost","ascension_level":1}