{"gold_per_floor":[318,318,334,351,119,119,148,165,218,252,264,280,305,317,317,420,420,440,440,365,384,128,157,157,175,228,244,244,119,148,160,160,256,256,272,319,331,348,348,348,383,50,50,50,50,66,66,85,85,85,85,85,31,64,64],"floor_reached":55,"playtime":3683,"items_purged":["Strike_B","Writhe","Strike_B"],"score":1036,"play_id":"88bfb98f-388f-4691-8bc3-d5df3e3ec43b","local_time":"20181221175315","is_ascension_mode":true,"campfire_choices":[{"data":"Zap","floor":6,"key":"SMITH"},{"data":"Dualcast","floor":15,"key":"SMITH"},{"data":"Defragment","floor":24,"key":"SMITH"},{"floor":32,"key":"REST"},{"floor":40,"key":"REST"},{"floor":47,"key":"REST"},{"floor":49,"key":"RECALL"},{"data":"Defragment","floor":52,"key":"SMITH"}],"neow_cost":"NO_GOLD","seed_source_timestamp":1357910909303001,"circlet_count":0,"master_deck":["Strike_B","Strike_B","Defend_B","Defend_B","Defend_B","Defend_B","Zap+1","Dualcast+1","Compile Driver","Leap","Capacitor","Ball Lightning","Hologram","Barrage","Genetic Algorithm","Glacier","BootSequence","Machine Learning","Sunder","Sweeping Beam","Electrodynamics","Defragment+1","All For One","Doom and Gloom","Leap+1","Defragment+1","Stack+1","Sunder","Biased Cognition","Redo+1","Sunder+1","Hologram+1","Barrage+1","Madness","Panacea","Aggregate+1","Capacitor","Stack","Turbo","Cold Snap+1","Sunder+1","Barrage","Cold Snap+1"],"relics":["Cracked Core","Old Coin","Shuriken","DataDisk","PreservedInsect","Dream Catcher","Snecko Eye","Omamori","Calipers","Ancient Tea Set","Boot","Sozu","Thread and Needle","Vajra","Pantograph","Letter Opener"],"potions_floor_usage":[7,50,55,55],"damage_taken":[{"damage":2,"enemies":"Jaw Worm","floor":1,"turns":4},{"damage":0,"enemies":"Cultist","floor":3,"turns":3},{"damage":0,"enemies":"Small Slimes","floor":4,"turns":3},{"damage":11,"enemies":"3 Sentries","floor":7,"turns":6},{"damage":0,"enemies":"3 Louse","floor":8,"turns":3},{"damage":4,"enemies":"Lagavulin","floor":10,"turns":7},{"damage":1,"enemies":"2 Fungi Beasts","floor":11,"turns":3},{"damage":0,"enemies":"Looter","floor":12,"turns":3},{"damage":4,"enemies":"3 Sentries","floor":13,"turns":6},{"damage":2,"enemies":"Exordium Wildlife","floor":14,"turns":4},{"damage":17,"enemies":"Slime Boss","floor":16,"turns":8},{"damage":0,"enemies":"Spheric Guardian","floor":18,"turns":3},{"damage":6,"enemies":"3 Byrds","floor":21,"turns":4},{"damage":5,"enemies":"Gremlin Leader","floor":23,"turns":4},{"damage":19,"enemies":"Snake Plant","floor":25,"turns":3},{"damage":0,"enemies":"Chosen and Byrds","floor":27,"turns":3},{"damage":5,"enemies":"Book of Stabbing","floor":30,"turns":3},{"damage":0,"enemies":"Centurion and Healer","floor":31,"turns":3},{"damage":20,"enemies":"Champ","floor":33,"turns":9},{"damage":0,"enemies":"3 Shapes","floor":35,"turns":4},{"damage":1,"enemies":"2 Orb Walkers","floor":36,"turns":2},{"damage":26,"enemies":"3 Darklings","floor":37,"turns":5},{"damage":0,"enemies":"Sphere and 2 Shapes","floor":38,"turns":3},{"damage":25,"enemies":"Nemesis","floor":41,"turns":5},{"damage":13,"enemies":"Writhing Mass","floor":46,"turns":4},{"damage":8,"enemies":"Maw","floor":48,"turns":6},{"damage":44,"enemies":"Donu and Deca","floor":50,"turns":9},{"damage":51,"enemies":"Shield and Spear","floor":54,"turns":6},{"damage":68,"enemies":"The Heart","floor":55,"turns":2}],"seed_played":"8807329892763533854","potions_obtained":[{"floor":1,"key":"AttackPotion"},{"floor":2,"key":"PowerPotion"},{"floor":2,"key":"FairyPotion"},{"floor":10,"key":"LiquidBronze"},{"floor":11,"key":"FearPotion"}],"is_trial":false,"path_per_floor":["M","?","M","M","$","R","E","M","T","E","M","M","E","M","R","B",null,"M","?","$","M","$","E","R","M","T","M","?","$","E","M","R","B",null,"M","?","M","M","?","R","E","$","T","$","?","M","R","M","R","B",null,"R","$","E","B"],"character_chosen":"DEFECT","items_purchased":["Capacitor","Ball Lightning","Hologram","Defragment","All For One","Pantograph","Stack","Turbo","Barrage"],"campfire_rested":3,"item_purchase_floors":[5,5,5,20,22,42,42,42,53],"current_hp_per_floor":[66,66,66,66,66,66,55,55,55,51,50,50,46,44,44,27,63,63,63,63,57,57,52,52,33,33,33,33,33,28,28,50,30,64,64,63,37,37,32,54,29,29,29,29,29,16,38,30,30,11,59,59,59,8,0],"gold":64,"neow_bonus":"ONE_RARE_RELIC","is_prod":false,"is_daily":false,"chose_seed":false,"campfire_upgraded":4,"win_rate":0,"timestamp":1545421995,"path_taken":["M","?","M","M","$","R","E","M","T","E","?","M","E","M","R","BOSS","M","?","$","M","$","E","R","M","T","M","?","$","E","M","R","BOSS","M","?","M","M","?","R","E","$","T","?","?","M","R","?","R","BOSS","R","$","E","BOSS"],"build_version":"2018-12-20","purchased_purges":3,"victory":false,"max_hp_per_floor":[75,75,75,75,75,75,75,75,75,75,75,75,75,75,75,75,75,75,75,75,75,75,75,75,75,75,75,75,75,75,75,75,75,75,75,75,75,75,75,75,75,75,75,75,75,75,75,75,75,75,75,75,75,75,75],"card_choices":[{"not_picked":["Fusion","Steam"],"picked":"Compile Driver","floor":1},{"not_picked":["Steam","Chill"],"picked":"Leap","floor":3},{"not_picked":["BootSequence","Aggregate"],"picked":"Cold Snap","floor":4},{"not_picked":["Coolheaded","Leap"],"picked":"Barrage","floor":7},{"not_picked":["Go for the Eyes","Undo"],"picked":"Genetic Algorithm","floor":8},{"not_picked":["Tempest","Chaos"],"picked":"Glacier","floor":10},{"not_picked":["Self Repair","Barrage"],"picked":"BootSequence","floor":11},{"not_picked":["Recycle","Ball Lightning"],"picked":"Machine Learning","floor":12},{"not_picked":["Streamline","Tempest"],"picked":"Sunder","floor":13},{"not_picked":["Turbo","Storm"],"picked":"Sweeping Beam","floor":14},{"not_picked":["Reboot","Biased Cognition"],"picked":"Electrodynamics","floor":16},{"not_picked":["Gash","Rip and Tear","Beam Cell"],"picked":"SKIP","floor":18},{"not_picked":["Redo","Chill","Hologram"],"picked":"SKIP","floor":21},{"not_picked":["Go for the Eyes+1","Sweeping Beam"],"picked":"Doom and Gloom","floor":23},{"not_picked":["Chaos","Steam"],"picked":"Leap+1","floor":25},{"not_picked":["Steam","Coolheaded"],"picked":"Defragment","floor":27},{"not_picked":["Hyperbeam","Compile Driver"],"picked":"Stack+1","floor":30},{"not_picked":["Glacier","Barrage+1"],"picked":"Sunder","floor":31},{"not_picked":["Core Surge","Amplify"],"picked":"Biased Cognition","floor":33},{"not_picked":["Stack+1","Storm"],"picked":"Redo+1","floor":35},{"not_picked":["Go for the Eyes","Conserve Battery+1"],"picked":"Sunder+1","floor":36},{"not_picked":["Redo","Sweeping Beam+1"],"picked":"Hologram+1","floor":37},{"not_picked":["Heatsinks","Coolheaded"],"picked":"Barrage+1","floor":38},{"not_picked":["Blind","Apotheosis"],"picked":"Madness","floor":39},{"not_picked":["Swift Strike","Finesse"],"picked":"Panacea","floor":39},{"not_picked":["Redo+1","Recycle"],"picked":"Aggregate+1","floor":40},{"not_picked":["Recycle","Sweeping Beam"],"picked":"Capacitor","floor":41},{"not_picked":["Auto Shields+1","Storm+1"],"picked":"Cold Snap+1","floor":46},{"not_picked":["Consume","Coolheaded"],"picked":"Sunder+1","floor":48},{"not_picked":["Melter+1","Turbo+1"],"picked":"Cold Snap+1","floor":54}],"player_experience":266388,"relics_obtained":[{"floor":7,"key":"Shuriken"},{"floor":9,"key":"DataDisk"},{"floor":10,"key":"PreservedInsect"},{"floor":13,"key":"Dream Catcher"},{"floor":23,"key":"Calipers"},{"floor":26,"key":"Ancient Tea Set"},{"floor":30,"key":"Boot"},{"floor":36,"key":"Thread and Needle"},{"floor":41,"key":"Vajra"},{"floor":54,"key":"Letter Opener"}],"event_choices":[{"damage_healed":0,"gold_gain":0,"player_choice":"Got Potions","damage_taken":0,"max_hp_gain":0,"max_hp_loss":0,"event_name":"Lab","floor":2,"gold_loss":0},{"damage_healed":0,"gold_gain":0,"player_choice":"Opened","damage_taken":0,"relics_obtained":["Omamori"],"max_hp_gain":0,"max_hp_loss":0,"event_name":"The Mausoleum","floor":19,"gold_loss":0,"cards_obtained":["Writhe"]},{"damage_healed":0,"gold_gain":0,"player_choice":"Ignored","damage_taken":0,"max_hp_gain":0,"max_hp_loss":0,"event_name":"Vampires","floor":28,"gold_loss":0},{"damage_healed":0,"gold_gain":0,"player_choice":"Fight","damage_taken":0,"max_hp_gain":0,"max_hp_loss":0,"event_name":"Mysterious Sphere","floor":36,"gold_loss":0},{"damage_healed":0,"gold_gain":0,"player_choice":"Memory 2","damage_taken":5,"max_hp_gain":0,"max_hp_loss":0,"event_name":"SensoryStone","floor":39,"gold_loss":0},{"cards_removed":["Cold Snap"],"damage_healed":0,"gold_gain":0,"player_choice":"Removed Attack","damage_taken":0,"max_hp_gain":0,"max_hp_loss":0,"event_name":"Falling","floor":45,"gold_loss":0}],"is_beta":false,"boss_relics":[{"not_picked":["Orrery","Busted Crown"],"picked":"Snecko Eye"},{"not_picked":["Coffee Dripper","Fusion Hammer"],"picked":"Sozu"}],"items_purged_floors":[5,22,29],"is_endless":false,"potions_floor_spawned":[1,3,10,11,23,25,27,30,31,36,37,38,48],"killed_by":"The Heart","ascension_level":6}