{"gold_per_floor":[111,128,128,142,152,152,152,152,152,168,9,43,43,53,53,127,127,142,156,100,100,9,9,40,60,107,123,135,135,135],"floor_reached":30,"playtime":1407,"items_purged":["Strike_G"],"score":466,"play_id":"8d69e1d8-b063-4bf3-af30-616b4f629224","local_time":"20180830170048","is_ascension_mode":true,"campfire_choices":[{"data":"Neutralize","floor":6,"key":"SMITH"},{"data":"Footwork","floor":8,"key":"SMITH"},{"data":"Predator","floor":13,"key":"SMITH"},{"data":"Poisoned Stab","floor":15,"key":"SMITH"},{"data":"Bouncing Flask","floor":23,"key":"SMITH"},{"floor":29,"key":"REST"}],"neow_cost":"NONE","seed_source_timestamp":1358989043300053,"circlet_count":0,"master_deck":["Defend_G","Defend_G","Defend_G","Defend_G","Defend_G","Strike_G","Strike_G","Strike_G","Strike_G","Survivor","Neutralize+1","AscendersBane","Dagger Spray","Slice","Well Laid Plans","Footwork+1","Predator+1","Leg Sweep","Poisoned Stab+1","After Image","Deflect+1","Deadly Poison","Bouncing Flask+1","Cloak And Dagger","Dodge and Roll","Poisoned Stab"],"relics":["Ring of the Snake","Dodecahedron","Dream Catcher","Boot","Busted Crown","Darkstone Periapt","Centennial Puzzle"],"potions_floor_usage":[5,12,16,24,24,28],"damage_taken":[{"damage":6,"enemies":"Small Slimes","floor":1,"turns":5},{"damage":4,"enemies":"Cultist","floor":2,"turns":5},{"damage":0,"enemies":"2 Louse","floor":4,"turns":2},{"damage":0,"enemies":"Large Slime","floor":5,"turns":4},{"damage":0,"enemies":"Blue Slaver","floor":10,"turns":5},{"damage":6,"enemies":"3 Sentries","floor":12,"turns":8},{"damage":0,"enemies":"3 Louse","floor":14,"turns":3},{"damage":4,"enemies":"Hexaghost","floor":16,"turns":13},{"damage":0,"enemies":"Shell Parasite","floor":18,"turns":6},{"damage":1,"enemies":"3 Byrds","floor":19,"turns":4},{"damage":9,"enemies":"Book of Stabbing","floor":24,"turns":6},{"damage":44,"enemies":"3 Cultists","floor":25,"turns":6},{"damage":0,"enemies":"Centurion and Healer","floor":27,"turns":9},{"damage":10,"enemies":"Shelled Parasite and Fungi","floor":28,"turns":5},{"damage":16,"enemies":"Slavers","floor":30,"turns":4}],"seed_played":"-8861159906591228100","potions_obtained":[{"floor":2,"key":"SmokeBomb"},{"floor":3,"key":"Regen Potion"},{"floor":3,"key":"Fire Potion"},{"floor":4,"key":"Strength Potion"},{"floor":5,"key":"SneckoOil"},{"floor":12,"key":"GhostInAJar"},{"floor":18,"key":"EssenceOfSteel"},{"floor":27,"key":"Fire Potion"}],"is_trial":false,"path_per_floor":["M","M","?","M","M","R","?","R","T","M","$","E","R","M","R","B",null,"M","M","$","?","$","R","E","M","T","M","M","R"],"character_chosen":"THE_SILENT","items_purchased":["GhostInAJar","Deadly Poison","Bouncing Flask"],"campfire_rested":1,"item_purchase_floors":[11,20,22],"current_hp_per_floor":[59,55,55,55,55,55,55,55,55,55,55,49,49,49,49,45,65,65,64,64,64,64,64,55,11,11,11,1,22,6],"gold":135,"neow_bonus":"TEN_PERCENT_HP_BONUS","is_prod":false,"is_daily":false,"chose_seed":false,"campfire_upgraded":5,"win_rate":0,"timestamp":1535670048,"path_taken":["M","M","?","M","M","R","?","R","T","M","?","E","R","M","R","BOSS","M","M","$","?","?","R","E","M","T","M","M","R","E"],"build_version":"2018-08-29","purchased_purges":1,"victory":false,"max_hp_per_floor":[72,72,72,72,72,72,72,72,72,72,72,72,72,72,72,72,72,72,72,72,72,72,72,72,72,72,72,72,72,72],"card_choices":[{"not_picked":["Backflip","Outmaneuver"],"picked":"Dagger Spray","floor":1},{"not_picked":["Backflip","Riddle With Holes"],"picked":"Slice","floor":2},{"not_picked":["Outmaneuver","Poisoned Stab"],"picked":"Well Laid Plans","floor":4},{"not_picked":["Slice","Sucker Punch"],"picked":"Footwork","floor":5},{"not_picked":["Bullet Time","Riddle With Holes"],"picked":"Predator","floor":10},{"not_picked":["Backflip","Choke"],"picked":"Leg Sweep","floor":12},{"not_picked":["Reflex","PiercingWail"],"picked":"Poisoned Stab","floor":14},{"not_picked":["Unload","Die Die Die"],"picked":"After Image","floor":16},{"not_picked":["Deflect"],"picked":"SKIP","floor":18},{"not_picked":[],"picked":"Deflect+1","floor":19},{"not_picked":[],"picked":"Cloak And Dagger","floor":24},{"not_picked":[],"picked":"Dodge and Roll","floor":25},{"not_picked":["Prepared"],"picked":"SKIP","floor":27},{"not_picked":[],"picked":"Poisoned Stab","floor":28}],"player_experience":1006167,"relics_obtained":[{"floor":9,"key":"Dream Catcher"},{"floor":12,"key":"Boot"},{"floor":24,"key":"Darkstone Periapt"},{"floor":26,"key":"Centennial Puzzle"}],"event_choices":[{"event_name":"The Lab","player_choice":"Got Potions","floor":3,"damage_taken":0},{"event_name":"Dead Adventurer","player_choice":"Searched \u00271\u0027 times","floor":7,"damage_taken":0},{"event_name":"The Mausoleum","player_choice":"No","floor":21,"damage_taken":0}],"is_beta":true,"boss_relics":[{"not_picked":["Fusion Hammer","Orrery"],"picked":"Busted Crown"}],"items_purged_floors":[11],"is_endless":false,"potions_floor_spawned":[2,4,5,12,18,19,27],"killed_by":"Slavers","ascension_level":17}