{"gold_per_floor":[117,117,129,129,5,5,37,51,75,105,105,30,64,84,84,159,159,177,177],"floor_reached":19,"playtime":995,"items_purged":[],"score":527,"play_id":"c4bb7d9c-ef2b-446a-a0df-4f5d253d9f86","local_time":"20181201164514","is_ascension_mode":true,"campfire_choices":[{"data":"Neutralize","floor":6,"key":"SMITH"},{"data":"Footwork","floor":11,"key":"SMITH"},{"data":"Bouncing Flask","floor":15,"key":"SMITH"}],"neow_cost":"NONE","seed_source_timestamp":1549147683092123,"circlet_count":0,"master_deck":["AscendersBane","Defend_G","Defend_G","Defend_G","Defend_G","Defend_G","Strike_G","Strike_G","Strike_G","Strike_G","Strike_G","Survivor","Neutralize+1","Bouncing Flask+1","Cloak And Dagger","Footwork+1","Blur","Blur","Leg Sweep","Blur","Infinite Blades","Backstab","Bullet Time","Noxious Fumes"],"relics":["Ring of the Snake","NeowsBlessing","FossilizedHelix","Darkstone Periapt","Lantern","Regal Pillow","Vajra","Black Star"],"potions_floor_usage":[10,16,19],"damage_taken":[{"damage":0,"enemies":"Cultist","floor":1,"turns":1},{"damage":0,"enemies":"Jaw Worm","floor":3,"turns":1},{"damage":0,"enemies":"Gremlin Nob","floor":7,"turns":1},{"damage":0,"enemies":"2 Louse","floor":8,"turns":3},{"damage":3,"enemies":"3 Sentries","floor":10,"turns":17},{"damage":0,"enemies":"Lagavulin","floor":13,"turns":13},{"damage":32,"enemies":"2 Fungi Beasts","floor":14,"turns":6},{"damage":0,"enemies":"Hexaghost","floor":16,"turns":11},{"damage":30,"enemies":"3 Byrds","floor":18,"turns":11},{"damage":38,"enemies":"Masked Bandits","floor":19,"turns":4}],"seed_played":"-7888459995364216702","potions_obtained":[{"floor":1,"key":"LiquidBronze"},{"floor":7,"key":"FearPotion"},{"floor":8,"key":"Fire Potion"},{"floor":14,"key":"Dexterity Potion"}],"is_trial":false,"path_per_floor":["M","?","M","T","$","R","E","M","T","E","R","$","E","M","R","B",null,"M","?"],"character_chosen":"THE_SILENT","items_purchased":["Footwork","Blur","Blur"],"campfire_rested":0,"item_purchase_floors":[5,5,12],"current_hp_per_floor":[59,64,64,64,64,64,64,64,64,61,61,61,61,29,29,29,61,31,0],"gold":177,"neow_bonus":"THREE_ENEMY_KILL","is_prod":false,"is_daily":false,"chose_seed":false,"campfire_upgraded":3,"win_rate":0,"timestamp":1543707914,"path_taken":["M","?","M","?","?","R","E","M","T","E","R","$","E","M","R","BOSS","M","?"],"build_version":"2018-11-15","purchased_purges":0,"victory":false,"max_hp_per_floor":[66,71,71,71,71,71,71,71,71,71,71,71,71,71,71,71,71,71,71],"card_choices":[{"not_picked":["Flying Knee","Deadly Poison"],"picked":"Bouncing Flask","floor":1},{"not_picked":["Backflip","PiercingWail"],"picked":"Cloak And Dagger","floor":3},{"not_picked":["Skewer","Outmaneuver"],"picked":"Blur","floor":7},{"not_picked":["Acrobatics","Masterful Stab","Calculated Gamble"],"picked":"SKIP","floor":8},{"not_picked":["Venomology","Dodge and Roll"],"picked":"Leg Sweep","floor":10},{"not_picked":["Tactician","Backstab"],"picked":"Infinite Blades","floor":13},{"not_picked":["Underhanded Strike","Escape Plan"],"picked":"Backstab","floor":14},{"not_picked":["Wraith Form v2","Phantasmal Killer"],"picked":"Bullet Time","floor":16},{"not_picked":["Deflect","Acrobatics"],"picked":"Noxious Fumes","floor":18}],"player_experience":1145617,"relics_obtained":[{"floor":4,"key":"FossilizedHelix"},{"floor":7,"key":"Darkstone Periapt"},{"floor":9,"key":"Lantern"},{"floor":10,"key":"Regal Pillow"},{"floor":13,"key":"Vajra"}],"event_choices":[{"damage_healed":0,"gold_gain":0,"player_choice":"Donut","damage_taken":0,"max_hp_gain":5,"max_hp_loss":0,"event_name":"Big Fish","floor":2,"gold_loss":0},{"damage_healed":0,"gold_gain":0,"player_choice":"Fought Bandits","damage_taken":0,"max_hp_gain":0,"max_hp_loss":0,"event_name":"Masked Bandits","floor":19,"gold_loss":0}],"is_beta":true,"boss_relics":[{"not_picked":["HoveringKite","White Beast Statue"],"picked":"Black Star"}],"items_purged_floors":[],"is_endless":false,"potions_floor_spawned":[1,7,8,14],"killed_by":"Masked Bandits","ascension_level":17}