{"gold_per_floor":[144,189,189,39,39,39,129,174,249,294,369,44,44,89,89,389,389,434,479,108,108,153,115,115,205,205,280,370,370,415,460,460,460],"floor_reached":33,"playtime":1237,"items_purged":["Defend_G","Bash"],"score":310,"play_id":"50b5fb2a-6b30-40ad-8b37-f1c479134d7c","local_time":"20190217211352","daily_mods":["Chimera","Time Dilation","Midas"],"is_ascension_mode":false,"campfire_choices":[{"floor":6.0,"key":"REST"},{"floor":13.0,"key":"REST"},{"floor":15.0,"key":"REST"},{"floor":24.0,"key":"REST"},{"floor":32,"key":"REST"}],"neow_cost":"","seed_source_timestamp":321761989928549,"circlet_count":0,"master_deck":["Survivor","Strike_R","Defend_R","Defend_B","Ball Lightning+1","Lockon+1","Storm","Ball Lightning","Glacier","Storm","Self Repair","Creative AI","Loop","Hello World","Streamline","Core Surge","Heatsinks","Hello World+1","Reinforced Body+1","Turbo+1"],"special_seed":17944,"relics":["Cracked Core","Bag of Preparation","Mercury Hourglass","Cables","Runic Dome","Lee\u0027s Waffle","Molten Egg 2","Emotion Chip","Toxic Egg 2","Letter Opener"],"potions_floor_usage":[29,29,29,31],"damage_taken":[{"damage":11.0,"enemies":"Jaw Worm","floor":1.0,"turns":3.0},{"damage":0.0,"enemies":"Small Slimes","floor":2.0,"turns":3.0},{"damage":31.0,"enemies":"3 Sentries","floor":7.0,"turns":7.0},{"damage":0.0,"enemies":"2 Louse","floor":8.0,"turns":2.0},{"damage":0.0,"enemies":"Exordium Wildlife","floor":10.0,"turns":2.0},{"damage":12.0,"enemies":"3 Louse","floor":14.0,"turns":2.0},{"damage":28.0,"enemies":"Hexaghost","floor":16.0,"turns":5.0},{"damage":4.0,"enemies":"3 Byrds","floor":18.0,"turns":3.0},{"damage":25.0,"enemies":"2 Thieves","floor":19.0,"turns":3.0},{"damage":31.0,"enemies":"Centurion and Healer","floor":22.0,"turns":5.0},{"damage":23.0,"enemies":"Book of Stabbing","floor":25.0,"turns":4.0},{"damage":42,"enemies":"Slavers","floor":28,"turns":4},{"damage":18,"enemies":"Colosseum Slavers","floor":29,"turns":3},{"damage":2,"enemies":"3 Cultists","floor":30,"turns":4},{"damage":0,"enemies":"Snecko","floor":31,"turns":3},{"damage":55,"enemies":"Automaton","floor":33,"turns":6}],"seed_played":"3988833726402513641","potions_obtained":[{"floor":2.0,"key":"LiquidBronze"},{"floor":8.0,"key":"Fire Potion"},{"floor":10.0,"key":"PowerPotion"},{"floor":16.0,"key":"Regen Potion"},{"floor":19.0,"key":"Strength Potion"},{"floor":28,"key":"LiquidBronze"},{"floor":30,"key":"Block Potion"}],"is_trial":false,"path_per_floor":["M","M","?","$","?","R","E","M","T","M","?","$","R","M","R","B",null,"M","M","$","?","M","$","R","E","T","T","E","?","M","M","R","B"],"character_chosen":"DEFECT","items_purchased":["Storm","Storm","Cables","Hello World","Lee\u0027s Waffle","Heatsinks"],"campfire_rested":5,"item_purchase_floors":[4,12,12,20,20,23],"current_hp_per_floor":[64,64,49,49,42,64,33,33,33,33,22,22,44,32,54,33,75,75,57,82,82,51,51,75,52,52,52,17,8,13,20,44,0],"gold":460,"neow_bonus":"","is_prod":false,"is_daily":true,"chose_seed":false,"campfire_upgraded":0,"win_rate":0,"timestamp":1550434432,"path_taken":["M","M","?","$","?","R","E","M","T","?","?","$","R","M","R","BOSS","M","M","$","?","M","$","R","E","T","?","E","?","M","M","R","BOSS"],"build_version":"2019-01-23","purchased_purges":2,"victory":false,"max_hp_per_floor":[75,75,75,75,75,75,75,75,75,75,75,75,75,75,75,75,75,75,75,82,82,82,82,82,82,82,82,82,82,82,82,82,82],"card_choices":[{"not_picked":["Rebound","Hologram"],"picked":"Ball Lightning","floor":1.0},{"not_picked":["Redo","Chill"],"picked":"Lockon","floor":2.0},{"not_picked":["Hello World","Chill","Gash"],"picked":"SKIP","floor":7.0},{"not_picked":["Streamline","Recycle"],"picked":"Ball Lightning","floor":8.0},{"not_picked":["Chaos","Gash"],"picked":"Glacier","floor":10.0},{"not_picked":["Tempest","Skim"],"picked":"Self Repair","floor":14.0},{"not_picked":["Multi-Cast","Amplify"],"picked":"Creative AI","floor":16.0},{"not_picked":["Tempest+1","Redo","Rebound"],"picked":"SKIP","floor":18.0},{"not_picked":["Leap","Compile Driver"],"picked":"Loop","floor":19.0},{"not_picked":["Chill+1","Ball Lightning+1","Consume"],"picked":"SKIP","floor":22.0},{"not_picked":["Genetic Algorithm","Rebound","Fusion"],"picked":"SKIP","floor":25.0},{"not_picked":["Gash+1","Redo+1"],"picked":"Hello World+1","floor":28},{"not_picked":["Conserve Battery+1","Ball Lightning+1"],"picked":"Reinforced Body+1","floor":30},{"not_picked":["Ball Lightning+1","Coolheaded+1"],"picked":"Turbo+1","floor":31}],"player_experience":205108,"relics_obtained":[{"floor":7.0,"key":"Bag of Preparation"},{"floor":9.0,"key":"Mercury Hourglass"},{"floor":25.0,"key":"Molten Egg 2"},{"floor":26.0,"key":"Emotion Chip"},{"floor":27.0,"key":"Toxic Egg 2"},{"floor":28,"key":"Letter Opener"}],"event_choices":[{"damage_healed":0.0,"max_hp_gain":0.0,"max_hp_loss":0.0,"gold_gain":0.0,"event_name":"Shining Light","player_choice":"Entered Light","floor":3.0,"gold_loss":0.0,"damage_taken":15.0,"cards_upgraded":["Lockon","Ball Lightning"]},{"cards_removed":["Zap"],"damage_healed":0.0,"max_hp_gain":0.0,"max_hp_loss":0.0,"gold_gain":0.0,"event_name":"Golden Wing","player_choice":"Card Removal","floor":5.0,"gold_loss":0.0,"damage_taken":7.0},{"damage_healed":0.0,"max_hp_gain":0.0,"max_hp_loss":0.0,"gold_gain":75.0,"event_name":"World of Goop","player_choice":"Gather Gold","floor":11.0,"gold_loss":0.0,"damage_taken":11.0},{"damage_healed":0.0,"max_hp_gain":0.0,"max_hp_loss":0.0,"gold_gain":0.0,"cards_transformed":["Strike_G","Strike_B"],"event_name":"Drug Dealer","player_choice":"Became Test Subject","floor":21.0,"gold_loss":0.0,"damage_taken":0.0,"cards_obtained":["Streamline","Core Surge"]},{"damage_healed":0,"gold_gain":0,"player_choice":"Fight","damage_taken":0,"max_hp_gain":0,"max_hp_loss":0,"event_name":"Colosseum","floor":29,"gold_loss":0},{"damage_healed":0,"gold_gain":0,"player_choice":"Fled From Nobs","damage_taken":0,"max_hp_gain":0,"max_hp_loss":0,"event_name":"Colosseum","floor":29,"gold_loss":0}],"is_beta":false,"boss_relics":[{"not_picked":["Lizard Tail","Eternal Feather"],"picked":"Runic Dome"}],"items_purged_floors":[4,20],"is_endless":false,"potions_floor_spawned":[2,8,10,16,19,28,29,30],"killed_by":"Automaton","ascension_level":0}