{"gold_per_floor":[119,119,131,61,80,108,134,134,204,204,219,232,232,250,250,349,399,417,428,59,79,79,79,79,79,104,124,137,137,164,180,180,180],"floor_reached":33,"playtime":2252,"items_purged":[],"score":269,"play_id":"3f13eefb-efbb-4ac5-b986-219dce5f0636","local_time":"20190210222753","is_ascension_mode":false,"campfire_choices":[{"data":"Infinite Blades","floor":8,"key":"SMITH"},{"data":"Backstab","floor":10,"key":"SMITH"},{"floor":13,"key":"REST"},{"data":"Crippling Poison","floor":15,"key":"SMITH"},{"floor":23,"key":"REST"},{"data":"Strike_G","floor":25,"key":"PURGE"},{"floor":29,"key":"REST"},{"floor":32,"key":"REST"}],"neow_cost":"NONE","seed_source_timestamp":679694412900,"circlet_count":0,"master_deck":["Defend_G","Defend_G+1","Defend_G","Defend_G","Defend_G","Strike_G","Strike_G","Strike_G","Survivor+1","Neutralize","Quick Slash+1","Infinite Blades+1","Backstab+1","Cloak And Dagger","Crippling Poison+1","Poisoned Stab","Quick Slash","Escape Plan","After Image+1","Accuracy+1","Backflip","PiercingWail","Accuracy+1","Noxious Fumes+1","RitualDagger","Tactician","Poisoned Stab","Infinite Blades+1","Blade Dance","Blade Dance"],"relics":["Ring of the Snake","NeowsBlessing","Vajra","War Paint","Frozen Egg 2","Tiny House","Peace Pipe","Pen Nib","Meat on the Bone"],"potions_floor_usage":[6,16,18,21,28,30,30],"damage_taken":[{"damage":0,"enemies":"Small Slimes","floor":1,"turns":1},{"damage":0,"enemies":"Cultist","floor":3,"turns":1},{"damage":0,"enemies":"Jaw Worm","floor":5,"turns":1},{"damage":22,"enemies":"Lagavulin","floor":6,"turns":6},{"damage":0,"enemies":"Large Slime","floor":11,"turns":5},{"damage":0,"enemies":"Blue Slaver","floor":12,"turns":3},{"damage":0,"enemies":"Red Slaver","floor":14,"turns":2},{"damage":18,"enemies":"Slime Boss","floor":16,"turns":11},{"damage":16,"enemies":"2 Thieves","floor":18,"turns":4},{"damage":14,"enemies":"Shell Parasite","floor":19,"turns":6},{"damage":11,"enemies":"Centurion and Healer","floor":21,"turns":7},{"damage":26,"enemies":"Shelled Parasite and Fungi","floor":27,"turns":6},{"damage":12,"enemies":"Snake Plant","floor":28,"turns":4},{"damage":27,"enemies":"Gremlin Leader","floor":30,"turns":7},{"damage":3,"enemies":"Centurion and Healer","floor":31,"turns":5},{"damage":49,"enemies":"Champ","floor":33,"turns":11}],"seed_played":"-5299016743736429040","potions_obtained":[{"floor":3,"key":"Fire Potion"},{"floor":6,"key":"Weak Potion"},{"floor":12,"key":"AttackPotion"},{"floor":16,"key":"LiquidBronze"},{"floor":17,"key":"AttackPotion"},{"floor":21,"key":"Weak Potion"},{"floor":28,"key":"Poison Potion"}],"is_trial":false,"path_per_floor":["M","?","M","$","M","E","T","R","T","R","M","M","R","M","R","B",null,"M","M","$","M","?","R","?","R","T","M","M","R","E","M","R","B"],"character_chosen":"THE_SILENT","items_purchased":["Backstab","Peace Pipe","Accuracy+1"],"campfire_rested":4,"item_purchase_floors":[4,20,20],"current_hp_per_floor":[70,70,70,70,70,48,48,48,48,48,48,48,69,69,69,51,75,59,45,45,34,28,50,50,50,50,24,12,34,7,16,38,0],"gold":180,"neow_bonus":"THREE_ENEMY_KILL","is_prod":false,"is_daily":false,"chose_seed":false,"campfire_upgraded":3,"win_rate":0.0,"timestamp":1549866473,"path_taken":["M","?","M","?","M","E","?","R","T","R","M","M","R","M","R","BOSS","M","M","$","M","?","R","?","R","T","?","M","R","E","M","R","BOSS"],"build_version":"2019-01-23","purchased_purges":0,"victory":false,"max_hp_per_floor":[70,70,70,70,70,70,70,70,70,70,70,70,70,70,70,70,75,75,75,75,75,75,75,75,75,75,75,75,75,75,75,75,75],"card_choices":[{"not_picked":["Dodge and Roll","Heel Hook"],"picked":"Quick Slash","floor":1},{"not_picked":["Terror","Dagger Spray"],"picked":"Infinite Blades","floor":3},{"not_picked":["Dagger Throw","Deflect"],"picked":"Cloak And Dagger","floor":5},{"not_picked":["Sucker Punch","Infinite Blades"],"picked":"Crippling Poison","floor":6},{"not_picked":["Wraith Form v2+1","PiercingWail"],"picked":"Poisoned Stab","floor":11},{"not_picked":["Underhanded Strike","Dagger Throw"],"picked":"Quick Slash","floor":12},{"not_picked":["Outmaneuver","Acrobatics"],"picked":"Escape Plan","floor":14},{"not_picked":["Burst","Unload"],"picked":"After Image+1","floor":16},{"not_picked":["Bane","Flechettes"],"picked":"Accuracy+1","floor":17},{"not_picked":["Eviscerate","Acrobatics"],"picked":"Backflip","floor":18},{"not_picked":["Outmaneuver","Reflex"],"picked":"PiercingWail","floor":19},{"not_picked":["Quick Slash","Bane"],"picked":"Noxious Fumes+1","floor":21},{"not_picked":["Catalyst","Backflip"],"picked":"Poisoned Stab","floor":27},{"not_picked":["Dagger Spray","Slice"],"picked":"Infinite Blades+1","floor":28},{"not_picked":["Eviscerate","Glass Knife"],"picked":"Blade Dance","floor":30},{"not_picked":["Poisoned Stab+1","Predator"],"picked":"Blade Dance","floor":31}],"player_experience":107904,"relics_obtained":[{"floor":6,"key":"Vajra"},{"floor":7,"key":"War Paint"},{"floor":9,"key":"Frozen Egg 2"},{"floor":26,"key":"Pen Nib"},{"floor":30,"key":"Meat on the Bone"}],"event_choices":[{"damage_healed":0,"gold_gain":0,"player_choice":"Got Potions","damage_taken":0,"max_hp_gain":0,"max_hp_loss":0,"event_name":"Lab","floor":2,"gold_loss":0},{"damage_healed":0,"gold_gain":0,"player_choice":"Joined the Cult","damage_taken":6,"max_hp_gain":0,"max_hp_loss":0,"event_name":"Nest","floor":22,"gold_loss":0,"cards_obtained":["RitualDagger"]},{"damage_healed":0,"gold_gain":0,"cards_transformed":["Strike_G"],"player_choice":"Transformed","damage_taken":0,"max_hp_gain":0,"max_hp_loss":0,"event_name":"Transmorgrifier","floor":24,"gold_loss":0,"cards_obtained":["Tactician"]}],"is_beta":false,"boss_relics":[{"not_picked":["Cursed Key","Lizard Tail"],"picked":"Tiny House"}],"items_purged_floors":[],"is_endless":false,"potions_floor_spawned":[3,6,12,16,21,28],"killed_by":"Champ","ascension_level":0}