{"path_per_floor":["M","M","M","M","M","R","E","$","T","R","?","?","R","M","R","B",null,"M","?","$","?","M","R","E","R","T","M","R","M","?","E","R","B",null,"M","?","?","$","?","R","M","R","T","R","?","?","?","E","R"],"character_chosen":"THE_SILENT","items_purchased":["Vajra","Escape Plan","Slice","Prepared","Bullet Time"],"gold_per_floor":[111,125,142,155,168,168,193,6,6,6,6,6,6,18,18,92,92,105,105,5,5,19,19,50,50,50,69,69,85,85,116,116,194,194,205,205,205,46,46,46,65,65,114,114,165,0,0,30,30,30],"floor_reached":50,"campfire_rested":1,"playtime":2739,"item_purchase_floors":[8,8,20,20,38],"current_hp_per_floor":[58,56,51,50,43,43,46,46,46,46,46,71,71,66,66,51,70,68,68,68,68,55,55,30,30,30,24,46,52,52,36,36,20,62,42,28,28,28,62,62,59,59,59,59,62,62,62,62,62,0],"items_purged":[],"gold":30,"score":976,"play_id":"7c524ff5-fb48-4010-a60d-6a3f35cc89be","local_time":"20180601013641","is_prod":false,"is_daily":false,"chose_seed":false,"is_ascension_mode":true,"campfire_upgraded":11,"win_rate":0,"timestamp":1527838601,"campfire_choices":[{"data":"Neutralize","floor":6,"key":"SMITH"},{"data":"Malaise","floor":10,"key":"SMITH"},{"data":"Dagger Spray","floor":13,"key":"SMITH"},{"data":"Choke","floor":15,"key":"SMITH"},{"data":"Prepared","floor":23,"key":"SMITH"},{"data":"Backflip","floor":25,"key":"SMITH"},{"floor":28,"key":"REST"},{"data":"Footwork","floor":32,"key":"SMITH"},{"data":"Mind Blast","floor":40,"key":"SMITH"},{"data":"Survivor","floor":42,"key":"SMITH"},{"data":"Dagger Spray","floor":44,"key":"SMITH"},{"data":"Riddle With Holes","floor":49,"key":"SMITH"}],"path_taken":["M","M","M","M","M","R","E","$","T","R","?","?","R","M","R","BOSS","M","?","$","?","M","R","E","R","T","M","R","M","?","E","R","BOSS","M","?","?","$","?","R","M","R","T","R","?","?","?","E","R","BOSS"],"build_version":"2018-05-30v2","seed_source_timestamp":108308479461679,"purchased_purges":0,"victory":false,"master_deck":["Defend_G","Defend_G","Defend_G","Defend_G","Defend_G","Survivor+1","Neutralize+1","AscendersBane","Dagger Spray+1","Choke+1","All Out Attack+1","Dagger Spray+1","Outmaneuver","Malaise+1","Escape Plan","Endless Agony","Tools of the Trade","Acrobatics+1","Choke+1","Slice","Bite","Bite","Bite","Bite","Bite+1","Backflip+1","Footwork+1","Deflect","Footwork+1","Bullet Time","Slice+1","Madness","Madness","Mind Blast+1","Bullet Time","Backflip+1","Quick Slash","Riddle With Holes+1"],"max_hp_per_floor":[66,66,66,66,66,66,76,76,76,76,76,76,76,76,76,76,76,76,76,76,76,76,76,76,76,76,76,76,76,76,76,76,76,76,76,76,76,76,62,62,62,62,62,62,62,62,62,62,62,62],"relics":["Ring of the Snake","Art of War","Pear","Vajra","Sozu","Juzu Bracelet","Bottled Flame","Matryoshka","Snecko Eye","Gremlin Horn","Whetstone","Tingsha","Red Mask","Happy Flower"],"card_choices":[{"not_picked":["Poisoned Stab","Flying Knee"],"picked":"Dagger Spray","floor":1},{"not_picked":["Deadly Poison","Prepared"],"picked":"Choke","floor":2},{"not_picked":["Acrobatics","Dagger Throw"],"picked":"All Out Attack","floor":3},{"not_picked":["Prepared","Underhanded Strike"],"picked":"Dagger Spray","floor":4},{"not_picked":["Dodge and Roll","Finisher"],"picked":"Outmaneuver","floor":5},{"not_picked":["Deflect","Finisher"],"picked":"Malaise","floor":7},{"not_picked":["Outmaneuver","Acrobatics"],"picked":"Endless Agony","floor":14},{"not_picked":["Corpse Explosion","Tactician"],"picked":"Tools of the Trade","floor":16},{"not_picked":["Heel Hook","Outmaneuver+1"],"picked":"Acrobatics+1","floor":18},{"not_picked":["PiercingWail","Prepared","Flechettes"],"picked":"SKIP","floor":22},{"not_picked":["Deadly Poison","Dagger Spray"],"picked":"Backflip","floor":24},{"not_picked":["Tools of the Trade","All Out Attack"],"picked":"Footwork+1","floor":27},{"not_picked":["Caltrops","Dagger Throw"],"picked":"Deflect","floor":29},{"not_picked":["Slice","Terror"],"picked":"Footwork","floor":31},{"not_picked":["A Thousand Cuts","Phantasmal Killer"],"picked":"Bullet Time","floor":33},{"not_picked":["Bane","Underhanded Strike"],"picked":"Slice+1","floor":35},{"not_picked":["Good Instincts","Panacea"],"picked":"Mind Blast","floor":37},{"not_picked":["Slice+1","Acrobatics+1"],"picked":"Backflip+1","floor":41},{"not_picked":["Outmaneuver+1","Deadly Poison+1"],"picked":"Quick Slash","floor":45},{"not_picked":["Tactician","Sucker Punch"],"picked":"Riddle With Holes","floor":48}],"player_experience":654914,"potions_floor_usage":[7,7,16,22],"damage_taken":[{"damage":1,"enemies":"Jaw Worm","floor":1,"turns":6},{"damage":2,"enemies":"Cultist","floor":2,"turns":4},{"damage":5,"enemies":"2 Louse","floor":3,"turns":3},{"damage":1,"enemies":"2 Fungi Beasts","floor":4,"turns":3},{"damage":7,"enemies":"Blue Slaver","floor":5,"turns":5},{"damage":7,"enemies":"Gremlin Nob","floor":7,"turns":4},{"damage":7,"enemies":"Looter","floor":14,"turns":3},{"damage":17,"enemies":"The Guardian","floor":16,"turns":15},{"damage":4,"enemies":"Shell Parasite","floor":18,"turns":4},{"damage":17,"enemies":"3 Byrds","floor":22,"turns":3},{"damage":33,"enemies":"Book of Stabbing","floor":24,"turns":6},{"damage":18,"enemies":"Snake Plant","floor":27,"turns":9},{"damage":0,"enemies":"Snecko","floor":29,"turns":4},{"damage":20,"enemies":"Slavers","floor":31,"turns":5},{"damage":40,"enemies":"Collector","floor":33,"turns":17},{"damage":26,"enemies":"3 Shapes","floor":35,"turns":3},{"damage":15,"enemies":"3 Darklings","floor":41,"turns":7},{"damage":8,"enemies":"Mysterious Sphere","floor":45,"turns":3},{"damage":0,"enemies":"2 Orb Walkers","floor":48,"turns":3},{"damage":66,"enemies":"Time Eater","floor":50,"turns":9}],"relics_obtained":[{"floor":7,"key":"Pear"},{"floor":9,"key":"Blood Vial"},{"floor":24,"key":"Juzu Bracelet"},{"floor":26,"key":"Bottled Flame"},{"floor":31,"key":"Matryoshka"},{"floor":43,"key":"Gremlin Horn"},{"floor":43,"key":"Whetstone"},{"floor":45,"key":"Tingsha"},{"floor":48,"key":"Happy Flower"}],"event_choices":[{"event_name":"Match and Keep!","player_choice":"0 cards matched","floor":11,"damage_taken":0},{"event_name":"Big Fish","player_choice":"Banana","floor":12,"damage_taken":0},{"event_name":"Duplicator","player_choice":"One dupe","floor":19,"damage_taken":0},{"event_name":"Vampires","player_choice":"Became a vampire (Vial)","floor":21,"damage_taken":0},{"event_name":"The Mausoleum","player_choice":"No","floor":30,"damage_taken":0},{"event_name":"Winding Halls","player_choice":"Embrace Madness","floor":36,"damage_taken":0},{"event_name":"SensoryStone","player_choice":"Memory 1","floor":37,"damage_taken":0},{"event_name":"The Moai Head","player_choice":"Heal","floor":39,"damage_taken":0},{"event_name":"Mysterious Sphere","player_choice":"Fight","floor":45,"damage_taken":0},{"event_name":"Tomb of Lord Red Mask","player_choice":"Paid","floor":46,"damage_taken":0}],"boss_relics":[{"not_picked":["Astrolabe","Calling Bell"],"picked":"Sozu"},{"not_picked":["Runic Pyramid","Velvet Choker"],"picked":"Snecko Eye"}],"items_purged_floors":[],"potions_floor_spawned":[2,5,7,14,18,24,29,35,45],"seed_played":"-1416691897281913026","killed_by":"Time Eater","ascension_level":15,"potions_obtained":[{"floor":2,"key":"Block Potion"},{"floor":5,"key":"PowerPotion"},{"floor":7,"key":"Strength Potion"},{"floor":14,"key":"Poison Potion"}],"is_trial":false}