{"gold_per_floor":[19,31,44,44,44,44,77,77,77,103,119,194,209,228,228,305,305,325,342,342,3,3,33,33,0,25,25],"floor_reached":27,"playtime":1115,"items_purged":[],"score":534,"play_id":"02b8f7a3-bda3-40f8-ae6e-8b3f55d71627","local_time":"20180721133718","is_ascension_mode":true,"campfire_choices":[{"data":"Conserve Battery","floor":6,"key":"SMITH"},{"data":"Creative AI","floor":8,"key":"SMITH"},{"data":"Loop","floor":15,"key":"SMITH"}],"neow_cost":"NO_GOLD","seed_source_timestamp":914595475415840,"circlet_count":0,"master_deck":["Strike_B","Strike_B","Defend_B","Defend_B","Defend_B+1","Defend_B","Zap+1","Dualcast+1","AscendersBane","Cold Snap","Hello World","Conserve Battery+1","Chill","Ball Lightning","Creative AI+1","Loop+1","Conserve Battery","Go for the Eyes","Conserve Battery","Echo Form","Reinforced Body","Go for the Eyes+1","Amplify","Loop","Ball Lightning"],"relics":["Cracked Core","Strawberry","Kunai","Regal Pillow","Black Star","Lee\u0027s Waffle","Art of War","War Paint","Vajra"],"potions_floor_usage":[7,16,16,23],"damage_taken":[{"damage":2,"enemies":"Jaw Worm","floor":1,"turns":4},{"damage":0,"enemies":"Cultist","floor":2,"turns":4},{"damage":0,"enemies":"2 Louse","floor":3,"turns":3},{"damage":9,"enemies":"Gremlin Nob","floor":7,"turns":4},{"damage":1,"enemies":"3 Sentries","floor":10,"turns":4},{"damage":9,"enemies":"Red Slaver","floor":11,"turns":4},{"damage":7,"enemies":"Looter","floor":13,"turns":3},{"damage":0,"enemies":"Large Slime","floor":14,"turns":4},{"damage":0,"enemies":"The Guardian","floor":16,"turns":8},{"damage":13,"enemies":"Spheric Guardian","floor":18,"turns":4},{"damage":16,"enemies":"Chosen","floor":19,"turns":7},{"damage":42,"enemies":"Book of Stabbing","floor":23,"turns":7},{"damage":53,"enemies":"Slavers","floor":27,"turns":5}],"seed_played":"223172020289696889","potions_obtained":[{"floor":2,"key":"SmokeBomb"},{"floor":4,"key":"Swift Potion"},{"floor":4,"key":"FairyPotion"},{"floor":7,"key":"FearPotion"},{"floor":13,"key":"Fire Potion"},{"floor":14,"key":"FocusPotion"},{"floor":19,"key":"EssenceOfSteel"}],"is_trial":false,"path_per_floor":["M","M","M","?","?","R","E","R","T","E","M","?","M","M","R","B",null,"M","M","?","$","$","E","$","?","T"],"character_chosen":"DEFECT","items_purchased":["Amplify","Lee\u0027s Waffle","Loop"],"campfire_rested":0,"item_purchase_floors":[21,21,21],"current_hp_per_floor":[62,62,62,62,62,62,60,60,60,59,50,39,32,32,32,32,67,54,38,16,90,90,48,48,48,48,0],"gold":25,"neow_bonus":"TRANSFORM_TWO_CARDS","is_prod":false,"is_daily":false,"chose_seed":false,"campfire_upgraded":3,"win_rate":0,"timestamp":1532201838,"path_taken":["M","M","M","?","?","R","E","R","T","E","M","?","M","M","R","BOSS","M","?","?","?","$","E","$","?","T","E"],"build_version":"2018-07-19","purchased_purges":0,"victory":false,"max_hp_per_floor":[71,71,71,71,71,71,78,78,78,78,78,78,78,78,78,78,78,78,78,83,90,90,90,90,90,90,90],"card_choices":[{"not_picked":["Ball Lightning","Stack"],"picked":"Conserve Battery","floor":1},{"not_picked":["Hello World","Scrape"],"picked":"Chill","floor":2},{"not_picked":["Steam Power","Steam"],"picked":"Ball Lightning","floor":3},{"not_picked":["Hologram","Fusion"],"picked":"Creative AI","floor":7},{"not_picked":["Stack","Chaos"],"picked":"Loop","floor":10},{"not_picked":["Barrage","Ball Lightning"],"picked":"Conserve Battery","floor":11},{"not_picked":["Rebound","Steam Power"],"picked":"Go for the Eyes","floor":13},{"not_picked":["Rip and Tear","Compile Driver"],"picked":"Conserve Battery","floor":14},{"not_picked":["Hyperbeam","Thunder Strike"],"picked":"Echo Form","floor":16},{"not_picked":["Steam","Barrage"],"picked":"Reinforced Body","floor":18},{"not_picked":["Sunder","Steam"],"picked":"Go for the Eyes+1","floor":19},{"not_picked":["Go for the Eyes","Beam Cell"],"picked":"Ball Lightning","floor":23}],"player_experience":818674,"relics_obtained":[{"floor":7,"key":"Strawberry"},{"floor":9,"key":"Kunai"},{"floor":10,"key":"Regal Pillow"},{"floor":23,"key":"Art of War"},{"floor":23,"key":"War Paint"},{"floor":26,"key":"Vajra"}],"event_choices":[{"event_name":"The Lab","player_choice":"Got Potions","floor":4,"damage_taken":0},{"event_name":"Upgrade Shrine","player_choice":"Upgraded","floor":5,"damage_taken":0},{"event_name":"World of Goop","player_choice":"Gather Gold","floor":12,"damage_taken":0},{"event_name":"Forgotten Altar","player_choice":"Shed Blood","floor":20,"damage_taken":0},{"event_name":"Masked Bandits","player_choice":"Paid Bandits 33 gold","floor":25,"damage_taken":0}],"is_beta":true,"boss_relics":[{"not_picked":["Fusion Hammer","Eternal Feather"],"picked":"Black Star"}],"items_purged_floors":[],"is_endless":false,"potions_floor_spawned":[2,7,10,13,14,19],"killed_by":"Slavers","ascension_level":15}