{"gold_per_floor":[110,185,195,211,211,211,226,251,251,251],"floor_reached":10,"playtime":1143,"items_purged":[],"score":88,"play_id":"d7a1a089-947b-4624-bc87-9986fc01a153","local_time":"20190212132558","is_ascension_mode":true,"campfire_choices":[{"data":"Crippling Poison","floor":6,"key":"SMITH"}],"neow_cost":"NONE","seed_source_timestamp":701727833925473,"circlet_count":0,"master_deck":["Defend_G","Defend_G","Defend_G","Defend_G","Defend_G","Strike_G","Strike_G","Strike_G","Strike_G","Survivor","Neutralize","Crippling Poison+1","Quick Slash","Backflip","Dodge and Roll","Bullet Time"],"relics":["Ring of the Snake","Regal Pillow","Smiling Mask"],"potions_floor_usage":[8,8],"damage_taken":[{"damage":3,"enemies":"Small Slimes","floor":1,"turns":5},{"damage":1,"enemies":"2 Louse","floor":3,"turns":3},{"damage":4,"enemies":"Jaw Worm","floor":4,"turns":5},{"damage":6,"enemies":"3 Louse","floor":7,"turns":5},{"damage":14,"enemies":"Gremlin Nob","floor":8,"turns":5},{"damage":33,"enemies":"3 Sentries","floor":10,"turns":8}],"seed_played":"276326690714520240","potions_obtained":[{"floor":1,"key":"Block Potion"},{"floor":7,"key":"PowerPotion"},{"floor":8,"key":"Strength Potion"}],"is_trial":false,"path_per_floor":["M","?","M","M","?","R","M","E","T","E"],"character_chosen":"THE_SILENT","items_purchased":[],"campfire_rested":0,"item_purchase_floors":[],"current_hp_per_floor":[67,56,55,51,51,51,45,31,31,0],"gold":251,"neow_bonus":"TEN_PERCENT_HP_BONUS","is_prod":false,"is_daily":false,"chose_seed":false,"campfire_upgraded":1,"win_rate":0,"timestamp":1549956358,"path_taken":["M","?","M","M","?","R","M","E","T","E"],"build_version":"2019-01-23","purchased_purges":0,"victory":false,"max_hp_per_floor":[77,77,77,77,77,77,77,77,77,77],"card_choices":[{"not_picked":["Backflip","Outmaneuver"],"picked":"Crippling Poison","floor":1},{"not_picked":["Expertise","Blade Dance"],"picked":"Quick Slash","floor":3},{"not_picked":["Bouncing Flask","Skewer"],"picked":"Backflip","floor":4},{"not_picked":["Acrobatics","Slice"],"picked":"Dodge and Roll","floor":7},{"not_picked":["Storm of Steel","Choke"],"picked":"Bullet Time","floor":8}],"player_experience":787925,"relics_obtained":[{"floor":8,"key":"Regal Pillow"},{"floor":9,"key":"Smiling Mask"}],"event_choices":[{"damage_healed":0,"gold_gain":75,"player_choice":"Gather Gold","damage_taken":11,"max_hp_gain":0,"max_hp_loss":0,"event_name":"World of Goop","floor":2,"gold_loss":0},{"cards_removed":["Strike_G"],"damage_healed":0,"gold_gain":0,"player_choice":"Forget","damage_taken":0,"max_hp_gain":0,"max_hp_loss":0,"event_name":"Living Wall","floor":5,"gold_loss":0}],"is_beta":false,"boss_relics":[],"items_purged_floors":[],"is_endless":false,"potions_floor_spawned":[1,7,8],"killed_by":"3 Sentries","ascension_level":6}