{"gold_per_floor":[112,112,129,129,149,181,181,181,181,194,212,227,227,81,81,81],"floor_reached":16,"playtime":1625,"items_purged":["Writhe"],"score":102,"play_id":"cbeeec9e-9fdf-431b-aafb-7d1761b4818a","local_time":"20181012165015","is_ascension_mode":false,"campfire_choices":[{"floor":8,"key":"REST"},{"floor":13,"key":"REST"},{"data":"Skewer","floor":15,"key":"SMITH"}],"neow_cost":"","seed_source_timestamp":9642236413459,"circlet_count":0,"master_deck":["Defend_G","Defend_G","Defend_G+1","Defend_G","Defend_G","Strike_G","Strike_G","Strike_G","Strike_G","Strike_G","Survivor+1","Neutralize","Dagger Throw","Distraction","Sucker Punch","Underhanded Strike","Wraith Form v2","Slice","Flying Knee","Skewer+1","Backstab"],"relics":["Ring of the Snake","Pantograph","War Paint","Anchor"],"potions_floor_usage":[6,6,16],"damage_taken":[{"damage":0,"enemies":"Jaw Worm","floor":1,"turns":4},{"damage":5,"enemies":"Cultist","floor":3,"turns":4},{"damage":0,"enemies":"2 Louse","floor":5,"turns":3},{"damage":36,"enemies":"Lagavulin","floor":6,"turns":11},{"damage":2,"enemies":"Looter","floor":10,"turns":4},{"damage":1,"enemies":"Blue Slaver","floor":11,"turns":5},{"damage":5,"enemies":"Exordium Thugs","floor":12,"turns":7},{"damage":77,"enemies":"Hexaghost","floor":16,"turns":9}],"seed_played":"7319322283661931950","potions_obtained":[{"floor":3,"key":"GhostInAJar"},{"floor":5,"key":"SkillPotion"},{"floor":10,"key":"EssenceOfSteel"},{"floor":12,"key":"SmokeBomb"}],"is_trial":false,"path_per_floor":["M","?","M","?","M","E","?","R","T","M","M","M","R","$","R"],"character_chosen":"THE_SILENT","items_purchased":["Backstab"],"campfire_rested":2,"item_purchase_floors":[14],"current_hp_per_floor":[70,75,70,58,58,22,22,44,44,42,41,36,58,58,58,0],"gold":81,"neow_bonus":"","is_prod":false,"is_daily":false,"chose_seed":false,"campfire_upgraded":1,"win_rate":0.0,"timestamp":1539373815,"path_taken":["M","?","M","?","?","E","?","R","T","M","M","M","R","?","R","BOSS"],"build_version":"2018-10-11","purchased_purges":1,"victory":false,"max_hp_per_floor":[70,75,75,75,75,75,75,75,75,75,75,75,75,75,75,75],"card_choices":[{"not_picked":["Slice","Flechettes"],"picked":"Dagger Throw","floor":1},{"not_picked":["Caltrops","Calculated Gamble"],"picked":"Distraction","floor":3},{"not_picked":["Expertise","Calculated Gamble"],"picked":"Sucker Punch","floor":5},{"not_picked":["Dodge and Roll","Quick Slash"],"picked":"Underhanded Strike","floor":6},{"not_picked":["Masterful Stab","Escape Plan"],"picked":"Slice","floor":10},{"not_picked":["Blur","Infinite Blades"],"picked":"Flying Knee","floor":11},{"not_picked":["Quick Slash","Night Terror"],"picked":"Skewer","floor":12}],"player_experience":3444,"relics_obtained":[{"floor":6,"key":"War Paint"},{"floor":9,"key":"Anchor"}],"event_choices":[{"event_name":"Big Fish","player_choice":"Donut","floor":2,"damage_taken":0},{"event_name":"Scrap Ooze","player_choice":"success","floor":4,"damage_taken":12},{"event_name":"Match and Keep!","player_choice":"2 cards matched","floor":7,"damage_taken":0}],"is_beta":false,"boss_relics":[],"items_purged_floors":[14],"is_endless":false,"potions_floor_spawned":[3,5,10,12],"killed_by":"Hexaghost","ascension_level":0}