{"gold_per_floor":[110,110,120,136,154,154,188,188,188,215,226,245,255,270,270,342,342,355,355,355,374,157,157,177,177,177,377,412,20,36,52,52,128,128,148,203,203,220,232,257,257,271,271,283,329,168,168,178,178,178],"floor_reached":51,"playtime":2306,"items_purged":["Strike_R","Strike_R","Strike_R"],"score":1353,"play_id":"15469093-9600-4f65-8812-120608621a86","local_time":"20180919180743","is_ascension_mode":true,"campfire_choices":[{"data":"True Grit","floor":6,"key":"SMITH"},{"data":"Anger","floor":8,"key":"SMITH"},{"data":"Inflame","floor":15,"key":"SMITH"},{"data":"Rampage","floor":23,"key":"SMITH"},{"data":"Barricade","floor":25,"key":"SMITH"},{"data":"Iron Wave","floor":32,"key":"SMITH"},{"floor":44,"key":"REST"},{"floor":49,"key":"REST"}],"neow_cost":"NONE","seed_source_timestamp":599088803106854,"circlet_count":0,"master_deck":["Strike_R","Defend_R","Defend_R","Defend_R","Defend_R","Bash","AscendersBane","True Grit+1","Anger+1","Sword Boomerang","Shrug It Off","Iron Wave+1","Rampage+1","Clothesline","Impervious","Inflame+1","Barricade+1","Headbutt","Shrug It Off","Offering","Shrug It Off","Headbutt+1","Sword Boomerang+1","Limit Break","Pommel Strike+1","Armaments+1","Body Slam+1","Whirlwind","Sword Boomerang","Shame","Shrug It Off","Iron Wave+1","Writhe","Battle Trance+1","Shockwave+1","Shrug It Off"],"relics":["Burning Blood","Omamori","Meat on the Bone","Du-Vu Doll","Cursed Key","Necronomicon","Prayer Wheel","Question Card","Shuriken","Fusion Hammer","StoneCalendar","Turnip","Bottled Flame","Matryoshka","MawBank","Nunchaku","Orichalcum"],"potions_floor_usage":[3,5,16,24,28,31,35,36,40,40,50,50],"damage_taken":[{"damage":4,"enemies":"Small Slimes","floor":1,"turns":4},{"damage":4,"enemies":"Jaw Worm","floor":3,"turns":4},{"damage":3,"enemies":"Cultist","floor":4,"turns":4},{"damage":16,"enemies":"Gremlin Gang","floor":5,"turns":6},{"damage":24,"enemies":"Gremlin Nob","floor":7,"turns":4},{"damage":43,"enemies":"3 Sentries","floor":10,"turns":12},{"damage":1,"enemies":"Red Slaver","floor":11,"turns":4},{"damage":3,"enemies":"Blue Slaver","floor":12,"turns":4},{"damage":5,"enemies":"2 Fungi Beasts","floor":13,"turns":3},{"damage":9,"enemies":"Red Slaver","floor":14,"turns":2},{"damage":43,"enemies":"Hexaghost","floor":16,"turns":9},{"damage":0,"enemies":"3 Byrds","floor":18,"turns":6},{"damage":22,"enemies":"Spheric Guardian","floor":21,"turns":4},{"damage":13,"enemies":"Centurion and Healer","floor":24,"turns":5},{"damage":6,"enemies":"Gremlin Leader","floor":28,"turns":4},{"damage":6,"enemies":"Snecko","floor":30,"turns":3},{"damage":6,"enemies":"Chosen and Byrds","floor":31,"turns":5},{"damage":27,"enemies":"Champ","floor":33,"turns":9},{"damage":14,"enemies":"3 Shapes","floor":35,"turns":4},{"damage":47,"enemies":"Mysterious Sphere","floor":36,"turns":4},{"damage":0,"enemies":"Mind Bloom Boss Battle","floor":37,"turns":5},{"damage":0,"enemies":"Orb Walker","floor":38,"turns":3},{"damage":0,"enemies":"Maw","floor":39,"turns":6},{"damage":12,"enemies":"2 Orb Walkers","floor":40,"turns":3},{"damage":0,"enemies":"Sphere and 2 Shapes","floor":42,"turns":1},{"damage":19,"enemies":"Giant Head","floor":45,"turns":5},{"damage":0,"enemies":"3 Darklings","floor":48,"turns":1},{"damage":29,"enemies":"Donu and Deca","floor":50,"turns":3}],"seed_played":"5628189836680665775","potions_obtained":[{"floor":1,"key":"SkillPotion"},{"floor":3,"key":"Dexterity Potion"},{"floor":11,"key":"Explosive Potion"},{"floor":21,"key":"PowerPotion"},{"floor":28,"key":"Explosive Potion"},{"floor":33,"key":"FearPotion"},{"floor":36,"key":"Fire Potion"},{"floor":37,"key":"Fire Potion"},{"floor":45,"key":"SpeedPotion"}],"is_trial":false,"path_per_floor":["M","?","M","M","M","R","E","R","T","E","M","M","M","M","R","B",null,"M","?","?","M","$","R","M","R","T","?","E","$","M","M","R","B",null,"M","?","?","M","M","E","T","M","T","R","E","$","?","M","R","B"],"character_chosen":"IRONCLAD","items_purchased":["Offering","EssenceOfSteel","Shuriken","SkillPotion","PowerPotion"],"campfire_rested":2,"item_purchase_floors":[22,22,29,29,46],"current_hp_per_floor":[70,70,72,75,65,65,47,47,47,22,39,54,55,52,52,27,63,69,48,48,44,44,44,49,49,49,49,49,49,49,49,49,40,66,58,29,47,53,59,53,53,59,59,75,62,62,62,68,75,52],"gold":178,"neow_bonus":"REMOVE_CARD","is_prod":false,"is_daily":false,"chose_seed":false,"campfire_upgraded":6,"win_rate":0,"timestamp":1537402063,"path_taken":["M","?","M","M","M","R","E","R","T","E","M","?","M","M","R","BOSS","M","?","?","?","$","R","M","R","T","?","E","$","M","M","R","BOSS","M","?","?","?","M","E","?","M","T","R","E","$","?","M","R","BOSS"],"build_version":"2018-09-18v3","purchased_purges":3,"victory":true,"max_hp_per_floor":[75,75,75,75,75,75,75,75,75,75,75,75,75,75,75,75,75,75,75,75,75,75,75,75,75,75,75,75,75,75,75,75,75,75,75,75,75,75,75,75,75,75,75,75,75,75,75,75,75,75],"card_choices":[{"not_picked":["Heavy Blade","Burning Pact","Hemokinesis"],"picked":"SKIP","floor":1},{"not_picked":["Iron Wave","Armaments"],"picked":"True Grit","floor":3},{"not_picked":["Shockwave","Pummel"],"picked":"Anger","floor":4},{"not_picked":["Cleave","Seeing Red"],"picked":"Sword Boomerang","floor":5},{"not_picked":["Burning Pact","Shockwave"],"picked":"Shrug It Off","floor":7},{"not_picked":["Havoc","Cleave"],"picked":"Iron Wave","floor":10},{"not_picked":["Headbutt","Warcry"],"picked":"Rampage","floor":11},{"not_picked":["Flex","Reckless Charge"],"picked":"Clothesline","floor":12},{"not_picked":["Body Slam","Headbutt"],"picked":"Impervious","floor":13},{"not_picked":["Entrench","Armaments"],"picked":"Inflame","floor":14},{"not_picked":["Offering","Juggernaut"],"picked":"Barricade","floor":16},{"not_picked":["Ghostly Armor","Perfected Strike"],"picked":"Headbutt","floor":18},{"not_picked":["Power Through","Clothesline+1"],"picked":"Shrug It Off","floor":21},{"not_picked":["Heavy Blade","Rupture","Clothesline"],"picked":"SKIP","floor":24},{"not_picked":["Rage","Warcry"],"picked":"Headbutt","floor":28},{"not_picked":["Spot Weakness","Cleave","Sever Soul+1"],"picked":"Shrug It Off","floor":30},{"not_picked":["Reckless Charge","Intimidate","Armaments","Wild Strike"],"picked":"SKIP","floor":30},{"not_picked":["Wild Strike","Berserk","Clothesline"],"picked":"Headbutt+1","floor":31},{"not_picked":["Dual Wield","Cleave","Infernal Blade+1"],"picked":"Sword Boomerang+1","floor":31},{"not_picked":["Immolate","Exhume","Dark Embrace"],"picked":"Limit Break","floor":33},{"not_picked":["Armaments","Dropkick","Havoc+1"],"picked":"Pommel Strike+1","floor":35},{"not_picked":["Havoc","Second Wind+1","Iron Wave","Clothesline+1"],"picked":"SKIP","floor":35},{"not_picked":["Wild Strike","Pommel Strike","Carnage"],"picked":"Armaments+1","floor":37},{"not_picked":["Rupture","Carnage","Evolve"],"picked":"Body Slam+1","floor":38},{"not_picked":["Intimidate","Entrench","Cleave+1","Infernal Blade"],"picked":"SKIP","floor":38},{"not_picked":["Dual Wield","Hemokinesis","Anger"],"picked":"Whirlwind","floor":39},{"not_picked":["True Grit","Bloodletting","Heavy Blade"],"picked":"Sword Boomerang","floor":39},{"not_picked":["Heavy Blade","Sword Boomerang","Hemokinesis+1","Entrench"],"picked":"SKIP","floor":40},{"not_picked":["Feed","Disarm","Anger"],"picked":"Shrug It Off","floor":42},{"not_picked":["Pommel Strike","Havoc","Perfected Strike"],"picked":"Iron Wave+1","floor":42},{"not_picked":["True Grit","Headbutt","Ghostly Armor+1"],"picked":"Battle Trance+1","floor":45},{"not_picked":["Twin Strike","Inflame","Wild Strike"],"picked":"Shockwave+1","floor":48},{"not_picked":["Corruption","Sever Soul+1","Pommel Strike+1"],"picked":"Shrug It Off","floor":48}],"player_experience":1041214,"relics_obtained":[{"floor":7,"key":"Omamori"},{"floor":9,"key":"Meat on the Bone"},{"floor":10,"key":"Du-Vu Doll"},{"floor":19,"key":"Necronomicon"},{"floor":26,"key":"Prayer Wheel"},{"floor":28,"key":"Question Card"},{"floor":36,"key":"StoneCalendar"},{"floor":37,"key":"Turnip"},{"floor":40,"key":"Bottled Flame"},{"floor":41,"key":"Matryoshka"},{"floor":43,"key":"MawBank"},{"floor":43,"key":"Nunchaku"},{"floor":45,"key":"Orichalcum"}],"event_choices":[{"event_name":"Liars Game","player_choice":"disagreed","floor":2,"damage_taken":0},{"event_name":"Cursed Tome","player_choice":"Obtained Book","floor":19,"damage_taken":0},{"event_name":"Ghosts","player_choice":"Ignored","floor":20,"damage_taken":0},{"event_name":"Wheel of Change","player_choice":"Gold","floor":27,"damage_taken":0},{"event_name":"Mysterious Sphere","player_choice":"Fight","floor":36,"damage_taken":0},{"event_name":"MindBloom","player_choice":"Fight","floor":37,"damage_taken":0},{"event_name":"Falling","player_choice":"Removed Attack","floor":47,"damage_taken":0}],"is_beta":true,"boss_relics":[{"not_picked":["Pandora\u0027s Box","Philosopher\u0027s Stone"],"picked":"Cursed Key"},{"not_picked":["Astrolabe","Velvet Choker"],"picked":"Fusion Hammer"}],"items_purged_floors":[22,29,46],"is_endless":false,"potions_floor_spawned":[1,3,11,21,28,33,36,37,45],"ascension_level":15}