{"gold_per_floor":[113,38,57,7,26,60,80,100,100,200,216,232,245,262,262,262],"floor_reached":16,"playtime":750,"items_purged":["Strike_B"],"score":119,"play_id":"fbd17f40-2bc1-4c77-b4e5-2435c69db25f","local_time":"20190125164502","is_ascension_mode":true,"campfire_choices":[{"floor":15,"key":"RECALL"}],"neow_cost":"NONE","seed_source_timestamp":181896000810565,"circlet_count":0,"master_deck":["Strike_B","Strike_B","Defend_B","Defend_B","Defend_B","Defend_B","Zap","Dualcast","Ball Lightning","Ball Lightning","Coolheaded","Rainbow","Barrage","Steam","White Noise","Consume","Cold Snap","Creative AI"],"relics":["Cracked Core","Smiling Mask"],"potions_floor_usage":[11,16],"damage_taken":[{"damage":1,"enemies":"Cultist","floor":1,"turns":3},{"damage":9,"enemies":"Small Slimes","floor":3,"turns":3},{"damage":6,"enemies":"2 Louse","floor":5,"turns":2},{"damage":28,"enemies":"Lagavulin","floor":6,"turns":6},{"damage":8,"enemies":"2 Fungi Beasts","floor":7,"turns":4},{"damage":0,"enemies":"Looter","floor":8,"turns":3},{"damage":0,"enemies":"Large Slime","floor":11,"turns":4},{"damage":9,"enemies":"2 Fungi Beasts","floor":12,"turns":3},{"damage":4,"enemies":"Exordium Thugs","floor":13,"turns":3},{"damage":9,"enemies":"Looter","floor":14,"turns":2},{"damage":23,"enemies":"Slime Boss","floor":16,"turns":3}],"seed_played":"-2418823061242570775","potions_obtained":[{"floor":5,"key":"Explosive Potion"},{"floor":8,"key":"SteroidPotion"},{"floor":11,"key":"LiquidBronze"},{"floor":14,"key":"SmokeBomb"}],"is_trial":false,"path_per_floor":["M","$","M","?","M","E","M","M","T","?","M","M","M","M","R","B"],"character_chosen":"DEFECT","items_purchased":[],"campfire_rested":0,"item_purchase_floors":[],"current_hp_per_floor":[81,81,72,72,66,38,30,30,30,30,30,21,17,8,8,0],"gold":262,"neow_bonus":"TEN_PERCENT_HP_BONUS","is_prod":false,"is_daily":false,"chose_seed":false,"campfire_upgraded":0,"win_rate":0,"timestamp":1548431102,"path_taken":["M","$","M","?","M","E","M","M","T","?","M","M","M","?","R","BOSS"],"build_version":"2019-01-23","purchased_purges":1,"victory":false,"max_hp_per_floor":[82,82,82,82,82,82,82,82,82,82,82,82,82,82,82,82],"card_choices":[{"not_picked":["Reinforced Body","Leap"],"picked":"Ball Lightning","floor":1},{"not_picked":["Coolheaded","Beam Cell"],"picked":"Ball Lightning","floor":3},{"not_picked":["Cold Snap","Chaos"],"picked":"Coolheaded","floor":5},{"not_picked":["Turbo","Rip and Tear"],"picked":"Rainbow","floor":6},{"not_picked":["Go for the Eyes","Doom and Gloom"],"picked":"Barrage","floor":7},{"not_picked":["Beam Cell","Force Field"],"picked":"Steam","floor":8},{"not_picked":["Reprogram","Fusion"],"picked":"White Noise","floor":11},{"not_picked":["Ball Lightning","Rebound"],"picked":"Consume","floor":12},{"not_picked":["Ball Lightning","Leap"],"picked":"Cold Snap","floor":13},{"not_picked":["Compile Driver","Hologram"],"picked":"Creative AI","floor":14}],"player_experience":74392,"relics_obtained":[{"floor":6,"key":"Smiling Mask"}],"event_choices":[{"cards_removed":["Strike_B"],"damage_healed":0,"gold_gain":0,"player_choice":"Card Removal","damage_taken":0,"max_hp_gain":0,"max_hp_loss":0,"event_name":"The Cleric","floor":4,"gold_loss":50},{"damage_healed":0,"gold_gain":100,"player_choice":"Pray","damage_taken":0,"max_hp_gain":0,"max_hp_loss":0,"event_name":"Golden Shrine","floor":10,"gold_loss":0}],"is_beta":false,"boss_relics":[],"items_purged_floors":[2],"is_endless":false,"potions_floor_spawned":[5,8,11,14],"killed_by":"Slime Boss","ascension_level":2}