{"gold_per_floor":[112,112,130,80,98,124,137,137,164,183,183,84,119,138,138,233,233,248,347,8,8,23,23,53,70,70,70,82,94,94,110,110,206,206,219,219,230,249,249,249,249,249,272,272,272,272,66,85,85,85],"floor_reached":51,"playtime":2482,"items_purged":[],"score":998,"play_id":"55dea6d9-ac51-4903-9faf-3a779e7950e5","local_time":"20190211112547","is_ascension_mode":true,"campfire_choices":[{"data":"Dualcast","floor":8.0,"key":"SMITH"},{"data":"Sweeping Beam","floor":11.0,"key":"SMITH"},{"floor":15.0,"key":"REST"},{"data":"Redo","floor":23.0,"key":"SMITH"},{"floor":30.0,"key":"REST"},{"data":"Hologram","floor":32.0,"key":"SMITH"},{"floor":40.0,"key":"REST"},{"floor":42.0,"key":"DIG"},{"floor":44.0,"key":"DIG"},{"floor":46.0,"key":"DIG"},{"floor":49.0,"key":"REST"}],"neow_cost":"NONE","seed_source_timestamp":995374570905477,"circlet_count":0,"master_deck":["Strike_B+1","Defend_B","Defend_B","Defend_B+1","Defend_B+1","Zap+1","Dualcast+1","BootSequence","Doom and Gloom+1","Coolheaded","Conserve Battery","Cold Snap","Sweeping Beam+1","Compile Driver","Hologram+1","Streamline","Ball Lightning","Seek+1","Rebound","Capacitor","Redo+1","Tempest+1","Conserve Battery","Glacier","Cold Snap+1","Ball Lightning","Echo Form","Ball Lightning+1","Capacitor+1","Go for the Eyes+1","Madness","Madness","Flash of Steel","Defragment"],"special_seed":0,"relics":["Cracked Core","Whetstone","War Paint","Pen Nib","Sozu","FossilizedHelix","Bottled Flame","Shovel","Fusion Hammer","Turnip","Juzu Bracelet","Emotion Chip","PreservedInsect","Strange Spoon"],"potions_floor_usage":[],"damage_taken":[{"damage":0.0,"enemies":"Small Slimes","floor":1.0,"turns":3.0},{"damage":0.0,"enemies":"Cultist","floor":3.0,"turns":4.0},{"damage":0.0,"enemies":"2 Louse","floor":5.0,"turns":2.0},{"damage":20.0,"enemies":"Gremlin Nob","floor":6.0,"turns":4.0},{"damage":2.0,"enemies":"2 Fungi Beasts","floor":7.0,"turns":3.0},{"damage":1.0,"enemies":"Looter","floor":10.0,"turns":2.0},{"damage":13.0,"enemies":"Lagavulin","floor":13.0,"turns":6.0},{"damage":9.0,"enemies":"Gremlin Gang","floor":14.0,"turns":3.0},{"damage":0.0,"enemies":"Slime Boss","floor":16.0,"turns":6.0},{"damage":5.0,"enemies":"3 Byrds","floor":18.0,"turns":4.0},{"damage":0.0,"enemies":"Chosen","floor":22.0,"turns":4.0},{"damage":43.0,"enemies":"Slavers","floor":24.0,"turns":4.0},{"damage":0.0,"enemies":"Snecko","floor":25.0,"turns":4.0},{"damage":0.0,"enemies":"Snake Plant","floor":28.0,"turns":4.0},{"damage":0.0,"enemies":"3 Cultists","floor":29.0,"turns":3.0},{"damage":0.0,"enemies":"Centurion and Healer","floor":31.0,"turns":6.0},{"damage":45.0,"enemies":"Collector","floor":33.0,"turns":12.0},{"damage":0.0,"enemies":"Orb Walker","floor":35.0,"turns":2.0},{"damage":0.0,"enemies":"3 Shapes","floor":37.0,"turns":4.0},{"damage":16.0,"enemies":"Writhing Mass","floor":38.0,"turns":9.0},{"damage":6.0,"enemies":"Transient","floor":48.0,"turns":5.0},{"damage":67,"enemies":"Awakened One","floor":50,"turns":16}],"seed_played":"-6338266415152758989","potions_obtained":[{"floor":1.0,"key":"Energy Potion"},{"floor":5.0,"key":"SteroidPotion"},{"floor":10.0,"key":"Energy Potion"}],"is_trial":false,"path_per_floor":["M","?","M","?","M","E","M","R","T","M","R","$","E","M","R","B",null,"M","?","$","?","M","R","E","M","T","$","M","M","R","M","R","B",null,"M","?","M","M","?","R","?","R","T","R","?","R","$","M","R","B",null],"character_chosen":"DEFECT","items_purchased":["Compile Driver","Hologram","FossilizedHelix","Capacitor","Strange Spoon"],"campfire_rested":4,"item_purchase_floors":[12,12,20,20,47],"current_hp_per_floor":[75,75,75,75,75,55,53,53,53,52,52,52,39,30,54,54,75,70,70,70,70,70,70,27,27,27,27,27,27,51,51,51,6,63,63,63,63,47,37,61,61,61,61,61,61,61,61,55,79,12],"gold":85,"neow_bonus":"TEN_PERCENT_HP_BONUS","is_prod":false,"is_daily":false,"chose_seed":false,"campfire_upgraded":4,"win_rate":0,"timestamp":1549891547,"path_taken":["M","?","?","?","M","E","M","R","T","M","R","$","E","M","R","BOSS","M","?","$","?","M","R","E","M","T","$","M","?","R","M","R","BOSS","M","?","M","M","?","R","?","R","T","R","?","R","$","M","R","BOSS"],"build_version":"2019-01-23","purchased_purges":0,"victory":true,"max_hp_per_floor":[82,82,82,82,82,82,82,82,82,82,82,82,82,82,82,82,82,82,82,82,82,82,82,82,82,82,82,82,82,82,82,82,82,82,82,82,82,82,82,82,82,82,82,82,82,82,82,82,82,82],"card_choices":[{"not_picked":["Chill","Steam"],"picked":"BootSequence","floor":1.0},{"not_picked":["Leap","Capacitor"],"picked":"Doom and Gloom","floor":3.0},{"not_picked":["Rebound","Beam Cell"],"picked":"Coolheaded","floor":5.0},{"not_picked":["Cold Snap","Tempest"],"picked":"Conserve Battery","floor":6.0},{"not_picked":["Barrage","Reboot"],"picked":"Cold Snap","floor":7.0},{"not_picked":["Lockon","Chill"],"picked":"Sweeping Beam","floor":10.0},{"not_picked":["Force Field","Undo"],"picked":"Streamline","floor":13.0},{"not_picked":["Gash","Melter"],"picked":"Ball Lightning","floor":14.0},{"not_picked":["Buffer","Reboot"],"picked":"Seek","floor":16.0},{"not_picked":["Compile Driver","Redo"],"picked":"Rebound","floor":18.0},{"not_picked":["Leap","Blizzard+1"],"picked":"Redo","floor":22.0},{"not_picked":["Rebound","Redo"],"picked":"Tempest+1","floor":24.0},{"not_picked":["Recycle+1","Sweeping Beam+1"],"picked":"Conserve Battery","floor":25.0},{"not_picked":["Sunder","Darkness"],"picked":"Glacier","floor":28.0},{"not_picked":["Redo","Lockon+1"],"picked":"Cold Snap+1","floor":29.0},{"not_picked":["Hologram","Steam"],"picked":"Ball Lightning","floor":31.0},{"not_picked":["Hyperbeam","Reboot"],"picked":"Echo Form","floor":33.0},{"not_picked":["Scrape","Leap"],"picked":"Ball Lightning+1","floor":35.0},{"not_picked":["Steam","Leap"],"picked":"Capacitor+1","floor":37.0},{"not_picked":["Compile Driver","Sweeping Beam"],"picked":"Go for the Eyes+1","floor":38.0},{"not_picked":["Discovery","Impatience"],"picked":"Flash of Steel","floor":45.0},{"not_picked":["Scrape+1","Streamline+1"],"picked":"Defragment","floor":48.0}],"player_experience":303880,"relics_obtained":[{"floor":6.0,"key":"Whetstone"},{"floor":9.0,"key":"War Paint"},{"floor":13.0,"key":"Pen Nib"},{"floor":24.0,"key":"Bottled Flame"},{"floor":26.0,"key":"Shovel"},{"floor":42.0,"key":"Turnip"},{"floor":43.0,"key":"Juzu Bracelet"},{"floor":44.0,"key":"Emotion Chip"},{"floor":46.0,"key":"PreservedInsect"}],"event_choices":[{"damage_healed":0.0,"max_hp_gain":0.0,"max_hp_loss":0.0,"gold_gain":0.0,"event_name":"Upgrade Shrine","player_choice":"Upgraded","floor":2.0,"gold_loss":0.0,"damage_taken":0.0,"cards_upgraded":["Zap"]},{"cards_removed":["Strike_B"],"damage_healed":0.0,"max_hp_gain":0.0,"max_hp_loss":0.0,"gold_gain":0.0,"event_name":"The Cleric","player_choice":"Card Removal","floor":4.0,"gold_loss":50.0,"damage_taken":0.0},{"damage_healed":0.0,"max_hp_gain":0.0,"max_hp_loss":0.0,"gold_gain":99.0,"event_name":"Nest","player_choice":"Stole From Cult","floor":19.0,"gold_loss":0.0,"damage_taken":0.0},{"cards_removed":["Strike_B"],"damage_healed":0.0,"max_hp_gain":0.0,"max_hp_loss":0.0,"gold_gain":0.0,"event_name":"Bonfire Elementals","player_choice":"Offered Basic","floor":21.0,"gold_loss":0.0,"damage_taken":0.0},{"cards_removed":["Strike_B"],"damage_healed":0.0,"max_hp_gain":0.0,"max_hp_loss":0.0,"gold_gain":0.0,"event_name":"Falling","player_choice":"Removed Attack","floor":36.0,"gold_loss":0.0,"damage_taken":0.0},{"damage_healed":0.0,"max_hp_gain":0.0,"max_hp_loss":0.0,"gold_gain":0.0,"event_name":"Winding Halls","player_choice":"Embrace Madness","floor":39.0,"gold_loss":0.0,"damage_taken":10.0,"cards_obtained":["Madness","Madness"]},{"damage_healed":0.0,"max_hp_gain":0.0,"max_hp_loss":0.0,"gold_gain":0.0,"event_name":"Upgrade Shrine","player_choice":"Upgraded","floor":41.0,"gold_loss":0.0,"damage_taken":0.0,"cards_upgraded":["Seek"]},{"damage_healed":0.0,"max_hp_gain":0.0,"max_hp_loss":0.0,"gold_gain":0.0,"event_name":"SensoryStone","player_choice":"Memory 1","floor":45.0,"gold_loss":0.0,"damage_taken":0.0}],"is_beta":false,"boss_relics":[{"not_picked":["Nuclear Battery","Philosopher\u0027s Stone"],"picked":"Sozu"},{"not_picked":["Busted Crown","Orrery"],"picked":"Fusion Hammer"}],"items_purged_floors":[],"is_endless":false,"potions_floor_spawned":[1,5,10,13,18,24,28,29,35,48],"ascension_level":8}