{"gold_per_floor":[215,134,134,134,144,160,186,186,186,203,218,218,14,29,29,29],"floor_reached":16,"playtime":427,"items_purged":["Strike_G"],"score":107,"play_id":"8449da89-b1a9-4a02-b030-1f3d9bc6a46d","local_time":"20181107164455","is_ascension_mode":true,"campfire_choices":[{"data":"Blade Dance","floor":8,"key":"SMITH"},{"data":"Blade Dance","floor":12,"key":"SMITH"},{"data":"Accuracy","floor":15,"key":"SMITH"}],"neow_cost":"NONE","seed_source_timestamp":971105676158150,"circlet_count":0,"master_deck":["Defend_G","Defend_G","Defend_G","Defend_G","Defend_G","Strike_G","Strike_G","Strike_G","Strike_G","Survivor","Neutralize","Endless Agony","Infinite Blades","Blade Dance+1","Deflect","Blade Dance+1","Infinite Blades","Accuracy+1"],"relics":["Ring of the Snake","Kunai"],"potions_floor_usage":[5,6,7,7,11,11,16,16],"damage_taken":[{"damage":0,"enemies":"2 Louse","floor":1,"turns":4},{"damage":0,"enemies":"Small Slimes","floor":5,"turns":3},{"damage":0,"enemies":"Cultist","floor":6,"turns":2},{"damage":1,"enemies":"Gremlin Nob","floor":7,"turns":3},{"damage":2,"enemies":"Looter","floor":10,"turns":3},{"damage":12,"enemies":"Exordium Thugs","floor":11,"turns":5},{"damage":2,"enemies":"Blue Slaver","floor":14,"turns":3},{"damage":0,"enemies":"Slime Boss","floor":16,"turns":2}],"seed_played":"4626814053621315610","potions_obtained":[{"floor":4,"key":"AttackPotion"},{"floor":4,"key":"SteroidPotion"},{"floor":4,"key":"Explosive Potion"},{"floor":5,"key":"Fire Potion"},{"floor":6,"key":"SpeedPotion"},{"floor":7,"key":"Poison Potion"},{"floor":11,"key":"SteroidPotion"}],"is_trial":false,"path_per_floor":["M","$","?","?","M","M","E","R","T","M","M","R","$","M","R","B"],"character_chosen":"THE_SILENT","items_purchased":["Endless Agony","Accuracy","SteroidPotion"],"campfire_rested":0,"item_purchase_floors":[2,13,13],"current_hp_per_floor":[70,70,75,75,75,75,74,74,74,72,60,60,60,58,58,58],"gold":29,"neow_bonus":"HUNDRED_GOLD","is_prod":false,"is_daily":false,"chose_seed":true,"campfire_upgraded":3,"win_rate":0,"timestamp":1541634295,"path_taken":["M","$","?","?","?","M","E","R","T","M","M","R","$","M","R","BOSS"],"build_version":"2018-11-06","purchased_purges":1,"victory":false,"max_hp_per_floor":[70,70,75,75,75,75,75,75,75,75,75,75,75,75,75,75],"card_choices":[{"not_picked":["Backflip","Calculated Gamble","Acrobatics"],"picked":"SKIP","floor":1},{"not_picked":["Expertise","Acrobatics"],"picked":"Infinite Blades","floor":5},{"not_picked":["Dash","Flying Knee"],"picked":"Blade Dance","floor":6},{"not_picked":["Outmaneuver","Dash"],"picked":"Deflect","floor":7},{"not_picked":["Deadly Poison","Noxious Fumes"],"picked":"Blade Dance","floor":10},{"not_picked":["Dagger Throw","Escape Plan"],"picked":"Infinite Blades","floor":11},{"not_picked":["Eviscerate","Skewer","Dagger Spray"],"picked":"SKIP","floor":14}],"player_experience":1125392,"relics_obtained":[{"floor":7,"key":"Kunai"}],"event_choices":[{"damage_healed":0,"gold_gain":0,"player_choice":"Donut","damage_taken":0,"max_hp_gain":5,"max_hp_loss":0,"event_name":"Big Fish","floor":3,"gold_loss":0},{"damage_healed":0,"gold_gain":0,"player_choice":"Got Potions","damage_taken":0,"max_hp_gain":0,"max_hp_loss":0,"event_name":"Lab","floor":4,"gold_loss":0}],"is_beta":true,"boss_relics":[],"items_purged_floors":[13],"is_endless":false,"potions_floor_spawned":[5,6,7,11],"killed_by":"Slime Boss","ascension_level":1}