{"gold_per_floor":[115,125,140,157,157,157,190,155,180,205,205,205,219,233,233,336,336,352,352,370,381,393,393,427,427,474,474,503,521,91,122,122,221,221,239,255,0,16,63,63,88,38,38,38,38,138,154,166,166,166],"floor_reached":51,"playtime":3172,"items_purged":["Strike_G","Strike_G"],"score":938,"play_id":"edd9be7f-9c2e-4ca6-9abc-be3e5d3df0b0","local_time":"20181118134210","is_ascension_mode":true,"campfire_choices":[{"data":"Neutralize","floor":6,"key":"SMITH"},{"floor":12,"key":"REST"},{"data":"Backflip","floor":15,"key":"SMITH"},{"data":"Cloak And Dagger","floor":23,"key":"SMITH"},{"data":"Cloak And Dagger","floor":32,"key":"SMITH"},{"data":"1","floor":40,"key":"LIFT"},{"data":"2","floor":45,"key":"LIFT"},{"data":"3","floor":49,"key":"LIFT"}],"neow_cost":"PERCENT_DAMAGE","seed_source_timestamp":12046323718866,"circlet_count":0,"master_deck":["Defend_G","Defend_G","Defend_G","Defend_G","Defend_G","Strike_G","Survivor","Neutralize+1","Quick Slash","PiercingWail","Cloak And Dagger+1","Dagger Spray","Dagger Throw","Endless Agony","Outmaneuver","Backflip+1","Burst","Backstab+1","Cloak And Dagger+1","Backflip+1","Noxious Fumes+1","Ghostly","Ghostly","Ghostly","Ghostly","Ghostly","Endless Agony","Well Laid Plans","Dodge and Roll+1","Acrobatics","Cloak And Dagger+1","Catalyst","Escape Plan+1","Madness","Madness","Parasite","PiercingWail+1"],"relics":["Ring of the Snake","Bird Faced Urn","Vajra","Oddly Smooth Stone","Bronze Scales","Gremlin Horn","WristBlade","Smiling Mask","Snake Skull","Calipers","Thread and Needle","Bottled Flame","Sozu","Red Mask","Girya","Meat on the Bone","Singing Bowl","Du-Vu Doll"],"potions_floor_usage":[16,24,24,50,50],"damage_taken":[{"damage":0,"enemies":"Cultist","floor":1,"turns":4},{"damage":0,"enemies":"2 Louse","floor":2,"turns":3},{"damage":3,"enemies":"Jaw Worm","floor":3,"turns":4},{"damage":3,"enemies":"Exordium Thugs","floor":4,"turns":7},{"damage":26,"enemies":"Gremlin Nob","floor":7,"turns":5},{"damage":17,"enemies":"3 Sentries","floor":10,"turns":6},{"damage":0,"enemies":"Gremlin Gang","floor":13,"turns":2},{"damage":0,"enemies":"Large Slime","floor":14,"turns":3},{"damage":19,"enemies":"The Guardian","floor":16,"turns":14},{"damage":4,"enemies":"Chosen","floor":18,"turns":5},{"damage":1,"enemies":"3 Byrds","floor":20,"turns":3},{"damage":0,"enemies":"Centurion and Healer","floor":21,"turns":5},{"damage":0,"enemies":"3 Cultists","floor":22,"turns":5},{"damage":15,"enemies":"Gremlin Leader","floor":24,"turns":6},{"damage":8,"enemies":"Colosseum Slavers","floor":25,"turns":3},{"damage":0,"enemies":"Book of Stabbing","floor":28,"turns":6},{"damage":0,"enemies":"Shelled Parasite and Fungi","floor":29,"turns":6},{"damage":0,"enemies":"Gremlin Leader","floor":31,"turns":6},{"damage":0,"enemies":"Collector","floor":33,"turns":8},{"damage":0,"enemies":"Orb Walker","floor":35,"turns":3},{"damage":0,"enemies":"3 Darklings","floor":36,"turns":6},{"damage":0,"enemies":"Maw","floor":38,"turns":10},{"damage":2,"enemies":"2 Orb Walkers","floor":39,"turns":6},{"damage":0,"enemies":"Nemesis","floor":41,"turns":7},{"damage":0,"enemies":"Mind Bloom Boss Battle","floor":46,"turns":7},{"damage":0,"enemies":"Writhing Mass","floor":47,"turns":7},{"damage":0,"enemies":"Jaw Worm Horde","floor":48,"turns":4},{"damage":36,"enemies":"Time Eater","floor":50,"turns":12}],"seed_played":"7713807630386513593","potions_obtained":[{"floor":3,"key":"AttackPotion"},{"floor":4,"key":"SteroidPotion"},{"floor":13,"key":"Fire Potion"},{"floor":16,"key":"GhostInAJar"},{"floor":24,"key":"FearPotion"},{"floor":28,"key":"Swift Potion"}],"is_trial":false,"path_per_floor":["M","M","M","M","?","R","E","?","T","E","T","R","M","M","R","B",null,"M","?","M","M","M","R","E","?","T","?","E","M","$","E","R","B",null,"M","M","?","M","?","R","E","$","T","?","R","?","M","M","R","B",null],"character_chosen":"THE_SILENT","items_purchased":["Thread and Needle","Well Laid Plans"],"campfire_rested":1,"item_purchase_floors":[30,30],"current_hp_per_floor":[49,49,46,43,36,36,10,27,27,10,10,31,31,31,31,12,70,66,66,65,65,65,65,52,44,44,35,35,35,35,35,35,35,35,35,35,35,35,33,33,35,35,35,31,31,37,39,39,39,15],"gold":166,"neow_bonus":"ONE_RARE_RELIC","is_prod":false,"is_daily":false,"chose_seed":false,"campfire_upgraded":4,"win_rate":0,"timestamp":1542555730,"path_taken":["M","M","M","M","?","R","E","?","T","E","?","R","M","M","R","BOSS","M","?","M","M","?","R","E","?","T","?","E","M","$","E","R","BOSS","M","M","?","M","?","R","E","$","T","?","R","?","M","M","R","BOSS"],"build_version":"2018-11-15","purchased_purges":2,"victory":true,"max_hp_per_floor":[70,70,70,70,70,70,70,70,70,70,70,70,70,70,70,70,70,70,70,70,70,70,70,70,70,70,35,35,35,35,35,35,35,35,35,35,35,35,35,35,35,35,35,35,35,37,39,39,39,39],"card_choices":[{"not_picked":["Sucker Punch","Dash"],"picked":"Quick Slash","floor":1},{"not_picked":["Expertise","Distraction"],"picked":"PiercingWail","floor":2},{"not_picked":["Outmaneuver","Dagger Spray"],"picked":"Cloak And Dagger","floor":3},{"not_picked":["Predator","Acrobatics"],"picked":"Dagger Spray","floor":4},{"not_picked":["Deadly Poison","Flying Knee"],"picked":"Dagger Throw","floor":7},{"not_picked":["Bouncing Flask","Dagger Spray"],"picked":"Endless Agony","floor":10},{"not_picked":["Poisoned Stab","Dash"],"picked":"Outmaneuver","floor":13},{"not_picked":["Storm of Steel","Prepared"],"picked":"Backflip","floor":14},{"not_picked":["Malaise","A Thousand Cuts"],"picked":"Burst","floor":16},{"not_picked":["Blade Dance","Flechettes"],"picked":"Backstab+1","floor":18},{"not_picked":["Terror","Deflect"],"picked":"Cloak And Dagger","floor":20},{"not_picked":["PiercingWail","Crippling Poison"],"picked":"Backflip+1","floor":21},{"not_picked":["Masterful Stab+1","Cloak And Dagger"],"picked":"Noxious Fumes+1","floor":22},{"not_picked":["Tools of the Trade","Predator","Deadly Poison"],"picked":"SKIP","floor":24},{"not_picked":["Flying Knee","Skewer"],"picked":"Endless Agony","floor":28},{"not_picked":["All Out Attack","Flying Knee","Poisoned Stab"],"picked":"SKIP","floor":29},{"not_picked":["Wraith Form v2","Outmaneuver","Backflip"],"picked":"SKIP","floor":31},{"not_picked":["Reflex","Bane"],"picked":"Dodge and Roll+1","floor":35},{"not_picked":["Dodge and Roll+1","Blade Dance"],"picked":"Acrobatics","floor":36},{"not_picked":["Blur+1","PiercingWail+1"],"picked":"Cloak And Dagger+1","floor":38},{"not_picked":["Envenom","Prepared"],"picked":"Catalyst","floor":39},{"not_picked":["Quick Slash+1","Dodge and Roll+1"],"picked":"Escape Plan+1","floor":41},{"not_picked":["Terror","Acrobatics","Outmaneuver"],"picked":"Singing Bowl","floor":46},{"not_picked":["Escape Plan","Terror+1","Riddle With Holes"],"picked":"Singing Bowl","floor":47},{"not_picked":["Dagger Throw","Unload"],"picked":"PiercingWail+1","floor":48}],"player_experience":127203,"relics_obtained":[{"floor":7,"key":"Vajra"},{"floor":9,"key":"Oddly Smooth Stone"},{"floor":10,"key":"Bronze Scales"},{"floor":11,"key":"Gremlin Horn"},{"floor":24,"key":"Smiling Mask"},{"floor":26,"key":"Snake Skull"},{"floor":28,"key":"Calipers"},{"floor":31,"key":"Bottled Flame"},{"floor":39,"key":"Girya"},{"floor":41,"key":"Meat on the Bone"},{"floor":43,"key":"Singing Bowl"},{"floor":46,"key":"Du-Vu Doll"}],"event_choices":[{"cards_removed":["Strike_G"],"damage_healed":0,"gold_gain":0,"player_choice":"Card Removal","damage_taken":7,"max_hp_gain":0,"max_hp_loss":0,"event_name":"Golden Wing","floor":5,"gold_loss":0},{"damage_healed":17,"gold_gain":0,"player_choice":"Healed","damage_taken":0,"max_hp_gain":0,"max_hp_loss":0,"event_name":"The Cleric","floor":8,"gold_loss":35},{"cards_removed":["Strike_G"],"damage_healed":0,"gold_gain":0,"player_choice":"Offered Basic","damage_taken":0,"max_hp_gain":0,"max_hp_loss":0,"event_name":"Bonfire Elementals","floor":19,"gold_loss":0},{"damage_healed":0,"gold_gain":0,"player_choice":"Fight","damage_taken":0,"max_hp_gain":0,"max_hp_loss":0,"event_name":"Colosseum","floor":25,"gold_loss":0},{"damage_healed":0,"gold_gain":0,"player_choice":"Fled From Nobs","damage_taken":0,"max_hp_gain":0,"max_hp_loss":0,"event_name":"Colosseum","floor":25,"gold_loss":0},{"damage_healed":0,"gold_gain":0,"player_choice":"Became a Ghost","damage_taken":0,"max_hp_gain":0,"max_hp_loss":35,"event_name":"Ghosts","floor":27,"gold_loss":0,"cards_obtained":["Ghostly","Ghostly","Ghostly","Ghostly","Ghostly"]},{"damage_healed":0,"gold_gain":0,"player_choice":"Paid","damage_taken":0,"relics_obtained":["Red Mask"],"max_hp_gain":0,"max_hp_loss":0,"event_name":"Tomb of Lord Red Mask","floor":37,"gold_loss":255},{"damage_healed":0,"gold_gain":0,"player_choice":"Fight","damage_taken":0,"max_hp_gain":0,"max_hp_loss":0,"event_name":"Mysterious Sphere","floor":39,"gold_loss":0},{"damage_healed":0,"gold_gain":0,"player_choice":"Embrace Madness","damage_taken":4,"max_hp_gain":0,"max_hp_loss":0,"event_name":"Winding Halls","floor":44,"gold_loss":0,"cards_obtained":["Madness","Madness"]},{"damage_healed":0,"gold_gain":0,"player_choice":"Fight","damage_taken":0,"max_hp_gain":0,"max_hp_loss":0,"event_name":"MindBloom","floor":46,"gold_loss":0}],"is_beta":false,"boss_relics":[{"not_picked":["White Beast Statue","Ectoplasm"],"picked":"WristBlade"},{"not_picked":["HoveringKite","Cursed Key"],"picked":"Sozu"}],"items_purged_floors":[30,42],"is_endless":false,"potions_floor_spawned":[3,4,13,16,24,28,31,36,39,41,47,48],"ascension_level":1}