{"gold_per_floor":[114,128,93,243,259,287,306,306,331,331,364,56,56,6,6,82,82,99,109,59,59],"floor_reached":21,"playtime":676,"items_purged":["Doubt","Parasite","Strike_R"],"score":374,"play_id":"95ace885-da02-4759-bf93-9aaebc09579c","local_time":"20190219110449","is_ascension_mode":true,"campfire_choices":[{"floor":8.0,"key":"REST"},{"floor":15.0,"key":"REST"}],"neow_cost":"PERCENT_DAMAGE","seed_source_timestamp":348708004886671,"circlet_count":0,"master_deck":["AscendersBane","Strike_R","Strike_R","Strike_R","Strike_R","Defend_R","Bash","Clothesline","Metallicize","Armaments","Demon Form","Iron Wave","Warcry","Whirlwind","Dark Embrace","Sword Boomerang+1","Bludgeon+1","Carnage+1","Dropkick","Twin Strike+1"],"special_seed":0,"relics":["Burning Blood","Nunchaku","Boot","Smiling Mask","Potion Belt","PreservedInsect","CultistMask","Astrolabe"],"potions_floor_usage":[],"damage_taken":[{"damage":7.0,"enemies":"Jaw Worm","floor":1.0,"turns":4.0},{"damage":1.0,"enemies":"Small Slimes","floor":2.0,"turns":4.0},{"damage":10.0,"enemies":"2 Louse","floor":5.0,"turns":3.0},{"damage":40.0,"enemies":"Lagavulin","floor":6.0,"turns":9.0},{"damage":13.0,"enemies":"Gremlin Gang","floor":7.0,"turns":7.0},{"damage":50.0,"enemies":"3 Sentries","floor":11.0,"turns":9.0},{"damage":30.0,"enemies":"Slime Boss","floor":16.0,"turns":9.0},{"damage":39,"enemies":"Shell Parasite","floor":18,"turns":4},{"damage":19,"enemies":"3 Byrds","floor":19,"turns":3},{"damage":12,"enemies":"3 Cultists","floor":21,"turns":3}],"seed_played":"4895372057806741950","potions_obtained":[{"floor":1.0,"key":"SpeedPotion"},{"floor":6.0,"key":"Fire Potion"},{"floor":7.0,"key":"Explosive Potion"},{"floor":11.0,"key":"SneckoOil"}],"is_trial":false,"path_per_floor":["M","M","?","?","M","E","M","R","T","?","E","$","?","$","R","B",null,"M","M","$","M"],"character_chosen":"IRONCLAD","items_purchased":["PreservedInsect","Whirlwind"],"campfire_rested":2,"item_purchase_floors":[12,12],"current_hp_per_floor":[49,54,72,72,68,34,27,49,49,67,23,23,23,23,44,20,59,26,13,13,1],"gold":59,"neow_bonus":"ONE_RARE_RELIC","is_prod":false,"is_daily":false,"chose_seed":false,"campfire_upgraded":0,"win_rate":0,"timestamp":1550599489,"path_taken":["M","M","?","?","M","E","M","R","T","?","E","$","?","$","R","BOSS","M","M","$","M"],"build_version":"2019-01-23","purchased_purges":3,"victory":false,"max_hp_per_floor":[75,75,75,75,75,75,75,75,75,75,75,75,75,72,72,72,72,72,72,72,72],"card_choices":[{"not_picked":["Second Wind","Sword Boomerang"],"picked":"Clothesline","floor":1.0},{"not_picked":["Intimidate","Clothesline"],"picked":"Metallicize","floor":2.0},{"not_picked":["Blood for Blood","Rage"],"picked":"Armaments","floor":5.0},{"not_picked":["Bloodletting","Power Through"],"picked":"Demon Form","floor":6.0},{"not_picked":["Entrench","Whirlwind"],"picked":"Iron Wave","floor":7.0},{"not_picked":["Rupture","Hemokinesis"],"picked":"Warcry","floor":11.0},{"not_picked":["Double Tap","Immolate"],"picked":"Dark Embrace","floor":16.0},{"not_picked":["Sword Boomerang","Hemokinesis"],"picked":"Dropkick","floor":18},{"not_picked":["Cleave","Rage"],"picked":"Twin Strike+1","floor":19}],"player_experience":847155,"relics_obtained":[{"floor":6.0,"key":"Boot"},{"floor":9.0,"key":"Smiling Mask"},{"floor":11.0,"key":"Potion Belt"}],"event_choices":[{"damage_healed":18.0,"max_hp_gain":0.0,"max_hp_loss":0.0,"gold_gain":0.0,"event_name":"The Cleric","player_choice":"Healed","floor":3.0,"gold_loss":35.0,"damage_taken":0.0},{"damage_healed":0.0,"max_hp_gain":0.0,"max_hp_loss":0.0,"gold_gain":150.0,"event_name":"Liars Game","player_choice":"AGREE","floor":4.0,"gold_loss":0.0,"damage_taken":0.0,"cards_obtained":["Doubt"]},{"damage_healed":18.0,"max_hp_gain":0.0,"max_hp_loss":0.0,"gold_gain":0.0,"event_name":"Mushrooms","player_choice":"Healed and dodged fight","floor":10.0,"gold_loss":0.0,"damage_taken":0.0,"cards_obtained":["Parasite"]},{"damage_healed":0.0,"max_hp_gain":0.0,"max_hp_loss":0.0,"gold_gain":0.0,"event_name":"FaceTrader","player_choice":"Trade","floor":13.0,"gold_loss":0.0,"damage_taken":0.0,"relics_obtained":["CultistMask"]}],"is_beta":false,"boss_relics":[{"not_picked":["Coffee Dripper","Sozu"],"picked":"Astrolabe"}],"items_purged_floors":[12,14,20],"is_endless":false,"potions_floor_spawned":[1,6,7,11],"killed_by":"3 Cultists","ascension_level":20}