{"gold_per_floor":[114,114,138,63,63,107,107,122,122,165,165,208,229,244,244,244],"floor_reached":16,"playtime":588,"items_purged":["Strike_B"],"score":157,"play_id":"69b2048a-0244-4d92-a508-26b20dca7a70","local_time":"20190125034747","is_ascension_mode":true,"campfire_choices":[{"data":"Dualcast","floor":7,"key":"SMITH"},{"data":"Blizzard","floor":11,"key":"SMITH"},{"data":"Reinforced Body","floor":15,"key":"SMITH"}],"neow_cost":"NONE","seed_source_timestamp":135420174360114,"circlet_count":0,"master_deck":["Strike_B","Strike_B","Defend_B","Defend_B","Defend_B","Defend_B","Zap","Dualcast+1","Cold Snap","Blizzard+1","Leap","Reinforced Body+1"],"relics":["Cracked Core","Golden Idol","Ancient Tea Set","Symbiotic Virus","Gremlin Horn","Smiling Mask","Nunchaku"],"potions_floor_usage":[12],"damage_taken":[{"damage":10,"enemies":"2 Louse","floor":1,"turns":3},{"damage":34,"enemies":"Gremlin Nob","floor":6,"turns":6},{"damage":2,"enemies":"Jaw Worm","floor":8,"turns":2},{"damage":20,"enemies":"Lagavulin","floor":10,"turns":6},{"damage":0,"enemies":"Gremlin Nob","floor":12,"turns":4},{"damage":2,"enemies":"Small Slimes","floor":13,"turns":3},{"damage":4,"enemies":"Exordium Thugs","floor":14,"turns":5},{"damage":12,"enemies":"The Guardian","floor":16,"turns":2}],"seed_played":"-7089958702716060698","potions_obtained":[{"floor":6,"key":"SkillPotion"},{"floor":8,"key":"Ancient Potion"}],"is_trial":false,"path_per_floor":["M","?","T","$","?","E","R","M","T","E","R","E","M","M","R","B"],"character_chosen":"DEFECT","items_purchased":[],"campfire_rested":0,"item_purchase_floors":[],"current_hp_per_floor":[72,72,72,72,72,38,38,36,36,16,16,16,14,10,10,0],"gold":244,"neow_bonus":"TEN_PERCENT_HP_BONUS","is_prod":false,"is_daily":false,"chose_seed":false,"campfire_upgraded":3,"win_rate":0,"timestamp":1548384467,"path_taken":["M","?","?","$","?","E","R","M","T","E","R","E","M","M","R","BOSS"],"build_version":"2019-01-23","purchased_purges":1,"victory":false,"max_hp_per_floor":[82,76,76,76,76,76,76,76,76,76,76,76,76,76,76,76],"card_choices":[{"not_picked":["Rebound","Storm"],"picked":"Cold Snap","floor":1},{"not_picked":["Heatsinks","Rebound","Beam Cell"],"picked":"SKIP","floor":6},{"not_picked":["Meteor Strike","Sunder","Melter"],"picked":"SKIP","floor":8},{"not_picked":["Beam Cell","Storm"],"picked":"Blizzard","floor":10},{"not_picked":["Ball Lightning","Turbo","Reprogram"],"picked":"SKIP","floor":12},{"not_picked":["Steam","Streamline"],"picked":"Leap","floor":13},{"not_picked":["Fusion","Steam"],"picked":"Reinforced Body","floor":14}],"player_experience":61880,"relics_obtained":[{"floor":3,"key":"Ancient Tea Set"},{"floor":6,"key":"Symbiotic Virus"},{"floor":9,"key":"Gremlin Horn"},{"floor":10,"key":"Smiling Mask"},{"floor":12,"key":"Nunchaku"}],"event_choices":[{"damage_healed":0,"gold_gain":0,"player_choice":"Lose Max HP","damage_taken":0,"relics_obtained":["Golden Idol"],"max_hp_gain":0,"max_hp_loss":6,"event_name":"Golden Idol","floor":2,"gold_loss":0},{"cards_removed":["Strike_B"],"damage_healed":0,"gold_gain":0,"player_choice":"Card Removal","damage_taken":0,"max_hp_gain":0,"max_hp_loss":0,"event_name":"Wheel of Change","floor":5,"gold_loss":0}],"is_beta":false,"boss_relics":[],"items_purged_floors":[4],"is_endless":false,"potions_floor_spawned":[6,8],"killed_by":"The Guardian","ascension_level":2}