{"gold_per_floor":[17,31,47,65,65,65,94,73,97,19,19,42,53,69,69,140,190,206,48,48,48,62,62,90,102,126,126,142,142,142,165,165,165],"floor_reached":33,"playtime":1515,"items_purged":[],"score":546,"play_id":"d0a357b2-a1cb-474e-9f89-5dd29c5925dd","local_time":"20190120160314","is_ascension_mode":true,"campfire_choices":[{"data":"Neutralize","floor":6,"key":"SMITH"},{"data":"Footwork","floor":11,"key":"SMITH"},{"data":"Noxious Fumes","floor":15,"key":"SMITH"},{"data":"Leg Sweep","floor":23,"key":"SMITH"},{"data":"Caltrops","floor":27,"key":"SMITH"},{"data":"Dodge and Roll","floor":29,"key":"SMITH"},{"data":"Caltrops","floor":32,"key":"SMITH"}],"neow_cost":"NO_GOLD","seed_source_timestamp":942970889978273,"circlet_count":0,"master_deck":["AscendersBane","Defend_G+1","Defend_G+1","Defend_G+1","Survivor","Neutralize+1","Dagger Spray","Dagger Spray","Caltrops+1","Footwork+1","Corpse Explosion","Caltrops+1","Noxious Fumes+1","Leg Sweep+1","Cloak And Dagger","Adrenaline","Backstab","Bite","Bite","Bite","Bite","Bite","Adrenaline","Poisoned Stab","Dodge and Roll+1"],"relics":["Ring of the Snake","Ancient Tea Set","Centennial Puzzle","Tiny House","Whetstone","Smiling Mask","Vajra","Strawberry"],"potions_floor_usage":[7,7,13,22,24,24,24,25,28],"damage_taken":[{"damage":3,"enemies":"Cultist","floor":1,"turns":4},{"damage":0,"enemies":"Small Slimes","floor":2,"turns":4},{"damage":0,"enemies":"Jaw Worm","floor":3,"turns":3},{"damage":6,"enemies":"Lots of Slimes","floor":4,"turns":2},{"damage":9,"enemies":"Lagavulin","floor":7,"turns":9},{"damage":10,"enemies":"Exordium Thugs","floor":8,"turns":5},{"damage":4,"enemies":"Large Slime","floor":13,"turns":4},{"damage":9,"enemies":"Red Slaver","floor":14,"turns":5},{"damage":23,"enemies":"The Guardian","floor":16,"turns":11},{"damage":2,"enemies":"Chosen","floor":18,"turns":6},{"damage":28,"enemies":"Shell Parasite","floor":22,"turns":5},{"damage":19,"enemies":"Book of Stabbing","floor":24,"turns":4},{"damage":12,"enemies":"Snake Plant","floor":25,"turns":4},{"damage":0,"enemies":"Centurion and Healer","floor":28,"turns":5},{"damage":92,"enemies":"Automaton","floor":33,"turns":12}],"seed_played":"-267851589733630818","potions_obtained":[{"floor":1,"key":"Block Potion"},{"floor":4,"key":"FearPotion"},{"floor":8,"key":"Fire Potion"},{"floor":14,"key":"Weak Potion"},{"floor":16,"key":"LiquidBronze"},{"floor":22,"key":"EntropicBrew"},{"floor":25,"key":"Swift Potion"}],"is_trial":false,"path_per_floor":["M","M","M","M","?","R","E","M","T","$","R","T","M","M","R","B",null,"M","$","?","?","M","R","E","M","T","R","M","R","?","T","R","B"],"character_chosen":"THE_SILENT","items_purchased":["Noxious Fumes","Whetstone"],"campfire_rested":0,"item_purchase_floors":[10,19],"current_hp_per_floor":[56,56,56,50,66,66,57,49,49,49,49,49,47,40,40,19,59,59,59,59,59,45,45,32,24,24,24,34,34,34,41,41,0],"gold":165,"neow_bonus":"REMOVE_TWO","is_prod":false,"is_daily":false,"chose_seed":false,"campfire_upgraded":7,"win_rate":0,"timestamp":1548025394,"path_taken":["M","M","?","M","?","R","E","M","T","$","R","?","M","M","R","BOSS","M","?","?","?","M","R","E","M","T","R","?","R","?","?","R","BOSS"],"build_version":"2019-01-19","purchased_purges":0,"victory":false,"max_hp_per_floor":[66,66,66,66,66,66,66,66,66,66,66,66,66,66,66,66,71,71,71,71,71,71,71,71,71,71,71,71,71,71,78,78,78],"card_choices":[{"not_picked":["Flechettes","Quick Slash"],"picked":"Dagger Spray","floor":1},{"not_picked":["Deadly Poison","Prepared"],"picked":"Dagger Spray","floor":2},{"not_picked":["Terror","Slice"],"picked":"Caltrops","floor":3},{"not_picked":["Tactician","Blade Dance"],"picked":"Footwork","floor":4},{"not_picked":["Cloak And Dagger","Blade Dance"],"picked":"Corpse Explosion","floor":7},{"not_picked":["Flying Knee","Bouncing Flask"],"picked":"Caltrops","floor":8},{"not_picked":["Poisoned Stab","Crippling Poison"],"picked":"Leg Sweep","floor":13},{"not_picked":["Prepared","Dagger Throw"],"picked":"Cloak And Dagger","floor":14},{"not_picked":["Envenom","Venomology"],"picked":"Adrenaline","floor":16},{"not_picked":["Blade Dance","Skewer"],"picked":"Backstab","floor":18},{"not_picked":["Quick Slash","Heel Hook","Sucker Punch"],"picked":"SKIP","floor":22},{"not_picked":["Predator","Blade Dance"],"picked":"Adrenaline","floor":24},{"not_picked":["Outmaneuver","Dagger Spray"],"picked":"Poisoned Stab","floor":25},{"not_picked":["Flechettes","Bane"],"picked":"Dodge and Roll","floor":28}],"player_experience":1237933,"relics_obtained":[{"floor":7,"key":"Blood Vial"},{"floor":9,"key":"Ancient Tea Set"},{"floor":12,"key":"Centennial Puzzle"},{"floor":24,"key":"Smiling Mask"},{"floor":26,"key":"Vajra"},{"floor":31,"key":"Strawberry"}],"event_choices":[{"damage_healed":22,"gold_gain":0,"player_choice":"Banana","damage_taken":0,"max_hp_gain":0,"max_hp_loss":0,"event_name":"Big Fish","floor":5,"gold_loss":0},{"damage_healed":0,"gold_gain":0,"player_choice":"Became a vampire (Vial)","damage_taken":0,"max_hp_gain":0,"max_hp_loss":0,"event_name":"Vampires","floor":20,"relics_lost":["Blood Vial"],"gold_loss":0,"cards_obtained":["Bite","Bite","Bite","Bite","Bite"]},{"cards_removed":["Defend_G"],"damage_healed":0,"gold_gain":0,"player_choice":"Purged","damage_taken":0,"max_hp_gain":0,"max_hp_loss":0,"event_name":"Purifier","floor":21,"gold_loss":0},{"damage_healed":0,"gold_gain":0,"player_choice":"Simplicity","damage_taken":0,"max_hp_gain":0,"max_hp_loss":0,"event_name":"Back to Basics","floor":30,"gold_loss":0,"cards_upgraded":["Defend_G","Defend_G"]}],"is_beta":true,"boss_relics":[{"not_picked":["Orrery","Eternal Feather"],"picked":"Tiny House"}],"items_purged_floors":[],"is_endless":false,"potions_floor_spawned":[1,4,8,14,16,18,22,25],"killed_by":"Automaton","ascension_level":19}