{"gold_per_floor":[110,121,121,121,138,138,168,202,202,377,377,377,396,428,428,529,529,540,455,66,84,84,110,110,130,156,172,172,201,201,212,212,313,313,325,325,21,21,41,70,70,89,114,149,149,164,101,112,112,112],"floor_reached":51,"playtime":4521,"items_purged":["Strike_B","Coolheaded","Defend_B"],"score":728,"play_id":"18526346-16df-4bf5-b6ed-392889f91ff2","local_time":"20181013115715","is_ascension_mode":false,"campfire_choices":[{"data":"Zap","floor":6,"key":"SMITH"},{"data":"Loop","floor":11,"key":"SMITH"},{"floor":15,"key":"REST"},{"data":"Dualcast","floor":24,"key":"SMITH"},{"floor":30,"key":"REST"},{"floor":32,"key":"REST"},{"data":"Conserve Battery","floor":41,"key":"SMITH"},{"floor":45,"key":"REST"},{"floor":49,"key":"REST"}],"neow_cost":"NONE","seed_source_timestamp":8007077435466,"circlet_count":0,"master_deck":["Defend_B","Zap+1","Dualcast+1","Loop+1","FTL","Compile Driver","Streamline","Thunder Strike","Conserve Battery+1","Machine Learning","Steam+1","Electrodynamics+1","Melter+1","Conserve Battery","Redo+1","Gash+1","Go for the Eyes+1","Beam Cell+1","Gash","BootSequence+1","White Noise+1","Leap+1","Redo+1","Defragment+1","Steam+1","Echo Form","Gash+1","Aggregate+1","Dark Shackles+1","Conserve Battery+1","Hello World+1","Static Discharge+1","White Noise+1","Beam Cell+1","Capacitor+1"],"relics":["Cracked Core","Odd Mushroom","Darkstone Periapt","Bag of Preparation","Prayer Wheel","Astrolabe","Gremlin Horn","Membership Card","Toxic Egg 2","Nilry\u0027s Codex","Lantern","Pen Nib","Mercury Hourglass","Thread and Needle","Frozen Eye","Letter Opener","Anchor","PreservedInsect"],"potions_floor_usage":[7,8,14,23,27,29,29,33,44,44,48,50],"damage_taken":[{"damage":2,"enemies":"2 Louse","floor":1,"turns":2},{"damage":1,"enemies":"Cultist","floor":2,"turns":3},{"damage":3,"enemies":"Jaw Worm","floor":5,"turns":3},{"damage":16,"enemies":"The Mushroom Lair","floor":7,"turns":3},{"damage":17,"enemies":"3 Sentries","floor":8,"turns":6},{"damage":10,"enemies":"Exordium Thugs","floor":13,"turns":4},{"damage":13,"enemies":"Gremlin Nob","floor":14,"turns":3},{"damage":31,"enemies":"The Guardian","floor":16,"turns":8},{"damage":0,"enemies":"Spheric Guardian","floor":18,"turns":2},{"damage":5,"enemies":"Shell Parasite","floor":21,"turns":4},{"damage":34,"enemies":"Gremlin Leader","floor":23,"turns":5},{"damage":0,"enemies":"Sentry and Sphere","floor":25,"turns":2},{"damage":12,"enemies":"Snake Plant","floor":27,"turns":3},{"damage":14,"enemies":"Book of Stabbing","floor":29,"turns":5},{"damage":0,"enemies":"3 Cultists","floor":31,"turns":2},{"damage":17,"enemies":"Champ","floor":33,"turns":8},{"damage":0,"enemies":"3 Shapes","floor":35,"turns":2},{"damage":32,"enemies":"3 Darklings","floor":39,"turns":5},{"damage":24,"enemies":"Giant Head","floor":40,"turns":7},{"damage":0,"enemies":"4 Shapes","floor":42,"turns":2},{"damage":9,"enemies":"2 Orb Walkers","floor":44,"turns":3},{"damage":0,"enemies":"Spire Growth","floor":46,"turns":4},{"damage":16,"enemies":"Transient","floor":48,"turns":5},{"damage":37,"enemies":"Donu and Deca","floor":50,"turns":5}],"seed_played":"-7925822046848244657","potions_obtained":[{"floor":0,"key":"LiquidBronze"},{"floor":0,"key":"AttackPotion"},{"floor":0,"key":"Dexterity Potion"},{"floor":2,"key":"Block Potion"},{"floor":7,"key":"GamblersBrew"},{"floor":8,"key":"Swift Potion"},{"floor":13,"key":"FairyPotion"},{"floor":14,"key":"SkillPotion"},{"floor":25,"key":"AttackPotion"},{"floor":27,"key":"FocusPotion"},{"floor":31,"key":"Block Potion"},{"floor":33,"key":"FairyPotion"},{"floor":40,"key":"PowerPotion"},{"floor":42,"key":"AttackPotion"},{"floor":46,"key":"Weak Potion"},{"floor":48,"key":"Explosive Potion"}],"is_trial":false,"path_per_floor":["M","M","?","?","M","R","?","E","T","?","R","?","M","E","R","B",null,"M","?","$","M","?","E","R","M","T","M","?","E","R","M","R","B",null,"M","?","$","?","M","E","R","M","T","E","R","M","$","M","R","B"],"character_chosen":"DEFECT","items_purchased":["Membership Card","Toxic Egg 2","Redo+1","Thread and Needle","Frozen Eye"],"campfire_rested":5,"item_purchase_floors":[20,20,20,37,37],"current_hp_per_floor":[73,72,65,65,62,62,46,29,29,35,35,35,25,12,36,5,81,81,81,81,76,60,26,26,26,26,14,14,8,32,32,56,39,81,81,81,81,81,49,25,25,25,25,16,40,40,40,24,48,11],"gold":112,"neow_bonus":"THREE_SMALL_POTIONS","is_prod":false,"is_daily":false,"chose_seed":false,"campfire_upgraded":4,"win_rate":0.0,"timestamp":1539442635,"path_taken":["M","M","?","?","?","R","?","E","T","?","R","?","M","E","R","BOSS","M","?","$","M","?","E","R","M","T","M","?","E","R","M","R","BOSS","M","?","$","?","M","E","R","M","T","E","R","M","$","M","R","BOSS"],"build_version":"2018-10-11","purchased_purges":3,"victory":true,"max_hp_per_floor":[75,75,75,75,75,75,75,75,75,81,81,81,81,81,81,81,81,81,81,81,81,81,81,81,81,81,81,81,81,81,81,81,81,81,81,81,81,81,81,81,81,81,81,81,81,81,81,81,81,81],"card_choices":[{"not_picked":["Rebound","Capacitor"],"picked":"Loop","floor":1},{"not_picked":["Steam","Go for the Eyes"],"picked":"FTL","floor":2},{"not_picked":["Steam Power","Steam"],"picked":"Compile Driver","floor":5},{"not_picked":["Rebound","Cold Snap"],"picked":"Streamline","floor":7},{"not_picked":["Leap","Chill"],"picked":"Thunder Strike","floor":8},{"not_picked":["Ball Lightning","Compile Driver"],"picked":"Sweeping Beam","floor":13},{"not_picked":["Stack","Buffer"],"picked":"Conserve Battery","floor":14},{"not_picked":["Rainbow","Thunder Strike"],"picked":"Machine Learning","floor":16},{"not_picked":["Sweeping Beam","Go for the Eyes"],"picked":"Conserve Battery","floor":18},{"not_picked":["Heatsinks","Sweeping Beam"],"picked":"Coolheaded","floor":18},{"not_picked":["Barrage","FTL+1"],"picked":"Gash+1","floor":21},{"not_picked":["Stack+1","Coolheaded+1"],"picked":"Go for the Eyes+1","floor":21},{"not_picked":["Stack+1","Biased Cognition"],"picked":"Beam Cell+1","floor":23},{"not_picked":["Melter","Redo+1"],"picked":"Gash","floor":25},{"not_picked":["Static Discharge","Stack+1"],"picked":"BootSequence+1","floor":25},{"not_picked":["Hologram+1","Force Field+1"],"picked":"White Noise+1","floor":27},{"not_picked":["Rebound","Hologram+1"],"picked":"Leap+1","floor":27},{"not_picked":["Creative AI","White Noise+1"],"picked":"Redo+1","floor":29},{"not_picked":["Compile Driver+1","Tempest+1"],"picked":"Defragment+1","floor":31},{"not_picked":["Steam Power+1","Sweeping Beam+1"],"picked":"Steam+1","floor":31},{"not_picked":["Buffer","Thunder Strike"],"picked":"Echo Form","floor":33},{"not_picked":["Ball Lightning","Genetic Algorithm+1"],"picked":"Gash+1","floor":35},{"not_picked":["Streamline+1","Ball Lightning+1"],"picked":"Aggregate+1","floor":35},{"not_picked":["PanicButton+1","The Bomb+1"],"picked":"Dark Shackles+1","floor":38},{"not_picked":["Hologram+1","Go for the Eyes+1"],"picked":"Conserve Battery+1","floor":39},{"not_picked":["Streamline+1","Doom and Gloom+1","Coolheaded+1"],"picked":"SKIP","floor":39},{"not_picked":["Coolheaded+1","Go for the Eyes"],"picked":"Hello World+1","floor":40},{"not_picked":["Sweeping Beam+1","Cold Snap"],"picked":"Static Discharge+1","floor":42},{"not_picked":["Lockon+1","Auto Shields+1","Static Discharge+1"],"picked":"SKIP","floor":42},{"not_picked":["Rebound","Static Discharge+1","Compile Driver+1"],"picked":"SKIP","floor":44},{"not_picked":["Cold Snap+1","Coolheaded+1"],"picked":"White Noise+1","floor":46},{"not_picked":["Storm+1","Darkness+1","Steam+1"],"picked":"SKIP","floor":46},{"not_picked":["Leap+1","Go for the Eyes+1"],"picked":"Beam Cell+1","floor":48},{"not_picked":["Reprogram+1","Multi-Cast+1"],"picked":"Capacitor+1","floor":48}],"player_experience":30635,"relics_obtained":[{"floor":7,"key":"Odd Mushroom"},{"floor":8,"key":"Darkstone Periapt"},{"floor":9,"key":"Bag of Preparation"},{"floor":14,"key":"Prayer Wheel"},{"floor":22,"key":"Nilry\u0027s Codex"},{"floor":23,"key":"Lantern"},{"floor":26,"key":"Pen Nib"},{"floor":29,"key":"Mercury Hourglass"},{"floor":40,"key":"Letter Opener"},{"floor":43,"key":"Anchor"},{"floor":44,"key":"PreservedInsect"}],"event_choices":[{"event_name":"Golden Wing","player_choice":"Card Removal","floor":3,"damage_taken":0},{"event_name":"Wheel of Change","player_choice":"Card Removal","floor":4,"damage_taken":0},{"event_name":"Mushrooms","player_choice":"Fought Mushrooms","floor":7,"damage_taken":0},{"event_name":"Liars Game","player_choice":"agreed","floor":10,"damage_taken":0},{"event_name":"Living Wall","player_choice":"Forget","floor":12,"damage_taken":0},{"event_name":"Addict","player_choice":"Obtained Relic","floor":19,"damage_taken":0},{"event_name":"Cursed Tome","player_choice":"Obtained Book","floor":22,"damage_taken":0},{"event_name":"Ghosts","player_choice":"Ignored","floor":28,"damage_taken":0},{"event_name":"Falling","player_choice":"Removed Attack","floor":36,"damage_taken":0},{"event_name":"SensoryStone","player_choice":"Memory 1","floor":38,"damage_taken":0}],"is_beta":false,"boss_relics":[{"not_picked":["Nuclear Battery","Cursed Key"],"picked":"Astrolabe"},{"not_picked":["Philosopher\u0027s Stone","Runic Pyramid","Fusion Hammer"]}],"items_purged_floors":[20,37,47],"is_endless":false,"potions_floor_spawned":[2,7,8,13,14,25,27,31,33,40,42,46,48],"ascension_level":0}