{"gold_per_floor":[111,121,132,132,207,207,220,220,220,235,248,261,290,303,303,405,405,386,137,157,157,167,82,100,100,126,126,126],"floor_reached":28,"playtime":3444,"items_purged":[],"score":224,"play_id":"bb2e4a03-e52a-475e-9f2e-8a40b64336a8","local_time":"20181012162220","is_ascension_mode":false,"campfire_choices":[{"data":"Bash","floor":6,"key":"SMITH"},{"data":"Armaments","floor":8,"key":"SMITH"},{"data":"Rage","floor":15,"key":"SMITH"}],"neow_cost":"","seed_source_timestamp":6136579816598,"circlet_count":0,"master_deck":["Strike_R","Strike_R","Strike_R","Strike_R","Strike_R","Defend_R","Defend_R","Defend_R","Defend_R","Bash+1","Inflame","Rage+1","Cleave","Armaments+1","Intimidate","Pommel Strike","Demon Form","Combust","Shrug It Off","Reaper","Battle Trance","Headbutt","Iron Wave+1","Whirlwind","Iron Wave+1","Fire Breathing+1","Writhe"],"relics":["Burning Blood","Pantograph","Bottled Tornado","White Beast Statue","Lee\u0027s Waffle","Toxic Egg 2","Bag of Marbles","Calipers"],"potions_floor_usage":[13,16,18,24,28],"damage_taken":[{"damage":6,"enemies":"Cultist","floor":1,"turns":4},{"damage":0,"enemies":"Small Slimes","floor":2,"turns":3},{"damage":10,"enemies":"Jaw Worm","floor":3,"turns":4},{"damage":5,"enemies":"2 Fungi Beasts","floor":7,"turns":4},{"damage":7,"enemies":"Exordium Thugs","floor":10,"turns":6},{"damage":14,"enemies":"3 Louse","floor":11,"turns":3},{"damage":2,"enemies":"Looter","floor":12,"turns":4},{"damage":21,"enemies":"3 Sentries","floor":13,"turns":8},{"damage":6,"enemies":"Red Slaver","floor":14,"turns":4},{"damage":48,"enemies":"The Guardian","floor":16,"turns":7},{"damage":27,"enemies":"2 Thieves","floor":18,"turns":4},{"damage":0,"enemies":"Chosen","floor":20,"turns":6},{"damage":15,"enemies":"Snecko","floor":22,"turns":5},{"damage":19,"enemies":"Shelled Parasite and Fungi","floor":24,"turns":12},{"damage":85,"enemies":"Book of Stabbing","floor":28,"turns":8}],"seed_played":"3234884366900050399","potions_obtained":[{"floor":1,"key":"SpeedPotion"},{"floor":2,"key":"GamblersBrew"},{"floor":12,"key":"SpeedPotion"},{"floor":13,"key":"LiquidBronze"},{"floor":16,"key":"Swift Potion"},{"floor":18,"key":"FearPotion"},{"floor":20,"key":"Strength Potion"},{"floor":22,"key":"Ancient Potion"},{"floor":24,"key":"Block Potion"}],"is_trial":false,"path_per_floor":["M","M","M","?","?","R","M","R","T","M","M","M","E","M","R","B",null,"M","$","M","?","M","?","M","?","T","?"],"character_chosen":"IRONCLAD","items_purchased":["Lee\u0027s Waffle","Headbutt"],"campfire_rested":0,"item_purchase_floors":[19,19],"current_hp_per_floor":[80,80,76,81,70,70,71,71,71,70,62,66,51,51,51,34,85,70,92,92,92,83,83,76,76,76,76,0],"gold":126,"neow_bonus":"","is_prod":false,"is_daily":false,"chose_seed":false,"campfire_upgraded":3,"win_rate":0.0,"timestamp":1539372140,"path_taken":["M","M","M","?","?","R","M","R","T","?","M","M","E","M","R","BOSS","M","$","M","?","?","?","?","?","T","?","E"],"build_version":"2018-10-11","purchased_purges":0,"victory":false,"max_hp_per_floor":[80,80,80,85,85,85,85,85,85,85,85,85,85,85,85,85,85,85,92,92,92,92,92,92,92,92,92,92],"card_choices":[{"not_picked":["Sword Boomerang","Clothesline"],"picked":"Inflame","floor":1},{"not_picked":["Anger","Reaper"],"picked":"Rage","floor":2},{"not_picked":["Flex","Fire Breathing"],"picked":"Cleave","floor":3},{"not_picked":["Uppercut","True Grit"],"picked":"Armaments","floor":7},{"not_picked":["Power Through","Clash"],"picked":"Intimidate","floor":10},{"not_picked":["Armaments","Shrug It Off"],"picked":"Pommel Strike","floor":11},{"not_picked":["Pommel Strike","Warcry"],"picked":"Demon Form","floor":12},{"not_picked":["Shrug It Off","Armaments"],"picked":"Combust","floor":13},{"not_picked":["Second Wind","Corruption"],"picked":"Shrug It Off","floor":14},{"not_picked":["Double Tap","Fiend Fire"],"picked":"Reaper","floor":16},{"not_picked":["Entrench+1","Clothesline"],"picked":"Battle Trance","floor":18},{"not_picked":["Sword Boomerang","Hemokinesis"],"picked":"Iron Wave+1","floor":20},{"not_picked":["Bloodletting","Thunderclap+1"],"picked":"Iron Wave+1","floor":22},{"not_picked":["Disarm+1","Inflame"],"picked":"Fire Breathing+1","floor":24}],"player_experience":0,"relics_obtained":[{"floor":9,"key":"Pantograph"},{"floor":13,"key":"Bottled Tornado"},{"floor":26,"key":"Bag of Marbles"}],"event_choices":[{"event_name":"Big Fish","player_choice":"Donut","floor":4,"damage_taken":0},{"event_name":"World of Goop","player_choice":"Gather Gold","floor":5,"damage_taken":0},{"event_name":"The Library","player_choice":"Read","floor":21,"damage_taken":0},{"event_name":"Addict","player_choice":"Obtained Relic","floor":23,"damage_taken":0},{"event_name":"The Woman in Blue","player_choice":"Bought 0 Potions","floor":25,"damage_taken":0},{"event_name":"The Mausoleum","player_choice":"Yes","floor":27,"damage_taken":0}],"is_beta":false,"boss_relics":[{"not_picked":["Calling Bell","Orrery"],"picked":"White Beast Statue"}],"items_purged_floors":[],"is_endless":false,"potions_floor_spawned":[1,2,12,13,16,18,20,22,24],"killed_by":"Book of Stabbing","ascension_level":0}