{"gold_per_floor":[117,128,4,23,23,23,23,55,82,82,112,26,40,66,66,143,143,159,159,172,17,17,50,50],"floor_reached":24,"playtime":668,"items_purged":["Strike_B"],"score":537,"play_id":"cab5b7ee-16ca-47a3-a8b0-e3e1adb6fbe5","local_time":"20180918142406","is_ascension_mode":true,"campfire_choices":[{"data":"Streamline","floor":6,"key":"SMITH"},{"data":"Zap","floor":10,"key":"SMITH"},{"data":"Storm","floor":15,"key":"SMITH"}],"neow_cost":"NONE","seed_source_timestamp":500922784268407,"circlet_count":0,"master_deck":["Strike_B+1","Strike_B+1","Strike_B+1","Defend_B+1","Defend_B+1","Defend_B+1","Defend_B+1","Zap+1","Dualcast","AscendersBane","Storm+1","Streamline+1","Hello World","Ball Lightning","Cold Snap","FTL","Self Repair","Leap","Heatsinks","FTL","Amplify","Steam","Go for the Eyes+1","Echo Form"],"relics":["Cracked Core","NeowsBlessing","Bronze Scales","PreservedInsect","Bag of Preparation","Calipers","Fusion Hammer","Smiling Mask"],"potions_floor_usage":[8,11],"damage_taken":[{"damage":0,"enemies":"Cultist","floor":1,"turns":1},{"damage":0,"enemies":"2 Louse","floor":2,"turns":1},{"damage":0,"enemies":"Jaw Worm","floor":4,"turns":1},{"damage":30,"enemies":"Lagavulin","floor":8,"turns":5},{"damage":0,"enemies":"Gremlin Nob","floor":11,"turns":2},{"damage":2,"enemies":"Looter","floor":13,"turns":3},{"damage":21,"enemies":"Lagavulin","floor":14,"turns":4},{"damage":0,"enemies":"Slime Boss","floor":16,"turns":7},{"damage":12,"enemies":"Chosen","floor":18,"turns":3},{"damage":13,"enemies":"3 Byrds","floor":20,"turns":3},{"damage":32,"enemies":"Slavers","floor":23,"turns":4},{"damage":16,"enemies":"Snecko","floor":24,"turns":3}],"seed_played":"5040134799210966063","potions_obtained":[{"floor":1,"key":"SteroidPotion"},{"floor":2,"key":"AttackPotion"}],"is_trial":false,"path_per_floor":["M","M","$","M","?","R","?","E","T","R","E","$","M","E","R","B",null,"M","?","M","$","?","E"],"character_chosen":"DEFECT","items_purchased":["Hello World","Ball Lightning","Self Repair","Leap","Echo Form"],"campfire_rested":0,"item_purchase_floors":[3,3,12,12,21],"current_hp_per_floor":[64,64,64,64,69,69,69,39,39,39,39,39,37,23,23,30,65,60,60,47,47,47,15,0],"gold":50,"neow_bonus":"THREE_ENEMY_KILL","is_prod":false,"is_daily":false,"chose_seed":false,"campfire_upgraded":3,"win_rate":0,"timestamp":1537302246,"path_taken":["M","?","$","M","?","R","?","E","T","R","E","$","M","E","R","BOSS","M","?","M","$","?","E","M"],"build_version":"2018-09-18","purchased_purges":1,"victory":false,"max_hp_per_floor":[71,71,71,71,76,76,76,76,76,76,76,76,76,76,76,76,76,76,76,76,76,76,76,76],"card_choices":[{"not_picked":["Tempest","Go for the Eyes"],"picked":"Storm","floor":1},{"not_picked":["Turbo","Blizzard"],"picked":"Streamline","floor":2},{"not_picked":["Chaos","Compile Driver","Redo"],"picked":"SKIP","floor":4},{"not_picked":["Ball Lightning","Aggregate"],"picked":"Cold Snap","floor":8},{"not_picked":["Go for the Eyes","Steam"],"picked":"FTL","floor":11},{"not_picked":["Beam Cell","Coolheaded"],"picked":"Heatsinks","floor":13},{"not_picked":["Recycle","Meteor Strike"],"picked":"FTL","floor":14},{"not_picked":["Hyperbeam","Thunder Strike"],"picked":"Amplify","floor":16},{"not_picked":["Double Energy+1","Stack"],"picked":"Steam","floor":18},{"not_picked":["Sweeping Beam","Barrage"],"picked":"Go for the Eyes+1","floor":20},{"not_picked":["Rebound","Streamline","Go for the Eyes"],"picked":"SKIP","floor":23}],"player_experience":1018467,"relics_obtained":[{"floor":8,"key":"Bronze Scales"},{"floor":9,"key":"PreservedInsect"},{"floor":11,"key":"Bag of Preparation"},{"floor":14,"key":"Calipers"},{"floor":23,"key":"Smiling Mask"}],"event_choices":[{"event_name":"Big Fish","player_choice":"Donut","floor":5,"damage_taken":0},{"event_name":"The Cleric","player_choice":"Leave","floor":7,"damage_taken":0},{"event_name":"N\u0027loth","player_choice":"Ignored","floor":19,"damage_taken":0},{"event_name":"Back to Basics","player_choice":"Simplicity","floor":22,"damage_taken":0}],"is_beta":true,"boss_relics":[{"not_picked":["Orrery","Empty Cage"],"picked":"Fusion Hammer"}],"items_purged_floors":[21],"is_endless":false,"potions_floor_spawned":[1,2,4],"killed_by":"Snecko","ascension_level":15}