{"path_per_floor":["M","M","$","M","M","R","M","?","T","M","E","R","M","M","R"],"character_chosen":"DEFECT","items_purchased":["Storm"],"gold_per_floor":[110,130,52,63,79,79,91,91,91,104,136,136,154,165,165,165],"floor_reached":16,"campfire_rested":0,"playtime":746,"item_purchase_floors":[3],"current_hp_per_floor":[63,63,63,60,58,58,58,58,58,50,21,21,20,13,13,0],"items_purged":[],"gold":165,"score":186,"play_id":"54c4dc41-41cb-4e17-862c-a26be972bd65","local_time":"20180529025702","is_prod":false,"is_daily":false,"chose_seed":false,"is_ascension_mode":true,"campfire_upgraded":3,"win_rate":0,"timestamp":1527584222,"campfire_choices":[{"data":"Zap","floor":6,"key":"SMITH"},{"data":"Redo","floor":12,"key":"SMITH"},{"data":"Ball Lightning","floor":15,"key":"SMITH"}],"path_taken":["M","M","$","?","M","R","M","?","T","M","E","R","M","M","R","BOSS"],"build_version":"2018-05-27","seed_source_timestamp":388767882560831,"purchased_purges":0,"victory":false,"master_deck":["Strike_B","Strike_B","Strike_B","Strike_B","Defend_B","Defend_B","Defend_B","Defend_B","Zap+1","Dualcast","AscendersBane","Machine Learning","Steam","Redo+1","Storm","Compile Driver","Go for the Eyes+1","Sweeping Beam","Injury","Redo","Ball Lightning+1","Hologram","Leap"],"max_hp_per_floor":[71,71,71,71,71,71,71,71,71,71,71,71,71,71,71,71],"relics":["Cracked Core","Bottled Lightning","Frozen Egg 2"],"card_choices":[{"not_picked":["Beam Cell","Streamline"],"picked":"Steam","floor":1},{"not_picked":["Turbo","Stack"],"picked":"Redo","floor":2},{"not_picked":["Sweeping Beam","Rebound"],"picked":"Compile Driver","floor":4},{"not_picked":["Fusion","Turbo"],"picked":"Go for the Eyes","floor":5},{"not_picked":["Recycle","Beam Cell"],"picked":"Sweeping Beam","floor":7},{"not_picked":["Barrage","Compile Driver"],"picked":"Redo","floor":10},{"not_picked":["Redo","Streamline"],"picked":"Ball Lightning","floor":11},{"not_picked":["Blizzard","Double Energy"],"picked":"Hologram","floor":13},{"not_picked":["Double Energy","Coolheaded"],"picked":"Leap","floor":14}],"player_experience":633251,"potions_floor_usage":[5,11,14],"damage_taken":[{"damage":1,"enemies":"Cultist","floor":1,"turns":3},{"damage":0,"enemies":"2 Louse","floor":2,"turns":1},{"damage":3,"enemies":"Small Slimes","floor":4,"turns":3},{"damage":2,"enemies":"3 Louse","floor":5,"turns":4},{"damage":0,"enemies":"Large Slime","floor":7,"turns":4},{"damage":8,"enemies":"Red Slaver","floor":10,"turns":2},{"damage":39,"enemies":"3 Sentries","floor":11,"turns":6},{"damage":1,"enemies":"2 Fungi Beasts","floor":13,"turns":2},{"damage":7,"enemies":"Exordium Wildlife","floor":14,"turns":3},{"damage":13,"enemies":"Hexaghost","floor":16,"turns":8}],"relics_obtained":[{"floor":9,"key":"Bottled Lightning"},{"floor":11,"key":"Frozen Egg 2"}],"event_choices":[{"event_name":"Accursed Blacksmith","player_choice":"Forge","floor":8,"damage_taken":0}],"boss_relics":[],"items_purged_floors":[],"potions_floor_spawned":[2,7,11,14],"seed_played":"3461956426916543592","killed_by":"Hexaghost","ascension_level":15,"potions_obtained":[{"floor":2,"key":"SteroidPotion"},{"floor":7,"key":"Regen Potion"},{"floor":11,"key":"AttackPotion"},{"floor":14,"key":"Explosive Potion"}],"is_trial":false}