{"gold_per_floor":[110,21,96,112,130,130,130,158,158,158,158,173,173,205,205,309,309,319,174,193,207,207,240,240,240],"floor_reached":25,"playtime":1656,"items_purged":[],"score":229,"play_id":"965e9605-ec3b-40b7-8425-93c0bfbd12fe","local_time":"20190216191912","is_ascension_mode":false,"campfire_choices":[{"data":"Sunder","floor":6,"key":"SMITH"},{"data":"Loop","floor":10,"key":"SMITH"},{"floor":13,"key":"REST"},{"data":"Redo","floor":15,"key":"SMITH"}],"neow_cost":"NONE","seed_source_timestamp":0,"circlet_count":0,"master_deck":["Strike_B","Strike_B","Strike_B","Defend_B+1","Defend_B+1","Defend_B","Defend_B","Zap","Dualcast","Dramatic Entrance","Loop+1","Sunder+1","Redo+1","Leap+1","Ball Lightning","Electrodynamics","Leap+1","Zap+1","Hologram+1"],"special_seed":0,"relics":["Cracked Core","Toxic Egg 2","Art of War","War Paint","Black Star","Ancient Tea Set","Bottled Lightning","Boot"],"potions_floor_usage":[8,12,14,21,23],"damage_taken":[{"damage":1,"enemies":"Jaw Worm","floor":1,"turns":4},{"damage":0,"enemies":"Small Slimes","floor":4,"turns":2},{"damage":0,"enemies":"Cultist","floor":5,"turns":2},{"damage":26,"enemies":"Lagavulin","floor":8,"turns":4},{"damage":1,"enemies":"Large Slime","floor":12,"turns":5},{"damage":8,"enemies":"Gremlin Nob","floor":14,"turns":3},{"damage":32,"enemies":"Hexaghost","floor":16,"turns":9},{"damage":5,"enemies":"Chosen","floor":18,"turns":4},{"damage":7,"enemies":"3 Byrds","floor":20,"turns":2},{"damage":9,"enemies":"Centurion and Healer","floor":21,"turns":5},{"damage":32,"enemies":"Slavers","floor":23,"turns":2},{"damage":26,"enemies":"Book of Stabbing","floor":25,"turns":5}],"seed_played":"2905419102894603601","potions_obtained":[{"floor":1,"key":"Fire Potion"},{"floor":8,"key":"Explosive Potion"},{"floor":12,"key":"Fire Potion"},{"floor":18,"key":"SpeedPotion"},{"floor":20,"key":"Explosive Potion"},{"floor":21,"key":"SteroidPotion"}],"is_trial":false,"path_per_floor":["M","$","?","M","M","R","?","E","T","R","?","M","R","E","R","B",null,"M","$","M","M","?","E","$","E"],"character_chosen":"DEFECT","items_purchased":["Sunder","Redo","Ancient Tea Set"],"campfire_rested":1,"item_purchase_floors":[2,2,19],"current_hp_per_floor":[74,74,63,63,63,63,63,37,37,37,37,36,58,50,50,18,75,70,70,63,54,54,22,22,0],"gold":240,"neow_bonus":"RANDOM_COLORLESS","is_prod":false,"is_daily":false,"chose_seed":false,"campfire_upgraded":3,"win_rate":0.0,"timestamp":1550373552,"path_taken":["M","$","?","M","M","R","?","E","T","R","?","M","R","E","R","BOSS","M","$","M","M","?","E","$","E"],"build_version":"2019-01-23","purchased_purges":0,"victory":false,"max_hp_per_floor":[75,75,75,75,75,75,75,75,75,75,75,75,75,75,75,75,75,75,75,75,75,75,75,75,75],"card_choices":[{"not_picked":["Leap","Beam Cell"],"picked":"Loop","floor":1},{"not_picked":["Fusion","Compile Driver","Cold Snap"],"picked":"SKIP","floor":4},{"not_picked":["Reprogram","Rip and Tear","Stack"],"picked":"SKIP","floor":5},{"not_picked":["Rip and Tear","Blizzard","Steam Power"],"picked":"SKIP","floor":8},{"not_picked":["Streamline","Rebound"],"picked":"Leap+1","floor":12},{"not_picked":["Rip and Tear","Barrage"],"picked":"Ball Lightning","floor":14},{"not_picked":["Creative AI","Machine Learning"],"picked":"Electrodynamics","floor":16},{"not_picked":["Fusion+1","Steam+1","Stack+1"],"picked":"SKIP","floor":18},{"not_picked":["Barrage","Steam Power+1"],"picked":"Leap+1","floor":20},{"not_picked":["Steam Power+1","Rebound","Reprogram+1"],"picked":"SKIP","floor":21},{"not_picked":["Double Energy+1","Beam Cell+1"],"picked":"Hologram+1","floor":23}],"player_experience":139355,"relics_obtained":[{"floor":8,"key":"Toxic Egg 2"},{"floor":9,"key":"Art of War"},{"floor":14,"key":"War Paint"},{"floor":23,"key":"Bottled Lightning"},{"floor":23,"key":"Boot"}],"event_choices":[{"damage_healed":0,"gold_gain":75,"player_choice":"Gather Gold","damage_taken":11,"max_hp_gain":0,"max_hp_loss":0,"event_name":"World of Goop","floor":3,"gold_loss":0},{"damage_healed":0,"gold_gain":0,"player_choice":"Ignored","damage_taken":0,"max_hp_gain":0,"max_hp_loss":0,"event_name":"Shining Light","floor":7,"gold_loss":0},{"cards_removed":["Strike_B"],"damage_healed":0,"gold_gain":0,"player_choice":"Forget","damage_taken":0,"max_hp_gain":0,"max_hp_loss":0,"event_name":"Living Wall","floor":11,"gold_loss":0},{"damage_healed":0,"gold_gain":0,"player_choice":"1 cards matched","damage_taken":0,"max_hp_gain":0,"max_hp_loss":0,"event_name":"Match and Keep!","floor":22,"gold_loss":0,"cards_obtained":["Zap"]}],"is_beta":false,"boss_relics":[{"not_picked":["Velvet Choker","Coffee Dripper"],"picked":"Black Star"}],"items_purged_floors":[],"is_endless":false,"potions_floor_spawned":[1,8,12,18,20,21],"killed_by":"Book of Stabbing","ascension_level":0}