{"gold_per_floor":[110,3,3,21,36,79,79,44,44,87,105,146,146,109,109,237,237,262,262,177,197,208,234,234,253,253,264,290,308,11,27,27,123,123,137,137,237,91,0,0],"floor_reached":40,"playtime":12054,"items_purged":["Burning Pact"],"score":568,"play_id":"c8c1012d-9df2-46c9-9714-0f77109bc8f1","local_time":"20190218195530","is_ascension_mode":true,"campfire_choices":[{"floor":7,"key":"REST"},{"floor":15,"key":"REST"},{"data":"Rage","floor":24,"key":"SMITH"},{"floor":32,"key":"RECALL"}],"neow_cost":"NONE","seed_source_timestamp":2624071582351551,"circlet_count":0,"master_deck":["Bash","Sentinel","Sword Boomerang","Entrench","Anger","Bludgeon","Havoc","Clash","Iron Wave","Warcry","Shrug It Off","Headbutt","Iron Wave","Rage+1","Rage","Inflame+1","Pummel","Anger","Feed","True Grit+1","Disarm","Spot Weakness","Clash","Spot Weakness","Cleave","Havoc+1","Shrug It Off","Armaments","Tools of the Trade+1","Sunder","Mind Blast","Dramatic Entrance","Mind Blast","Setup+1","Thinking Ahead"],"relics":["Pandora\u0027s Box","Bloody Idol","Frozen Egg 2","Dodecahedron","Bronze Scales","Philosopher\u0027s Stone","The Courier","Bag of Marbles","Blue Candle","Art of War","PrismaticShard","Mark of Pain","Dead Branch","Red Mask"],"potions_floor_usage":[6,23,31,35,37],"damage_taken":[{"damage":8,"enemies":"Small Slimes","floor":1,"turns":2},{"damage":2,"enemies":"2 Louse","floor":4,"turns":2},{"damage":2,"enemies":"Jaw Worm","floor":5,"turns":3},{"damage":9,"enemies":"Lagavulin","floor":6,"turns":5},{"damage":53,"enemies":"Gremlin Nob","floor":10,"turns":6},{"damage":10,"enemies":"2 Fungi Beasts","floor":11,"turns":3},{"damage":13,"enemies":"Lagavulin","floor":12,"turns":4},{"damage":0,"enemies":"Slime Boss","floor":16,"turns":6},{"damage":1,"enemies":"Spheric Guardian","floor":18,"turns":3},{"damage":6,"enemies":"2 Thieves","floor":21,"turns":4},{"damage":3,"enemies":"Cultist and Chosen","floor":22,"turns":4},{"damage":16,"enemies":"Slavers","floor":23,"turns":5},{"damage":4,"enemies":"Snecko","floor":25,"turns":3},{"damage":11,"enemies":"Snake Plant","floor":27,"turns":3},{"damage":21,"enemies":"Book of Stabbing","floor":28,"turns":4},{"damage":3,"enemies":"3 Cultists","floor":29,"turns":4},{"damage":2,"enemies":"Centurion and Healer","floor":31,"turns":3},{"damage":50,"enemies":"Champ","floor":33,"turns":8},{"damage":36,"enemies":"3 Darklings","floor":35,"turns":4},{"damage":26,"enemies":"Mind Bloom Boss Battle","floor":37,"turns":4},{"damage":37,"enemies":"Nemesis","floor":40,"turns":2}],"seed_played":"-6538858220606836944","potions_obtained":[{"floor":4,"key":"Strength Potion"},{"floor":6,"key":"Strength Potion"},{"floor":10,"key":"AttackPotion"},{"floor":11,"key":"FearPotion"},{"floor":23,"key":"SteroidPotion"},{"floor":25,"key":"Explosive Potion"},{"floor":29,"key":"PowerPotion"}],"is_trial":false,"path_per_floor":["M","$","?","M","M","E","R","?","T","E","M","E","?","?","R","B",null,"M","?","?","M","M","E","R","M","T","M","E","M","$","M","R","B",null,"M","?","?","$","?","E"],"character_chosen":"IRONCLAD","items_purchased":["Headbutt","Burning Pact","Shrug It Off","PrismaticShard","Armaments","Thinking Ahead"],"campfire_rested":2,"item_purchase_floors":[2,2,30,30,30,38],"current_hp_per_floor":[72,72,52,50,48,39,63,80,80,27,17,4,4,4,28,28,80,82,82,82,83,83,75,75,79,79,76,60,62,62,65,65,20,92,61,51,30,30,30,0],"gold":0,"neow_bonus":"BOSS_RELIC","is_prod":false,"is_daily":false,"chose_seed":false,"campfire_upgraded":1,"win_rate":0,"timestamp":1550519730,"path_taken":["M","$","?","M","M","E","R","?","T","E","M","E","?","?","R","BOSS","M","?","?","M","M","E","R","M","T","M","E","M","?","M","R","BOSS","M","?","?","?","?","E"],"build_version":"2019-01-23","purchased_purges":1,"victory":false,"max_hp_per_floor":[80,80,80,80,80,80,80,80,80,80,80,80,80,80,80,80,80,83,83,83,83,83,86,86,89,89,92,92,92,92,92,92,92,92,92,92,92,92,92,92],"card_choices":[{"not_picked":["Twin Strike","Reckless Charge"],"picked":"Shrug It Off","floor":1},{"not_picked":["True Grit","Flame Barrier"],"picked":"Iron Wave","floor":4},{"not_picked":["Perfected Strike","Seeing Red"],"picked":"Rage","floor":5},{"not_picked":["Carnage","Clothesline"],"picked":"Rage","floor":6},{"not_picked":["Sentinel","Wild Strike"],"picked":"Inflame+1","floor":10},{"not_picked":["Havoc","Headbutt"],"picked":"Pummel","floor":11},{"not_picked":["Bludgeon","Flex"],"picked":"Anger","floor":12},{"not_picked":["Offering","Bludgeon"],"picked":"Feed","floor":16},{"not_picked":["Pommel Strike","Dual Wield"],"picked":"True Grit+1","floor":18},{"not_picked":["Heavy Blade","Headbutt+1"],"picked":"Disarm","floor":21},{"not_picked":["Havoc","Dropkick","Brutality+1"],"picked":"SKIP","floor":22},{"not_picked":["Uppercut","Body Slam"],"picked":"Spot Weakness","floor":23},{"not_picked":["Pummel","Rupture+1"],"picked":"Clash","floor":25},{"not_picked":["Perfected Strike","Headbutt"],"picked":"Spot Weakness","floor":27},{"not_picked":["Anger","Flex"],"picked":"Cleave","floor":28},{"not_picked":["Perfected Strike","True Grit+1"],"picked":"Havoc+1","floor":29},{"not_picked":["Heavy Blade","Clash","Panacea+1"],"picked":"SKIP","floor":31},{"not_picked":["Unload","Amplify"],"picked":"Tools of the Trade+1","floor":33},{"not_picked":["Clash","Chaos+1"],"picked":"Sunder","floor":35},{"not_picked":["Enlightenment","Sadistic Nature+1"],"picked":"Mind Blast","floor":36},{"not_picked":["Panacea","Flash of Steel"],"picked":"Dramatic Entrance","floor":36},{"not_picked":["Chrysalis","The Bomb"],"picked":"Mind Blast","floor":36},{"not_picked":["Compile Driver+1","Acrobatics+1"],"picked":"Setup+1","floor":37}],"player_experience":943977,"relics_obtained":[{"floor":6,"key":"Frozen Egg 2"},{"floor":10,"key":"Dodecahedron"},{"floor":12,"key":"Bronze Scales"},{"floor":23,"key":"Bag of Marbles"},{"floor":26,"key":"Blue Candle"},{"floor":28,"key":"Art of War"},{"floor":37,"key":"Dead Branch"}],"event_choices":[{"damage_healed":0,"gold_gain":0,"player_choice":"Take Damage","damage_taken":20,"relics_obtained":["Golden Idol"],"max_hp_gain":0,"max_hp_loss":0,"event_name":"Golden Idol","floor":3,"gold_loss":0},{"damage_healed":20,"gold_gain":0,"player_choice":"Healed","damage_taken":0,"max_hp_gain":0,"max_hp_loss":0,"event_name":"The Cleric","floor":8,"gold_loss":35},{"damage_healed":0,"gold_gain":0,"player_choice":"Ignored","damage_taken":0,"max_hp_gain":0,"max_hp_loss":0,"event_name":"Liars Game","floor":13,"gold_loss":0},{"damage_healed":0,"gold_gain":0,"player_choice":"Left Gold","damage_taken":0,"max_hp_gain":0,"max_hp_loss":0,"event_name":"World of Goop","floor":14,"gold_loss":37},{"damage_healed":0,"gold_gain":0,"player_choice":"Gave Idol","damage_taken":0,"relics_obtained":["Bloody Idol"],"max_hp_gain":0,"max_hp_loss":0,"event_name":"Forgotten Altar","floor":19,"relics_lost":["Golden Idol"],"gold_loss":0},{"damage_healed":0,"gold_gain":0,"player_choice":"Obtained Relic","damage_taken":0,"relics_obtained":["The Courier"],"max_hp_gain":0,"max_hp_loss":0,"event_name":"Addict","floor":20,"gold_loss":85},{"damage_healed":0,"gold_gain":0,"player_choice":"Memory 3","damage_taken":10,"max_hp_gain":0,"max_hp_loss":0,"event_name":"SensoryStone","floor":36,"gold_loss":0},{"damage_healed":0,"gold_gain":0,"player_choice":"Fight","damage_taken":0,"max_hp_gain":0,"max_hp_loss":0,"event_name":"MindBloom","floor":37,"gold_loss":0},{"damage_healed":0,"gold_gain":0,"player_choice":"Paid","damage_taken":0,"relics_obtained":["Red Mask"],"max_hp_gain":0,"max_hp_loss":0,"event_name":"Tomb of Lord Red Mask","floor":39,"gold_loss":91}],"is_beta":false,"boss_relics":[{"not_picked":["Orrery","Coffee Dripper"],"picked":"Philosopher\u0027s Stone"},{"not_picked":["Calling Bell","Empty Cage"],"picked":"Mark of Pain"}],"items_purged_floors":[30],"is_endless":false,"potions_floor_spawned":[4,6,10,11,18,23,25,29],"killed_by":"Nemesis","ascension_level":2}