{"gold_per_floor":[111,111,111,134,134,168,168,243,243,243,258,131,155,180,180,304,304,328,343,361,66,66,66,89,49,75,75,99,115,115,135,135,135],"floor_reached":33,"playtime":1632,"items_purged":["Strike_R","Strike_R"],"score":261,"play_id":"07ca96f6-ad85-41fa-8156-d98ca6fac3ff","local_time":"20181016170832","is_ascension_mode":true,"campfire_choices":[{"data":"Armaments","floor":7,"key":"SMITH"},{"data":"Seeing Red","floor":10,"key":"SMITH"},{"data":"Flame Barrier","floor":15,"key":"SMITH"},{"data":"Body Slam","floor":23,"key":"SMITH"},{"floor":27,"key":"REST"},{"floor":32,"key":"REST"}],"neow_cost":"NONE","seed_source_timestamp":1998199121821,"circlet_count":0,"master_deck":["Defend_R","Defend_R","Defend_R+1","Bash","Twin Strike","Cleave+1","Seeing Red+1","Armaments+1","Flame Barrier+1","Flex","Anger","Heavy Blade","Fiend Fire","Body Slam+1","Flex","Hemokinesis","Body Slam+1","Shrug It Off+1","Flex","Thunderclap","Iron Wave"],"special_seed":0,"relics":["Burning Blood","Golden Idol","Darkstone Periapt","Vajra","Mercury Hourglass","Empty Cage","Juzu Bracelet","Dream Catcher","Nilry\u0027s Codex"],"potions_floor_usage":[16,16,20,28],"damage_taken":[{"damage":5.0,"enemies":"Small Slimes","floor":1.0,"turns":4.0},{"damage":6.0,"enemies":"2 Louse","floor":4.0,"turns":2.0},{"damage":21.0,"enemies":"Lagavulin","floor":6.0,"turns":4.0},{"damage":1,"enemies":"Jaw Worm","floor":11,"turns":2},{"damage":0,"enemies":"2 Fungi Beasts","floor":13,"turns":2},{"damage":3,"enemies":"Red Slaver","floor":14,"turns":3},{"damage":55,"enemies":"Hexaghost","floor":16,"turns":9},{"damage":5,"enemies":"2 Thieves","floor":18,"turns":3},{"damage":17,"enemies":"Spheric Guardian","floor":19,"turns":4},{"damage":32,"enemies":"Cultist and Chosen","floor":20,"turns":5},{"damage":18,"enemies":"Sentry and Sphere","floor":24,"turns":4},{"damage":11,"enemies":"Centurion and Healer","floor":28,"turns":4},{"damage":20,"enemies":"Shelled Parasite and Fungi","floor":29,"turns":6},{"damage":9,"enemies":"3 Cultists","floor":31,"turns":3},{"damage":60,"enemies":"Collector","floor":33,"turns":6}],"seed_played":"6957430770693195069","potions_obtained":[{"floor":1.0,"key":"Fire Potion"},{"floor":5.0,"key":"SteroidPotion"},{"floor":5.0,"key":"Regen Potion"},{"floor":11,"key":"Regen Potion"},{"floor":19,"key":"BloodPotion"},{"floor":20,"key":"Swift Potion"}],"is_trial":false,"path_per_floor":["M","?","?","M","?","E","R","?","T","R","M","$","M","M","R","B",null,"M","M","M","$","?","R","M","?","T","R","M","M","?","M","R"],"character_chosen":"IRONCLAD","items_purchased":["Flex","Juzu Bracelet","Flex"],"campfire_rested":2,"item_purchase_floors":[12,21,21],"current_hp_per_floor":[80,60,57,57,57,42,42,34,34,34,39,39,45,48,48,48,80,80,69,51,51,51,51,39,39,39,63,58,44,28,25,49,0],"gold":135,"neow_bonus":"TRANSFORM_CARD","is_prod":false,"is_daily":false,"chose_seed":false,"campfire_upgraded":4,"win_rate":0,"timestamp":1539720512,"path_taken":["M","?","?","M","?","E","R","?","T","R","M","$","?","M","R","BOSS","M","?","M","$","?","R","M","?","T","R","M","M","?","M","R","BOSS"],"build_version":"2018-10-11","purchased_purges":2,"victory":false,"max_hp_per_floor":[80,80,80,80,80,80,80,80,80,80,80,80,80,80,80,80,80,80,80,80,80,80,80,80,80,80,80,80,80,80,80,80,80],"card_choices":[{"not_picked":["Reckless Charge","Heavy Blade"],"picked":"Cleave","floor":1.0},{"not_picked":["Sword Boomerang","Cleave"],"picked":"Seeing Red","floor":4.0},{"not_picked":["Headbutt","Juggernaut"],"picked":"Armaments","floor":6.0},{"not_picked":["Reckless Charge","Burning Pact"],"picked":"Flame Barrier","floor":11},{"not_picked":["Wild Strike","Searing Blow"],"picked":"Anger","floor":13},{"not_picked":["Carnage","Power Through"],"picked":"Heavy Blade","floor":14},{"not_picked":["Immolate","Feed"],"picked":"Fiend Fire","floor":16},{"not_picked":["Headbutt","Second Wind"],"picked":"Body Slam","floor":18},{"not_picked":["Heavy Blade","Wild Strike+1","Sword Boomerang+1"],"picked":"SKIP","floor":19},{"not_picked":["Evolve+1","Searing Blow+1","Wild Strike"],"picked":"SKIP","floor":20},{"not_picked":["Second Wind+1","True Grit"],"picked":"Body Slam+1","floor":24},{"not_picked":["Brutality","Wild Strike"],"picked":"Shrug It Off+1","floor":27},{"not_picked":["True Grit","Clash+1"],"picked":"Flex","floor":28},{"not_picked":["Clash","Clothesline"],"picked":"Thunderclap","floor":29},{"not_picked":["Searing Blow","Fiend Fire","Carnage+1"],"picked":"SKIP","floor":31},{"not_picked":["Burning Pact","Sever Soul"],"picked":"Iron Wave","floor":32}],"player_experience":78450,"relics_obtained":[{"floor":6.0,"key":"Vajra"},{"floor":9,"key":"Mercury Hourglass"},{"floor":26,"key":"Dream Catcher"},{"floor":30,"key":"Nilry\u0027s Codex"}],"event_choices":[{"event_name":"Golden Idol","player_choice":"Take Damage","floor":2.0,"damage_taken":0.0},{"event_name":"Scrap Ooze","player_choice":"success","floor":3.0,"damage_taken":3.0},{"event_name":"The Lab","player_choice":"Got Potions","floor":5.0,"damage_taken":0.0},{"event_name":"FaceTrader","player_choice":"Touch","floor":8,"damage_taken":0},{"event_name":"Transmorgrifier","player_choice":"Transform","floor":22,"damage_taken":0},{"event_name":"Designer","player_choice":"Upgrade 2 Random Cards","floor":25,"damage_taken":0},{"event_name":"Cursed Tome","player_choice":"Obtained Book","floor":30,"damage_taken":0}],"is_beta":false,"boss_relics":[{"not_picked":["Velvet Choker","Black Star"],"picked":"Empty Cage"}],"items_purged_floors":[12,21],"is_endless":false,"potions_floor_spawned":[1,11,19,20],"killed_by":"Collector","ascension_level":1}