{"gold_per_floor":[110,120,395,405,90,90,120,120,147,170,207,232,261,289,301,412,424,448,477,489,501,567,579],"floor_reached":23,"playtime":1204,"items_purged":["Regret"],"score":274,"play_id":"1314c856-e5c5-46b4-8d0e-02504a82e0ec","local_time":"20190218133342","is_ascension_mode":true,"campfire_choices":[{"data":"Feel No Pain","floor":6,"key":"SMITH"},{"data":"Havoc","floor":8,"key":"SMITH"},{"data":"Rupture","floor":15,"key":"SMITH"}],"neow_cost":"NONE","seed_source_timestamp":237235673244568,"circlet_count":0,"master_deck":["Strike_R","Strike_R","Strike_R","Strike_R","Strike_R","Defend_R","Defend_R","Bash","Bloodletting","Feel No Pain+1","Whirlwind","Havoc+1","Sever Soul","Burning Pact","Clash","Rupture+1","Pummel","Battle Trance","Brutality","Parasite","Normality","Parasite","Hemokinesis","Sever Soul+1","Warcry","Wild Strike","Dual Wield"],"relics":["Burning Blood","NeowsBlessing","Bronze Scales","Strawberry","MawBank","Dead Branch","Calling Bell","Orichalcum","Question Card","Du-Vu Doll","Bag of Preparation"],"potions_floor_usage":[7,7,11,16,16,19],"damage_taken":[{"damage":0,"enemies":"Small Slimes","floor":1,"turns":1},{"damage":0,"enemies":"Cultist","floor":2,"turns":1},{"damage":0,"enemies":"2 Louse","floor":4,"turns":1},{"damage":15,"enemies":"Gremlin Nob","floor":7,"turns":3},{"damage":12,"enemies":"Blue Slaver","floor":10,"turns":4},{"damage":31,"enemies":"Lagavulin","floor":11,"turns":6},{"damage":18,"enemies":"Lots of Slimes","floor":12,"turns":3},{"damage":15,"enemies":"2 Fungi Beasts","floor":13,"turns":3},{"damage":14,"enemies":"Blue Slaver","floor":14,"turns":3},{"damage":17,"enemies":"Hexaghost","floor":16,"turns":9},{"damage":10,"enemies":"Chosen","floor":18,"turns":3},{"damage":3,"enemies":"3 Byrds","floor":19,"turns":4},{"damage":70,"enemies":"Book of Stabbing","floor":23,"turns":4}],"seed_played":"-7034524143703150544","potions_obtained":[{"floor":1,"key":"Energy Potion"},{"floor":2,"key":"Swift Potion"},{"floor":10,"key":"Weak Potion"},{"floor":12,"key":"Weak Potion"},{"floor":14,"key":"EssenceOfSteel"},{"floor":16,"key":"SteroidPotion"}],"is_trial":false,"path_per_floor":["M","M","?","M","$","R","E","R","T","M","E","M","M","M","R","B",null,"M","M","?","?","T","E"],"character_chosen":"IRONCLAD","items_purchased":["Bronze Scales","Havoc","Sever Soul"],"campfire_rested":0,"item_purchase_floors":[5,5,5],"current_hp_per_floor":[78,80,80,80,80,80,78,78,78,72,47,35,26,18,18,7,67,63,66,66,66,66,0],"gold":579,"neow_bonus":"THREE_ENEMY_KILL","is_prod":false,"is_daily":false,"chose_seed":false,"campfire_upgraded":3,"win_rate":0,"timestamp":1550475222,"path_taken":["M","M","?","?","$","R","E","R","T","M","E","M","M","M","R","BOSS","M","M","?","?","?","E"],"build_version":"2019-01-23","purchased_purges":1,"victory":false,"max_hp_per_floor":[80,80,80,80,80,80,87,87,87,87,87,87,87,87,87,87,87,87,87,87,87,87,87],"card_choices":[{"not_picked":["Dropkick","Entrench"],"picked":"Bloodletting","floor":1},{"not_picked":["Rupture","Twin Strike"],"picked":"Feel No Pain","floor":2},{"not_picked":["Flex","Seeing Red"],"picked":"Whirlwind","floor":4},{"not_picked":["Iron Wave","Shrug It Off"],"picked":"Burning Pact","floor":7},{"not_picked":["Headbutt","Armaments"],"picked":"Clash","floor":10},{"not_picked":["Warcry","Perfected Strike"],"picked":"Rupture","floor":11},{"not_picked":["Sword Boomerang","Disarm"],"picked":"Pummel","floor":12},{"not_picked":["Body Slam","Clothesline","Seeing Red"],"picked":"SKIP","floor":13},{"not_picked":["Feel No Pain","Second Wind"],"picked":"Battle Trance","floor":14},{"not_picked":["Feed","Bludgeon"],"picked":"Brutality","floor":16},{"not_picked":["Shrug It Off+1","Sword Boomerang+1","Searing Blow"],"picked":"Hemokinesis","floor":18},{"not_picked":["Second Wind","Burning Pact","Sword Boomerang"],"picked":"Sever Soul+1","floor":19}],"player_experience":816235,"relics_obtained":[{"floor":7,"key":"Strawberry"},{"floor":9,"key":"MawBank"},{"floor":11,"key":"Dead Branch"},{"floor":17,"key":"Orichalcum"},{"floor":17,"key":"Question Card"},{"floor":17,"key":"Du-Vu Doll"},{"floor":22,"key":"Bag of Preparation"}],"event_choices":[{"damage_healed":0,"gold_gain":275,"player_choice":"Desecrate","damage_taken":0,"max_hp_gain":0,"max_hp_loss":0,"event_name":"Golden Shrine","floor":3,"gold_loss":0,"cards_obtained":["Regret"]},{"damage_healed":0,"gold_gain":0,"player_choice":"Read","damage_taken":0,"max_hp_gain":0,"max_hp_loss":0,"event_name":"The Library","floor":20,"gold_loss":0,"cards_obtained":["Warcry"]},{"damage_healed":0,"gold_gain":0,"cards_transformed":["Defend_R","Defend_R"],"player_choice":"Became Test Subject","damage_taken":0,"max_hp_gain":0,"max_hp_loss":0,"event_name":"Drug Dealer","floor":21,"gold_loss":0,"cards_obtained":["Wild Strike","Dual Wield"]}],"is_beta":false,"boss_relics":[{"not_picked":["Orrery","Black Blood"],"picked":"Calling Bell"}],"items_purged_floors":[5],"is_endless":false,"potions_floor_spawned":[1,2,10,12,14,16],"killed_by":"Book of Stabbing","ascension_level":7}