{"gold_per_floor":[114,129,79,94,94,124,124,76,131,131,131,146,161,176,176,276,276,291,291,306,306,321,321,351,351,376,391,406,421,436,136,136,236,236,251,271,371,386,401,19,19,19,19,19],"floor_reached":44,"playtime":2194,"items_purged":["Seeing Red+1"],"score":632,"play_id":"9b355e0f-85a2-4aee-871f-50e54f0f3571","local_time":"20190213191623","daily_mods":["Cursed Run","Uncertain Future","Night Terrors"],"is_ascension_mode":false,"campfire_choices":[{"floor":7.0,"key":"REST"},{"data":"Evolve","floor":10.0,"key":"SMITH"},{"data":"Seeing Red","floor":15.0,"key":"SMITH"},{"data":"Reaper","floor":23.0,"key":"SMITH"},{"floor":25.0,"key":"REST"},{"data":"Evolve","floor":32.0,"key":"SMITH"},{"data":"Reaper","floor":42.0,"key":"SMITH"}],"neow_cost":"","seed_source_timestamp":193435941442010,"circlet_count":0,"master_deck":["Strike_R+1","Strike_R","Strike_R","Defend_R","Defend_R","Defend_R","Defend_R","Bash","Evolve+1","Evolve+1","Pummel+1","Cleave+1","Wild Strike+1","Doubt","Flex","Sword Boomerang","Shame","Exhume","Sword Boomerang+1","Reaper+1","J.A.X.","Searing Blow","Pommel Strike","Writhe","Shrug It Off+1","Searing Blow+1","Juggernaut","Injury","Demon Form","Whirlwind","Iron Wave+1","Disarm+1","Cleave+1","Reaper+1","Wild Strike","Armaments","Injury","Shame"],"special_seed":17940,"relics":["Cursed Key","Du-Vu Doll","Matryoshka","Tiny Chest","Vajra","Velvet Choker","Nloth\u0027s Gift","The Courier","Whetstone","Dream Catcher","Red Skull","Pen Nib","Coffee Dripper","Calipers","Mango","Shuriken","Blood Vial","Bag of Marbles"],"potions_floor_usage":[44],"damage_taken":[{"damage":1.0,"enemies":"Jaw Worm","floor":1.0,"turns":4.0},{"damage":0.0,"enemies":"Small Slimes","floor":2.0,"turns":3.0},{"damage":0.0,"enemies":"2 Louse","floor":4.0,"turns":3.0},{"damage":44.0,"enemies":"Gremlin Nob","floor":6.0,"turns":5.0},{"damage":5.0,"enemies":"Lots of Slimes","floor":12.0,"turns":2.0},{"damage":0.0,"enemies":"2 Fungi Beasts","floor":13.0,"turns":2.0},{"damage":7.0,"enemies":"Blue Slaver","floor":14.0,"turns":3.0},{"damage":0.0,"enemies":"Slime Boss","floor":16.0,"turns":7.0},{"damage":23.0,"enemies":"2 Thieves","floor":18.0,"turns":3.0},{"damage":10.0,"enemies":"Spheric Guardian","floor":20.0,"turns":3.0},{"damage":18.0,"enemies":"Centurion and Healer","floor":22.0,"turns":3.0},{"damage":51.0,"enemies":"Book of Stabbing","floor":24.0,"turns":4.0},{"damage":33.0,"enemies":"Shelled Parasite and Fungi","floor":27.0,"turns":3.0},{"damage":31.0,"enemies":"Snake Plant","floor":28.0,"turns":4.0},{"damage":6.0,"enemies":"Snecko","floor":29.0,"turns":3.0},{"damage":12.0,"enemies":"3 Cultists","floor":30.0,"turns":3.0},{"damage":64.0,"enemies":"Automaton","floor":33.0,"turns":7.0},{"damage":40.0,"enemies":"3 Darklings","floor":35.0,"turns":3.0},{"damage":52.0,"enemies":"2 Orb Walkers","floor":36.0,"turns":4.0},{"damage":32.0,"enemies":"Mind Bloom Boss Battle","floor":37.0,"turns":4.0},{"damage":9.0,"enemies":"3 Shapes","floor":38.0,"turns":1.0},{"damage":0.0,"enemies":"Sphere and 2 Shapes","floor":39.0,"turns":4.0},{"damage":61,"enemies":"Nemesis","floor":44,"turns":4}],"seed_played":"420993889476971038","potions_obtained":[{"floor":1.0,"key":"Explosive Potion"},{"floor":2.0,"key":"Dexterity Potion"},{"floor":14.0,"key":"PowerPotion"},{"floor":16.0,"key":"Block Potion"},{"floor":20.0,"key":"SteroidPotion"},{"floor":22.0,"key":"Poison Potion"},{"floor":28.0,"key":"Weak Potion"},{"floor":30.0,"key":"SpeedPotion"},{"floor":36.0,"key":"AttackPotion"},{"floor":37.0,"key":"EssenceOfSteel"}],"is_trial":false,"path_per_floor":["M","M","?","M","?","E","R","$","T","R","?","M","M","M","R","B",null,"M","?","M","?","M","R","E","R","T","M","M","M","M","$","R","B",null,"M","?","?","M","M","$","T","R","T","E"],"character_chosen":"IRONCLAD","items_purchased":["Wild Strike","Red Skull","Pen Nib","Shuriken","Reaper","Wild Strike","Armaments"],"campfire_rested":2,"item_purchase_floors":[8,31,31,40,40,40,40],"current_hp_per_floor":[79,79,79,79,72,28,75,75,81,81,65,60,60,53,53,59,87,64,64,54,54,45,45,4,82,82,49,18,21,40,40,40,8,82,82,30,31,53,53,53,53,53,53,0],"gold":19,"neow_bonus":"","is_prod":false,"is_daily":true,"chose_seed":false,"campfire_upgraded":5,"win_rate":0,"timestamp":1550081783,"path_taken":["M","M","?","M","?","E","R","$","T","R","?","M","M","M","R","BOSS","M","?","?","?","M","R","E","R","T","M","M","M","M","$","R","BOSS","M","?","?","M","M","$","?","R","T","E"],"build_version":"2019-01-23","purchased_purges":1,"victory":false,"max_hp_per_floor":[80,80,80,80,80,80,75,75,81,81,81,81,81,81,81,87,87,87,87,87,87,87,87,87,82,82,82,82,82,82,82,82,82,82,82,82,96,96,96,96,96,96,96,96],"card_choices":[{"not_picked":["Pummel","Warcry"],"picked":"Evolve","floor":1.0},{"not_picked":["Headbutt","Heavy Blade"],"picked":"Evolve","floor":2.0},{"not_picked":["Clothesline","Flex"],"picked":"Pummel","floor":4.0},{"not_picked":["Iron Wave","Flame Barrier"],"picked":"Cleave","floor":6.0},{"not_picked":["Barricade","Anger"],"picked":"Flex","floor":12.0},{"not_picked":["Flame Barrier","Iron Wave"],"picked":"Seeing Red","floor":13.0},{"not_picked":["Whirlwind","Warcry"],"picked":"Sword Boomerang","floor":14.0},{"not_picked":["Limit Break","Berserk"],"picked":"Exhume","floor":16.0},{"not_picked":["Clash","Body Slam+1"],"picked":"Sword Boomerang+1","floor":18.0},{"not_picked":["Cleave+1","Clothesline"],"picked":"Reaper","floor":20.0},{"not_picked":["Perfected Strike","Thunderclap"],"picked":"Searing Blow","floor":22.0},{"not_picked":["Inflame","Offering"],"picked":"Pommel Strike","floor":24.0},{"not_picked":["Reckless Charge","Iron Wave"],"picked":"Shrug It Off+1","floor":27.0},{"not_picked":["Wild Strike","Anger"],"picked":"Searing Blow+1","floor":28.0},{"not_picked":["True Grit","Anger"],"picked":"Juggernaut","floor":29.0},{"not_picked":["Feel No Pain","Headbutt","Warcry"],"picked":"SKIP","floor":30.0},{"not_picked":["Offering","Immolate"],"picked":"Demon Form","floor":33.0},{"not_picked":["Clash","Anger+1","Havoc"],"picked":"SKIP","floor":35.0},{"not_picked":["Dual Wield","Headbutt+1"],"picked":"Whirlwind","floor":36.0},{"not_picked":["Twin Strike+1","Thunderclap"],"picked":"Iron Wave+1","floor":37.0},{"not_picked":["Sever Soul+1","Seeing Red+1"],"picked":"Disarm+1","floor":38.0},{"not_picked":["Havoc+1","Warcry"],"picked":"Cleave+1","floor":39.0}],"player_experience":167592,"relics_obtained":[{"floor":6.0,"key":"Matryoshka"},{"floor":9.0,"key":"Tiny Chest"},{"floor":9.0,"key":"Vajra"},{"floor":24.0,"key":"The Courier"},{"floor":26.0,"key":"Whetstone"},{"floor":26.0,"key":"Dream Catcher"},{"floor":36.0,"key":"Calipers"},{"floor":37.0,"key":"Mango"},{"floor":41.0,"key":"Blood Vial"},{"floor":43.0,"key":"Bag of Marbles"}],"event_choices":[{"cards_removed":["Strike_R"],"damage_healed":0.0,"max_hp_gain":0.0,"max_hp_loss":0.0,"gold_gain":0.0,"event_name":"The Cleric","player_choice":"Card Removal","floor":3.0,"gold_loss":50.0,"damage_taken":0.0},{"cards_removed":["Strike_R"],"damage_healed":0.0,"max_hp_gain":0.0,"max_hp_loss":0.0,"gold_gain":0.0,"event_name":"Golden Wing","player_choice":"Card Removal","floor":5.0,"gold_loss":0.0,"damage_taken":7.0},{"damage_healed":0.0,"max_hp_gain":0.0,"max_hp_loss":0.0,"gold_gain":0.0,"event_name":"Shining Light","player_choice":"Entered Light","floor":11.0,"gold_loss":0.0,"damage_taken":16.0,"cards_upgraded":["Strike_R","Wild Strike"]},{"damage_healed":0.0,"max_hp_gain":0.0,"max_hp_loss":0.0,"gold_gain":0.0,"event_name":"N\u0027loth","player_choice":"Traded Relic","floor":19.0,"relics_lost":["Darkstone Periapt"],"gold_loss":0.0,"damage_taken":0.0,"relics_obtained":["Nloth\u0027s Gift"]},{"damage_healed":0.0,"max_hp_gain":0.0,"max_hp_loss":0.0,"gold_gain":0.0,"event_name":"Drug Dealer","player_choice":"Obtain J.A.X.","floor":21.0,"gold_loss":0.0,"damage_taken":0.0,"cards_obtained":["J.A.X."]},{"damage_healed":0.0,"max_hp_gain":0.0,"max_hp_loss":0.0,"gold_gain":0.0,"event_name":"Mysterious Sphere","player_choice":"Fight","floor":36.0,"gold_loss":0.0,"damage_taken":0.0},{"damage_healed":0.0,"max_hp_gain":0.0,"max_hp_loss":0.0,"gold_gain":0.0,"event_name":"MindBloom","player_choice":"Fight","floor":37.0,"gold_loss":0.0,"damage_taken":0.0}],"is_beta":false,"boss_relics":[{"not_picked":["Astrolabe","Eternal Feather"],"picked":"Velvet Choker"},{"not_picked":["Black Star","Fusion Hammer"],"picked":"Coffee Dripper"}],"items_purged_floors":[31],"is_endless":false,"potions_floor_spawned":[1,2,14,16,20,22,28,30,36,37],"killed_by":"Nemesis","ascension_level":0}