{"gold_per_floor":[116,128,128,138,29,29,59,59,130,160,179,205,205,222,222,320,320,334,9,19,19,29,41,69,81,105,125,177,189,212,234,246,357,369,393,480,507,15,27,61,61,73,73,85,99,99,99,112,112,112],"floor_reached":50,"playtime":4527,"items_purged":[],"score":897,"play_id":"008e078a-781d-435f-a291-c82c3d147bf2","local_time":"20190215151900","is_ascension_mode":true,"campfire_choices":[{"data":"Blizzard","floor":6,"key":"SMITH"},{"floor":8,"key":"REST"},{"floor":15,"key":"REST"},{"floor":29,"key":"REST"},{"data":"Defragment","floor":32,"key":"SMITH"},{"floor":41,"key":"REST"},{"data":"Zap","floor":47,"key":"SMITH"},{"floor":49,"key":"REST"}],"neow_cost":"PERCENT_DAMAGE","seed_source_timestamp":964328556695093,"circlet_count":0,"master_deck":["AscendersBane","Strike_B+1","Strike_B+1","Strike_B","Strike_B","Defend_B","Defend_B","Defend_B","Defend_B","Zap+1","Dualcast+1","BootSequence","Cold Snap","BootSequence","Glacier","Blizzard+1","FTL+1","Chill+1","Cold Snap","Defragment+1","Tempest","Tempest","Self Repair+1","Leap+1","Thunder Strike","Cold Snap+1","Amplify","Glacier","Melter","FTL","Cold Snap","Stack+1"],"relics":["FrozenCore","Orichalcum","Blue Candle","Calipers","Whetstone","Runic Pyramid","Chemical X","Gambling Chip","Bird Faced Urn","Regal Pillow","MawBank","Bottled Tornado","Dodecahedron","Art of War","Meat on the Bone"],"potions_floor_usage":[10,16,23,24,27,33,50,50],"damage_taken":[{"damage":0,"enemies":"2 Louse","floor":1,"turns":2},{"damage":6,"enemies":"Cultist","floor":2,"turns":4},{"damage":0,"enemies":"Jaw Worm","floor":4,"turns":3},{"damage":0,"enemies":"Lagavulin","floor":7,"turns":10},{"damage":7,"enemies":"Gremlin Nob","floor":10,"turns":5},{"damage":0,"enemies":"Lots of Slimes","floor":11,"turns":4},{"damage":25,"enemies":"Lagavulin","floor":12,"turns":8},{"damage":5,"enemies":"Exordium Thugs","floor":14,"turns":6},{"damage":33,"enemies":"Slime Boss","floor":16,"turns":13},{"damage":0,"enemies":"Shell Parasite","floor":18,"turns":8},{"damage":10,"enemies":"2 Thieves","floor":20,"turns":4},{"damage":24,"enemies":"3 Cultists","floor":22,"turns":5},{"damage":2,"enemies":"Centurion and Healer","floor":23,"turns":6},{"damage":40,"enemies":"Slavers","floor":24,"turns":7},{"damage":10,"enemies":"Snake Plant","floor":25,"turns":3},{"damage":0,"enemies":"Chosen and Byrds","floor":27,"turns":4},{"damage":0,"enemies":"Cultist and Chosen","floor":30,"turns":4},{"damage":0,"enemies":"Snake Plant","floor":31,"turns":3},{"damage":43,"enemies":"Collector","floor":33,"turns":14},{"damage":0,"enemies":"Orb Walker","floor":35,"turns":4},{"damage":0,"enemies":"3 Darklings","floor":37,"turns":7},{"damage":11,"enemies":"Jaw Worm Horde","floor":39,"turns":6},{"damage":83,"enemies":"Nemesis","floor":40,"turns":9},{"damage":14,"enemies":"Maw","floor":42,"turns":9},{"damage":4,"enemies":"4 Shapes","floor":44,"turns":8},{"damage":0,"enemies":"3 Darklings","floor":45,"turns":5},{"damage":25,"enemies":"Transient","floor":48,"turns":5},{"damage":95,"enemies":"Awakened One","floor":50,"turns":5}],"seed_played":"4115852465378847179","potions_obtained":[{"floor":1,"key":"Weak Potion"},{"floor":10,"key":"Ancient Potion"},{"floor":12,"key":"FearPotion"},{"floor":22,"key":"Weak Potion"},{"floor":23,"key":"EssenceOfSteel"},{"floor":24,"key":"SpeedPotion"},{"floor":25,"key":"Swift Potion"},{"floor":33,"key":"Strength Potion"},{"floor":40,"key":"Energy Potion"},{"floor":42,"key":"EssenceOfSteel"},{"floor":45,"key":"Energy Potion"}],"is_trial":false,"path_per_floor":["M","M","?","M","$","R","E","R","T","E","M","E","?","M","R","B",null,"M","$","M","?","M","M","E","M","T","M","T","R","M","M","R","B",null,"M","?","M","$","M","E","R","M","T","M","M","?","R","M","R","B"],"character_chosen":"DEFECT","items_purchased":["Glacier","Blizzard","Defragment","Tempest","Chemical X","Bottled Tornado","Dodecahedron"],"campfire_rested":5,"item_purchase_floors":[5,5,19,19,19,38,38],"current_hp_per_floor":[64,58,40,40,40,40,40,66,66,59,59,34,34,29,55,22,72,72,72,62,62,38,46,16,8,8,22,22,63,65,65,65,38,76,80,72,78,78,83,28,69,83,83,83,89,89,89,64,89,0],"gold":112,"neow_bonus":"TWENTY_PERCENT_HP_BONUS","is_prod":false,"is_daily":false,"chose_seed":false,"campfire_upgraded":3,"win_rate":0,"timestamp":1550222340,"path_taken":["M","M","?","M","$","R","E","R","T","E","M","E","?","?","R","BOSS","M","$","?","?","M","M","E","?","T","M","?","R","M","M","R","BOSS","M","?","M","$","M","E","R","?","T","M","M","?","R","M","R","BOSS"],"build_version":"2019-01-23","purchased_purges":0,"victory":false,"max_hp_per_floor":[89,89,89,89,89,89,89,89,89,89,89,89,89,89,89,89,89,89,89,89,89,89,89,89,89,89,89,89,89,89,89,89,89,89,89,89,89,89,89,89,89,89,89,89,89,89,89,89,89,89],"card_choices":[{"not_picked":["Go for the Eyes","Barrage"],"picked":"BootSequence","floor":1},{"not_picked":["Compile Driver","Darkness"],"picked":"Cold Snap","floor":2},{"not_picked":["Reprogram","Doom and Gloom"],"picked":"BootSequence","floor":4},{"not_picked":["Electrodynamics","Sweeping Beam"],"picked":"FTL","floor":7},{"not_picked":["Steam","Tempest","Hologram"],"picked":"SKIP","floor":10},{"not_picked":["White Noise","Hologram","Ball Lightning"],"picked":"SKIP","floor":11},{"not_picked":["Hologram","Steam Power"],"picked":"Chill","floor":12},{"not_picked":["Rebound","Barrage"],"picked":"Cold Snap","floor":14},{"not_picked":["Chaos","Undo","Hologram"],"picked":"SKIP","floor":18},{"not_picked":["Steam","Sweeping Beam"],"picked":"Tempest","floor":20},{"not_picked":["Beam Cell","Sweeping Beam"],"picked":"Self Repair+1","floor":22},{"not_picked":["Hologram","Storm"],"picked":"Leap+1","floor":23},{"not_picked":["Barrage","Go for the Eyes+1"],"picked":"Thunder Strike","floor":24},{"not_picked":["Gash","Sunder"],"picked":"Loop","floor":25},{"not_picked":["Static Discharge","Hologram","Redo"],"picked":"SKIP","floor":27},{"not_picked":["Go for the Eyes","Beam Cell"],"picked":"Cold Snap+1","floor":30},{"not_picked":["Rebound","All For One","Sweeping Beam"],"picked":"SKIP","floor":31},{"not_picked":["Machine Learning","Meteor Strike"],"picked":"Amplify","floor":33},{"not_picked":["Lockon","Hello World","Undo+1"],"picked":"SKIP","floor":35},{"not_picked":["Barrage","Ball Lightning","Chaos"],"picked":"SKIP","floor":37},{"not_picked":["Static Discharge","Reprogram"],"picked":"Glacier","floor":39},{"not_picked":["Hello World","Gash+1"],"picked":"Melter","floor":40},{"not_picked":["Heatsinks","Loop","Compile Driver+1"],"picked":"SKIP","floor":42},{"not_picked":["Heatsinks","Loop","Compile Driver+1"],"picked":"SKIP","floor":42},{"not_picked":["White Noise","Fusion"],"picked":"FTL","floor":44},{"not_picked":["Go for the Eyes+1","Rip and Tear+1"],"picked":"Cold Snap","floor":45},{"not_picked":["Steam","Darkness"],"picked":"Stack+1","floor":48}],"player_experience":810366,"relics_obtained":[{"floor":7,"key":"Orichalcum"},{"floor":9,"key":"Blue Candle"},{"floor":10,"key":"Calipers"},{"floor":12,"key":"Whetstone"},{"floor":24,"key":"Bird Faced Urn"},{"floor":26,"key":"Regal Pillow"},{"floor":28,"key":"MawBank"},{"floor":40,"key":"Art of War"},{"floor":43,"key":"Meat on the Bone"}],"event_choices":[{"damage_healed":0,"gold_gain":0,"player_choice":"Entered Light","damage_taken":18,"max_hp_gain":0,"max_hp_loss":0,"event_name":"Shining Light","floor":3,"gold_loss":0,"cards_upgraded":["Dualcast","Strike_B"]},{"damage_healed":0,"gold_gain":0,"player_choice":"Forge","damage_taken":0,"max_hp_gain":0,"max_hp_loss":0,"event_name":"Accursed Blacksmith","floor":13,"gold_loss":0,"cards_upgraded":["Chill"]},{"damage_healed":0,"gold_gain":0,"player_choice":"Gave Potion","damage_taken":0,"relics_obtained":["Gambling Chip"],"max_hp_gain":0,"max_hp_loss":0,"event_name":"WeMeetAgain","floor":21,"gold_loss":0},{"damage_healed":0,"gold_gain":75,"player_choice":"Touch","damage_taken":8,"max_hp_gain":0,"max_hp_loss":0,"event_name":"FaceTrader","floor":36,"gold_loss":0},{"cards_removed":["Loop"],"damage_healed":0,"gold_gain":0,"player_choice":"Removed Power","damage_taken":0,"max_hp_gain":0,"max_hp_loss":0,"event_name":"Falling","floor":46,"gold_loss":0}],"is_beta":false,"boss_relics":[{"not_picked":["Cursed Key","Busted Crown"],"picked":"Runic Pyramid"},{"not_picked":["Eternal Feather","White Beast Statue"],"picked":"FrozenCore"}],"items_purged_floors":[],"is_endless":false,"potions_floor_spawned":[1,10,12,14,22,23,24,25,33,40,42,45],"killed_by":"Awakened One","ascension_level":12}