{"gold_per_floor":[110,130,150,163,163,163,195,211,234,24,38,38,48,72,72,144,144,157,157,72,85,103,133,133,145,145,145,161,192,192,211,211,288,288,301,318,293,307,45,45],"floor_reached":40,"playtime":1832,"items_purged":["Brutality","Strike_R"],"score":889,"play_id":"7a131e55-578c-4e6f-97b6-f8d1d2f71f6e","local_time":"20190117232811","is_ascension_mode":true,"campfire_choices":[{"data":"Spot Weakness","floor":6,"key":"SMITH"},{"data":"True Grit","floor":12,"key":"SMITH"},{"data":"Clothesline","floor":15,"key":"SMITH"},{"floor":27,"key":"REST"},{"data":"Anger","floor":30,"key":"SMITH"},{"data":"Inflame","floor":32,"key":"SMITH"}],"neow_cost":"NONE","seed_source_timestamp":710150960084812,"circlet_count":0,"master_deck":["AscendersBane","Strike_R","Strike_R","Strike_R","Defend_R","Defend_R","Defend_R","Defend_R","Bash","Headbutt","Clothesline+1","True Grit+1","Spot Weakness+1","Sword Boomerang","Inflame+1","Sword Boomerang","Shrug It Off","Anger+1","Reaper","Shrug It Off","Pommel Strike","Battle Trance","Havoc","Iron Wave+1","Shrug It Off","Fiend Fire","Pummel","Anger+1","Armaments+1","Evolve","Shrug It Off","Disarm","Inflame"],"relics":["Burning Blood","Incense Burner","Potion Belt","Odd Mushroom","Cursed Key","PreservedInsect","Boot","Meat on the Bone","Orrery"],"potions_floor_usage":[11,16,16,21,28,33,33,38,40],"damage_taken":[{"damage":10,"enemies":"Jaw Worm","floor":1,"turns":5},{"damage":5,"enemies":"2 Louse","floor":2,"turns":4},{"damage":11,"enemies":"Cultist","floor":3,"turns":4},{"damage":8,"enemies":"Looter","floor":4,"turns":3},{"damage":48,"enemies":"Gremlin Nob","floor":7,"turns":6},{"damage":6,"enemies":"3 Louse","floor":8,"turns":4},{"damage":1,"enemies":"Lots of Slimes","floor":11,"turns":3},{"damage":1,"enemies":"Looter","floor":13,"turns":3},{"damage":4,"enemies":"The Mushroom Lair","floor":14,"turns":3},{"damage":28,"enemies":"The Guardian","floor":16,"turns":10},{"damage":30,"enemies":"Spheric Guardian","floor":18,"turns":5},{"damage":27,"enemies":"Chosen","floor":21,"turns":6},{"damage":11,"enemies":"Snecko","floor":22,"turns":6},{"damage":34,"enemies":"Slavers","floor":23,"turns":6},{"damage":17,"enemies":"Snake Plant","floor":25,"turns":5},{"damage":14,"enemies":"Shelled Parasite and Fungi","floor":28,"turns":6},{"damage":9,"enemies":"Book of Stabbing","floor":29,"turns":4},{"damage":6,"enemies":"Centurion and Healer","floor":31,"turns":5},{"damage":93,"enemies":"Collector","floor":33,"turns":11},{"damage":13,"enemies":"3 Shapes","floor":35,"turns":3},{"damage":14,"enemies":"Orb Walker","floor":36,"turns":3},{"damage":47,"enemies":"Sphere and 2 Shapes","floor":38,"turns":12},{"damage":83,"enemies":"Reptomancer","floor":40,"turns":3}],"seed_played":"-299216938558799984","potions_obtained":[{"floor":7,"key":"Ancient Potion"},{"floor":8,"key":"SteroidPotion"},{"floor":13,"key":"Swift Potion"},{"floor":14,"key":"Strength Potion"},{"floor":18,"key":"BloodPotion"},{"floor":25,"key":"Explosive Potion"},{"floor":29,"key":"SteroidPotion"},{"floor":36,"key":"BloodPotion"},{"floor":38,"key":"BloodPotion"}],"is_trial":false,"path_per_floor":["M","M","M","M","?","R","E","M","T","$","M","R","M","?","R","B",null,"M","?","?","M","M","E","?","M","T","R","M","E","R","M","R","B",null,"M","M","$","M","$","E"],"character_chosen":"IRONCLAD","items_purchased":["Inflame","Sword Boomerang","Shrug It Off","Disarm","Inflame"],"campfire_rested":1,"item_purchase_floors":[10,10,37,39,39],"current_hp_per_floor":[64,65,60,58,75,75,33,33,33,33,38,38,43,45,45,23,62,38,38,38,24,29,19,19,8,8,30,34,43,43,53,53,20,61,68,60,60,38,38,0],"gold":45,"neow_bonus":"ONE_RANDOM_RARE_CARD","is_prod":false,"is_daily":false,"chose_seed":false,"campfire_upgraded":5,"win_rate":0,"timestamp":1547792891,"path_taken":["M","M","M","M","?","R","E","M","T","$","M","R","M","?","R","BOSS","M","?","?","M","M","E","?","?","T","R","M","E","R","M","R","BOSS","M","M","$","M","$","E"],"build_version":"2019-01-16","purchased_purges":2,"victory":false,"max_hp_per_floor":[75,75,75,75,75,75,75,75,75,75,75,75,75,75,75,75,75,75,75,75,75,75,75,75,75,75,75,75,75,75,75,75,75,75,75,75,75,75,75,75],"card_choices":[{"not_picked":["Heavy Blade","Clash"],"picked":"Headbutt","floor":1},{"not_picked":["Feel No Pain","Armaments"],"picked":"Clothesline","floor":2},{"not_picked":["Iron Wave","Twin Strike"],"picked":"True Grit","floor":3},{"not_picked":["Wild Strike","Clothesline"],"picked":"Spot Weakness","floor":4},{"not_picked":["Armaments","Clash"],"picked":"Sword Boomerang","floor":7},{"not_picked":["Infernal Blade","Wild Strike","Burning Pact"],"picked":"SKIP","floor":8},{"not_picked":["Wild Strike","Anger"],"picked":"Shrug It Off","floor":11},{"not_picked":["Thunderclap","Dual Wield"],"picked":"Anger","floor":13},{"not_picked":["Impervious","Barricade"],"picked":"Reaper","floor":16},{"not_picked":["Heavy Blade","Warcry"],"picked":"Shrug It Off","floor":18},{"not_picked":["Hemokinesis","Flex"],"picked":"Pommel Strike","floor":21},{"not_picked":["Pommel Strike","Clothesline"],"picked":"Battle Trance","floor":22},{"not_picked":["Hemokinesis","Second Wind","Twin Strike"],"picked":"SKIP","floor":23},{"not_picked":["Wild Strike","Twin Strike","Iron Wave"],"picked":"SKIP","floor":25},{"not_picked":["Anger","Feel No Pain"],"picked":"Iron Wave+1","floor":28},{"not_picked":["Twin Strike","True Grit","Juggernaut"],"picked":"SKIP","floor":29},{"not_picked":["Evolve","Power Through"],"picked":"Shrug It Off","floor":31},{"not_picked":["Bludgeon","Juggernaut"],"picked":"Fiend Fire","floor":33},{"not_picked":["Clash","Havoc"],"picked":"Pummel","floor":34},{"not_picked":["Thunderclap","Sword Boomerang"],"picked":"Anger+1","floor":34},{"not_picked":["Wild Strike+1","Pummel"],"picked":"Armaments+1","floor":35},{"not_picked":["Iron Wave","Heavy Blade"],"picked":"Evolve","floor":36},{"not_picked":["Clothesline","Blood for Blood+1","Power Through+1"],"picked":"SKIP","floor":38}],"player_experience":1225801,"relics_obtained":[{"floor":7,"key":"Incense Burner"},{"floor":9,"key":"Potion Belt"},{"floor":14,"key":"Odd Mushroom"},{"floor":23,"key":"Boot"},{"floor":29,"key":"Meat on the Bone"}],"event_choices":[{"damage_healed":25,"gold_gain":0,"player_choice":"Banana","damage_taken":0,"max_hp_gain":0,"max_hp_loss":0,"event_name":"Big Fish","floor":5,"gold_loss":0},{"damage_healed":0,"gold_gain":0,"player_choice":"Fought Mushrooms","damage_taken":0,"max_hp_gain":0,"max_hp_loss":0,"event_name":"Mushrooms","floor":14,"gold_loss":0},{"damage_healed":0,"gold_gain":0,"player_choice":"Ignored","damage_taken":0,"max_hp_gain":0,"max_hp_loss":0,"event_name":"The Mausoleum","floor":19,"gold_loss":0},{"damage_healed":0,"gold_gain":0,"player_choice":"Obtained Relic","damage_taken":0,"relics_obtained":["PreservedInsect"],"max_hp_gain":0,"max_hp_loss":0,"event_name":"Addict","floor":20,"gold_loss":85},{"damage_healed":0,"gold_gain":0,"cards_transformed":["Strike_R"],"player_choice":"Transformed","damage_taken":0,"max_hp_gain":0,"max_hp_loss":0,"event_name":"Transmorgrifier","floor":24,"gold_loss":0,"cards_obtained":["Havoc"]}],"is_beta":true,"boss_relics":[{"not_picked":["Lizard Tail","Pandora\u0027s Box"],"picked":"Cursed Key"},{"not_picked":["Sozu","Busted Crown"],"picked":"Orrery"}],"items_purged_floors":[10,39],"is_endless":false,"potions_floor_spawned":[7,8,13,14,18,25,29,36,38],"killed_by":"Reptomancer","ascension_level":20}