{"gold_per_floor":[116,133,133,30,55,55,80,94,94,94,110,128,160,179,179,179],"floor_reached":16,"playtime":649,"items_purged":["Strike_R"],"score":224,"play_id":"6387457c-4e06-4d76-bc26-d1ff3a62f977","local_time":"20190131181016","is_ascension_mode":true,"campfire_choices":[{"data":"Carnage","floor":6,"key":"SMITH"},{"data":"Armaments","floor":10,"key":"SMITH"},{"data":"Bash","floor":15,"key":"SMITH"}],"neow_cost":"PERCENT_DAMAGE","seed_source_timestamp":82185328025207,"circlet_count":0,"master_deck":["AscendersBane","Strike_R","Strike_R","Strike_R","Strike_R","Defend_R","Defend_R","Defend_R","Defend_R","Bash+1","Carnage+1","Armaments+1","Shrug It Off","Clothesline","Double Tap"],"relics":["Burning Blood","Champion Belt","Pen Nib","Bottled Lightning","Letter Opener","WingedGreaves"],"potions_floor_usage":[7,13,16],"damage_taken":[{"damage":2,"enemies":"Small Slimes","floor":1,"turns":4},{"damage":0,"enemies":"Cultist","floor":2,"turns":2},{"damage":19,"enemies":"Gremlin Nob","floor":7,"turns":4},{"damage":0,"enemies":"Jaw Worm","floor":8,"turns":3},{"damage":6,"enemies":"Looter","floor":11,"turns":3},{"damage":5,"enemies":"Blue Slaver","floor":12,"turns":4},{"damage":18,"enemies":"Lagavulin","floor":13,"turns":5},{"damage":15,"enemies":"Gremlin Gang","floor":14,"turns":6},{"damage":29,"enemies":"Hexaghost","floor":16,"turns":9}],"seed_played":"-761866392105595330","potions_obtained":[{"floor":1,"key":"Block Potion"},{"floor":2,"key":"SkillPotion"},{"floor":13,"key":"GamblersBrew"}],"is_trial":false,"path_per_floor":["M","M","?","$","T","R","E","M","T","R","M","M","E","M","R","B"],"character_chosen":"IRONCLAD","items_purchased":["Shrug It Off"],"campfire_rested":0,"item_purchase_floors":[4],"current_hp_per_floor":[54,60,56,56,56,56,43,49,49,49,49,50,38,29,29,0],"gold":179,"neow_bonus":"ONE_RARE_RELIC","is_prod":false,"is_daily":false,"chose_seed":false,"campfire_upgraded":3,"win_rate":0,"timestamp":1548983416,"path_taken":["M","M","?","$","?","R","E","M","T","R","M","M","E","M","R","BOSS"],"build_version":"2019-01-23","purchased_purges":1,"victory":false,"max_hp_per_floor":[75,75,75,75,75,75,75,75,75,75,75,75,75,75,75,75],"card_choices":[{"not_picked":["Flex","Pommel Strike"],"picked":"Carnage","floor":1},{"not_picked":["Iron Wave","Fire Breathing"],"picked":"Armaments","floor":2},{"not_picked":["Blood for Blood","Rupture","Warcry"],"picked":"SKIP","floor":7},{"not_picked":["Thunderclap","Infernal Blade","Warcry"],"picked":"SKIP","floor":8},{"not_picked":["Sword Boomerang","Sever Soul"],"picked":"Clothesline","floor":11},{"not_picked":["Shrug It Off","Thunderclap"],"picked":"Double Tap","floor":12},{"not_picked":["Armaments","Perfected Strike","Combust"],"picked":"SKIP","floor":13},{"not_picked":["Clash","Sword Boomerang","Sever Soul"],"picked":"SKIP","floor":14}],"player_experience":1280518,"relics_obtained":[{"floor":5,"key":"Pen Nib"},{"floor":7,"key":"Bottled Lightning"},{"floor":9,"key":"Letter Opener"},{"floor":13,"key":"WingedGreaves"}],"event_choices":[{"damage_healed":0,"gold_gain":0,"player_choice":"Bought 0 Potions","damage_taken":0,"max_hp_gain":0,"max_hp_loss":0,"event_name":"The Woman in Blue","floor":3,"gold_loss":0}],"is_beta":true,"boss_relics":[],"items_purged_floors":[4],"is_endless":false,"potions_floor_spawned":[1,2,13],"killed_by":"Hexaghost","ascension_level":20}