{"gold_per_floor":[118,118,137,137,62,62,89,89,116,146,146,246,266,300,300,396,396,406,422,180,195,294,294,326,326,349,377,377,16,31,61,61,163,163,178,178,194,194,241,267,17,17,44,44,62,78,90,115,115,115],"floor_reached":51,"playtime":2517,"items_purged":["Strike_B","Blizzard","Blizzard+1","Dualcast"],"score":1075,"play_id":"0878713d-e1c6-48a4-8d66-395f33ee985c","local_time":"20180802233419","is_ascension_mode":true,"campfire_choices":[{"data":"Zap","floor":6,"key":"SMITH"},{"data":"Streamline","floor":8,"key":"SMITH"},{"data":"Go for the Eyes","floor":11,"key":"SMITH"},{"data":"Hologram","floor":15,"key":"SMITH"},{"data":"Hologram","floor":23,"key":"SMITH"},{"floor":25,"key":"REST"},{"floor":28,"key":"REST"},{"data":"Hologram","floor":32,"key":"SMITH"},{"floor":42,"key":"REST"},{"floor":49,"key":"REST"}],"neow_cost":"","seed_source_timestamp":739050637151106,"circlet_count":0,"master_deck":["Zap+1","Streamline+1","Leap","Go for the Eyes+1","Hologram+1","Cold Snap+1","All For One","FTL","Hologram+1","Steam","Turbo","Beam Cell","BootSequence","Hologram+1","Madness","Hologram","Steam","Hologram+1","Beam Cell+1","All For One","Conserve Battery","Reboot","Turbo","Seek","Madness","Madness","Reprogram+1","Gash","FTL","Gash+1","FTL+1"],"relics":["Cracked Core","Bag of Marbles","Pen Nib","War Paint","Dream Catcher","Pandora\u0027s Box","Question Card","Vajra","Whetstone","Singing Bowl","Fusion Hammer","Incense Burner","Potion Belt","Anchor","Art of War"],"potions_floor_usage":[16,16,33,33,50,50,50,50,50],"damage_taken":[{"damage":0,"enemies":"Cultist","floor":1,"turns":4},{"damage":0,"enemies":"Small Slimes","floor":3,"turns":3},{"damage":27,"enemies":"Lagavulin","floor":7,"turns":7},{"damage":11,"enemies":"3 Sentries","floor":10,"turns":7},{"damage":2,"enemies":"Jaw Worm","floor":13,"turns":2},{"damage":15,"enemies":"Gremlin Nob","floor":14,"turns":4},{"damage":0,"enemies":"Slime Boss","floor":16,"turns":9},{"damage":0,"enemies":"Spheric Guardian","floor":18,"turns":3},{"damage":0,"enemies":"Chosen","floor":19,"turns":3},{"damage":0,"enemies":"Snake Plant","floor":21,"turns":2},{"damage":59,"enemies":"Slavers","floor":24,"turns":6},{"damage":28,"enemies":"Gremlin Leader","floor":27,"turns":4},{"damage":1,"enemies":"Centurion and Healer","floor":30,"turns":3},{"damage":0,"enemies":"Book of Stabbing","floor":31,"turns":3},{"damage":9,"enemies":"Automaton","floor":33,"turns":6},{"damage":2,"enemies":"Orb Walker","floor":35,"turns":3},{"damage":0,"enemies":"3 Shapes","floor":37,"turns":3},{"damage":0,"floor":39,"turns":3},{"damage":0,"enemies":"Giant Head","floor":40,"turns":3},{"damage":0,"enemies":"Flame Bruiser 2 Orb","floor":45,"turns":2},{"damage":0,"enemies":"Sphere and 2 Shapes","floor":46,"turns":3},{"damage":0,"enemies":"3 Darklings","floor":47,"turns":3},{"damage":0,"enemies":"Nemesis","floor":48,"turns":3},{"damage":0,"enemies":"Donu and Deca","floor":50,"turns":5}],"seed_played":"-8242143496628835064","potions_obtained":[{"floor":10,"key":"SkillPotion"},{"floor":13,"key":"Swift Potion"},{"floor":14,"key":"Ancient Potion"},{"floor":18,"key":"Dexterity Potion"},{"floor":31,"key":"Dexterity Potion"},{"floor":35,"key":"FocusPotion"},{"floor":45,"key":"Strength Potion"}],"is_trial":false,"path_per_floor":["M","?","M","?","$","R","E","R","T","E","R","?","M","E","R","B",null,"M","M","$","M","?","R","E","R","T","E","R","$","M","E","R","B",null,"M","?","M","?","?","E","$","R","T","$","M","M","M","E","R","B"],"character_chosen":"DEFECT","items_purchased":["Madness","Hologram","All For One","Conserve Battery","Strength Potion","Block Potion","PowerPotion"],"campfire_rested":4,"item_purchase_floors":[20,20,29,29,29,41,41],"current_hp_per_floor":[75,80,80,80,80,80,53,53,53,42,42,42,40,25,25,25,80,80,80,80,80,80,80,21,45,45,17,41,41,40,40,40,31,80,80,70,70,70,70,70,70,82,82,82,84,86,88,90,90,90],"gold":115,"neow_bonus":"","is_prod":false,"is_daily":false,"chose_seed":false,"campfire_upgraded":6,"win_rate":0,"timestamp":1533274459,"path_taken":["M","?","M","?","?","R","E","R","T","E","R","?","M","E","R","BOSS","M","?","?","M","?","R","E","R","T","E","R","$","M","E","R","BOSS","M","?","M","?","?","E","$","R","T","$","?","?","M","E","R","BOSS"],"build_version":"2018-08-01","purchased_purges":4,"victory":true,"max_hp_per_floor":[75,80,80,80,80,80,80,80,80,80,80,80,80,80,80,80,80,80,80,80,80,80,80,80,80,80,80,80,80,80,80,80,80,80,82,82,82,82,82,82,82,82,82,82,84,86,88,90,90,90],"card_choices":[{"not_picked":["Capacitor","Sweeping Beam"],"picked":"Streamline","floor":1},{"not_picked":["Tempest","Aggregate"],"picked":"Hello World","floor":3},{"not_picked":["Skim","Redo"],"picked":"Leap","floor":7},{"not_picked":["Multi-Cast","Stack"],"picked":"Go for the Eyes","floor":10},{"not_picked":["Self Repair","Capacitor"],"picked":"Hologram","floor":13},{"not_picked":["Compile Driver","Leap"],"picked":"Cold Snap","floor":14},{"not_picked":["Machine Learning","Biased Cognition"],"picked":"All For One","floor":16},{"not_picked":["Redo","Loop"],"picked":"BootSequence","floor":18},{"not_picked":["BootSequence","Capacitor"],"picked":"Hologram","floor":19},{"not_picked":["Compile Driver","Storm+1","Streamline"],"picked":"SKIP","floor":21},{"not_picked":["Recycle","Hyperbeam"],"picked":"Steam","floor":24},{"not_picked":["Redo+1","Steam","Compile Driver"],"picked":"Hologram+1","floor":27},{"not_picked":["Ball Lightning","Storm","Cold Snap"],"picked":"Beam Cell+1","floor":28},{"not_picked":["Genetic Algorithm","Recycle","Steam"],"picked":"Reboot","floor":30},{"not_picked":["White Noise","Rebound","Ball Lightning"],"picked":"Turbo","floor":31},{"not_picked":["Multi-Cast","Echo Form","Creative AI"],"picked":"Seek","floor":33},{"not_picked":["Coolheaded","Fusion+1","Cold Snap+1","Streamline"],"picked":"Singing Bowl","floor":35},{"not_picked":["Steam","Ball Lightning","Barrage+1"],"picked":"Reprogram+1","floor":37},{"not_picked":["Steam+1","Hyperbeam","Turbo+1"],"picked":"Gash","floor":39},{"not_picked":["Reboot","Fusion+1","Redo"],"picked":"FTL","floor":40},{"not_picked":["Leap+1","Streamline+1","Melter+1"],"picked":"Gash+1","floor":42},{"not_picked":["Sweeping Beam","Stack","Steam+1","Compile Driver+1"],"picked":"Singing Bowl","floor":45},{"not_picked":["Barrage+1","Conserve Battery+1","Hello World","Doom and Gloom+1"],"picked":"Singing Bowl","floor":46},{"not_picked":["Double Energy","Aggregate","Compile Driver","Rainbow"],"picked":"Singing Bowl","floor":47},{"not_picked":["Capacitor+1","Cold Snap","Sweeping Beam+1","Genetic Algorithm+1"],"picked":"Singing Bowl","floor":48},{"not_picked":["Ball Lightning+1","Defragment","Go for the Eyes+1"],"picked":"FTL+1","floor":49}],"player_experience":919699,"relics_obtained":[{"floor":7,"key":"Bag of Marbles"},{"floor":9,"key":"Pen Nib"},{"floor":10,"key":"War Paint"},{"floor":14,"key":"Dream Catcher"},{"floor":24,"key":"Question Card"},{"floor":26,"key":"Vajra"},{"floor":27,"key":"Whetstone"},{"floor":31,"key":"Singing Bowl"},{"floor":39,"key":"Incense Burner"},{"floor":40,"key":"Potion Belt"},{"floor":43,"key":"Anchor"},{"floor":48,"key":"Art of War"}],"event_choices":[{"event_name":"Big Fish","player_choice":"Donut","floor":2,"damage_taken":0},{"event_name":"NoteForYourself","player_choice":"Ignored","floor":4,"damage_taken":0},{"event_name":"Golden Shrine","player_choice":"Pray","floor":12,"damage_taken":0},{"event_name":"Nest","player_choice":"Stole From Cult","floor":22,"damage_taken":0},{"event_name":"Winding Halls","player_choice":"Embrace Madness","floor":36,"damage_taken":0},{"event_name":"Falling","player_choice":"Removed Power","floor":38,"damage_taken":0},{"event_name":"Mysterious Sphere","player_choice":"Fight","floor":39,"damage_taken":0}],"is_beta":true,"boss_relics":[{"not_picked":["Busted Crown","Empty Cage"],"picked":"Pandora\u0027s Box"},{"not_picked":["Calling Bell","Philosopher\u0027s Stone"],"picked":"Fusion Hammer"}],"items_purged_floors":[5,20,29,41],"is_endless":false,"potions_floor_spawned":[10,13,14,18,30,31,35,45,48],"ascension_level":1}