{"gold_per_floor":[109,109,120,74,74,74,102,117,117,127,161,174,174,186,186,289,289,302,319,45,145,159,159,191,201,201,126,76,76,96,128,128,223,223,240,150,13,27,42,104,104,120,120,151,26,44,44,75,75,75],"floor_reached":51,"playtime":2855,"items_purged":["Strike_B","Strike_B","Defend_B"],"score":959,"play_id":"dcac328d-befe-4af4-9bd3-20af0b1f753c","local_time":"20190127212455","is_ascension_mode":true,"campfire_choices":[{"data":"Coolheaded","floor":6,"key":"SMITH"},{"floor":15,"key":"REST"},{"data":"Coolheaded","floor":29,"key":"SMITH"},{"data":"Shame","floor":32,"key":"PURGE"},{"floor":41,"key":"REST"},{"floor":47,"key":"REST"},{"floor":49,"key":"REST"}],"neow_cost":"NONE","seed_source_timestamp":369383176071181,"circlet_count":0,"master_deck":["Defend_B","Defend_B","Defend_B","Zap+1","Dualcast","Coolheaded+1","White Noise+1","Streamline+1","Go for the Eyes+1","Cold Snap+1","Sunder+1","Sweeping Beam+1","Sunder+1","Coolheaded+1","All For One+1","Conserve Battery+1","Turbo+1","Doom and Gloom+1","Terror","Headbutt+1","Streamline+1","Streamline+1","Echo Form+1","Riddle With Holes+1","Sunder+1","Seeing Red","Creative AI+1"],"relics":["Snecko Eye","Molten Egg 2","Happy Flower","Bottled Flame","Blood Vial","Sozu","PrismaticShard","Peace Pipe","Mercury Hourglass","Letter Opener","Frozen Egg 2","Pear","Centennial Puzzle","Nuclear Battery","Tiny Chest","Lantern","Dream Catcher","PreservedInsect"],"potions_floor_usage":[14,14,14,14,14,30],"damage_taken":[{"damage":12,"enemies":"Cultist","floor":1,"turns":6},{"damage":0,"enemies":"2 Louse","floor":3,"turns":4},{"damage":35,"enemies":"3 Sentries","floor":7,"turns":10},{"damage":0,"enemies":"Small Slimes","floor":8,"turns":4},{"damage":0,"enemies":"Exordium Thugs","floor":10,"turns":4},{"damage":16,"enemies":"Lagavulin","floor":11,"turns":3},{"damage":0,"enemies":"Blue Slaver","floor":12,"turns":1},{"damage":0,"enemies":"Exordium Wildlife","floor":14,"turns":2},{"damage":20,"enemies":"Hexaghost","floor":16,"turns":5},{"damage":12,"enemies":"2 Thieves","floor":18,"turns":3},{"damage":0,"enemies":"Spheric Guardian","floor":19,"turns":2},{"damage":0,"enemies":"Colosseum Slavers","floor":21,"turns":2},{"damage":3,"enemies":"Colosseum Nobs","floor":21,"turns":3},{"damage":7,"enemies":"Cultist and Chosen","floor":22,"turns":3},{"damage":1,"enemies":"Book of Stabbing","floor":24,"turns":3},{"damage":12,"enemies":"3 Cultists","floor":25,"turns":3},{"damage":12,"enemies":"Centurion and Healer","floor":30,"turns":2},{"damage":25,"enemies":"Slavers","floor":31,"turns":3},{"damage":0,"enemies":"Collector","floor":33,"turns":3},{"damage":10,"enemies":"Orb Walker","floor":35,"turns":2},{"damage":9,"enemies":"3 Darklings","floor":38,"turns":2},{"damage":0,"enemies":"Writhing Mass","floor":39,"turns":2},{"damage":41,"enemies":"Nemesis","floor":40,"turns":3},{"damage":9,"enemies":"Transient","floor":42,"turns":5},{"damage":0,"enemies":"Reptomancer","floor":44,"turns":4},{"damage":18,"enemies":"Jaw Worm Horde","floor":46,"turns":3},{"damage":5,"enemies":"Giant Head","floor":48,"turns":3},{"damage":60,"enemies":"Time Eater","floor":50,"turns":4}],"seed_played":"-6575083346559233835","potions_obtained":[{"floor":7,"key":"Explosive Potion"},{"floor":8,"key":"EntropicBrew"},{"floor":11,"key":"EssenceOfSteel"}],"is_trial":false,"path_per_floor":["M","T","M","$","?","R","E","M","T","M","E","M","?","M","R","B",null,"M","M","$","?","M","?","E","M","T","$","$","R","M","E","R","B",null,"M","?","$","M","M","E","R","M","T","E","$","M","R","E","R","B",null],"character_chosen":"DEFECT","items_purchased":["Streamline+1","Doom and Gloom+1","PrismaticShard","Streamline+1","Sunder+1"],"campfire_rested":4,"item_purchase_floors":[4,20,20,28,37],"current_hp_per_floor":[63,63,63,63,63,63,28,28,28,28,12,14,14,16,38,20,75,63,65,65,66,61,61,62,52,62,62,62,62,52,29,29,31,85,75,75,75,68,70,31,56,49,49,51,51,35,60,57,82,24],"gold":75,"neow_bonus":"BOSS_RELIC","is_prod":false,"is_daily":false,"chose_seed":false,"campfire_upgraded":2,"win_rate":0,"timestamp":1548620695,"path_taken":["M","?","M","$","?","R","E","?","T","M","E","M","?","?","R","BOSS","M","M","$","?","M","?","E","M","T","?","$","R","M","E","R","BOSS","M","?","$","M","M","E","R","M","T","E","$","?","R","E","R","BOSS"],"build_version":"2019-01-23","purchased_purges":3,"victory":true,"max_hp_per_floor":[75,75,75,75,75,75,75,75,75,75,75,75,75,75,75,75,75,75,75,75,75,75,75,75,75,85,85,85,85,85,85,85,85,85,85,85,85,85,85,85,85,85,85,85,85,85,85,85,85,85],"card_choices":[{"not_picked":["Redo","Blizzard"],"picked":"Coolheaded","floor":1},{"not_picked":["BootSequence","Cold Snap+1"],"picked":"White Noise","floor":3},{"not_picked":["Hyperbeam+1","Leap"],"picked":"Go for the Eyes+1","floor":7},{"not_picked":["Sweeping Beam+1","Rebound+1"],"picked":"Cold Snap+1","floor":8},{"not_picked":["Blizzard+1","Loop"],"picked":"Sunder+1","floor":10},{"not_picked":["Storm","Tempest"],"picked":"Sweeping Beam+1","floor":11},{"not_picked":["Scrape+1","Aggregate"],"picked":"Sunder+1","floor":12},{"not_picked":["Aggregate","Loop"],"picked":"Coolheaded","floor":14},{"not_picked":["Electrodynamics","Buffer"],"picked":"All For One+1","floor":16},{"not_picked":["Redo","Barrage+1"],"picked":"Conserve Battery+1","floor":18},{"not_picked":["Stack","Coolheaded"],"picked":"Turbo+1","floor":19},{"not_picked":["Dagger Spray+1","Blade Dance","Noxious Fumes"],"picked":"SKIP","floor":22},{"not_picked":["Dagger Spray+1","Blade Dance","Noxious Fumes"],"picked":"SKIP","floor":22},{"not_picked":["Self Repair+1","Headbutt+1"],"picked":"Terror","floor":24},{"not_picked":["Reboot","Flying Knee+1"],"picked":"Headbutt+1","floor":25},{"not_picked":["Perfected Strike+1","True Grit","PiercingWail"],"picked":"SKIP","floor":30},{"not_picked":["Disarm","White Noise"],"picked":"Streamline+1","floor":31},{"not_picked":["Magnetism+1","Juggernaut+1"],"picked":"Echo Form+1","floor":33},{"not_picked":["Beam Cell+1","Outmaneuver+1"],"picked":"Riddle With Holes+1","floor":35},{"not_picked":["Self Repair+1","Good Instincts+1","Shrug It Off"],"picked":"SKIP","floor":38},{"not_picked":["PiercingWail+1","Auto Shields","Hologram+1"],"picked":"SKIP","floor":39},{"not_picked":["Storm of Steel","Deflect+1","Bane+1"],"picked":"SKIP","floor":40},{"not_picked":["Footwork+1","Headbutt+1"],"picked":"Seeing Red","floor":42},{"not_picked":["Hemokinesis+1","Blade Dance"],"picked":"Creative AI+1","floor":44},{"not_picked":["Loop+1","Compile Driver+1","Anger+1"],"picked":"SKIP","floor":46},{"not_picked":["Heatsinks+1","Dodge and Roll+1","Conserve Battery"],"picked":"SKIP","floor":48}],"player_experience":104168,"relics_obtained":[{"floor":2,"key":"Molten Egg 2"},{"floor":7,"key":"Happy Flower"},{"floor":9,"key":"Bottled Flame"},{"floor":11,"key":"Blood Vial"},{"floor":21,"key":"Peace Pipe"},{"floor":21,"key":"Mercury Hourglass"},{"floor":24,"key":"Frozen Egg 2"},{"floor":26,"key":"Pear"},{"floor":31,"key":"Centennial Puzzle"},{"floor":40,"key":"Tiny Chest"},{"floor":43,"key":"Lantern"},{"floor":44,"key":"Dream Catcher"},{"floor":48,"key":"PreservedInsect"}],"event_choices":[{"cards_removed":["Strike_B"],"damage_healed":0,"gold_gain":0,"player_choice":"Purged","damage_taken":0,"max_hp_gain":0,"max_hp_loss":0,"event_name":"Purifier","floor":5,"gold_loss":0},{"damage_healed":0,"gold_gain":0,"player_choice":"Forge","damage_taken":0,"max_hp_gain":0,"max_hp_loss":0,"event_name":"Accursed Blacksmith","floor":13,"gold_loss":0,"cards_upgraded":["White Noise"]},{"damage_healed":0,"gold_gain":0,"player_choice":"Fight","damage_taken":0,"max_hp_gain":0,"max_hp_loss":0,"event_name":"Colosseum","floor":21,"gold_loss":0},{"damage_healed":0,"gold_gain":0,"player_choice":"Fought Nobs","damage_taken":0,"max_hp_gain":0,"max_hp_loss":0,"event_name":"Colosseum","floor":21,"gold_loss":0},{"damage_healed":0,"gold_gain":0,"player_choice":"Stole Relic","damage_taken":0,"relics_obtained":["Letter Opener"],"max_hp_gain":0,"max_hp_loss":0,"event_name":"Addict","floor":23,"gold_loss":0,"cards_obtained":["Shame"]},{"cards_removed":["Strike_B"],"damage_healed":0,"gold_gain":0,"player_choice":"Upgrade and Remove","damage_taken":0,"max_hp_gain":0,"max_hp_loss":0,"event_name":"Designer","floor":36,"gold_loss":90,"cards_upgraded":["Zap"]}],"is_beta":false,"boss_relics":[{"not_picked":["Inserter","Black Star"],"picked":"Sozu"},{"not_picked":["Runic Dome","Calling Bell"],"picked":"Nuclear Battery"}],"items_purged_floors":[27,37,45],"is_endless":false,"potions_floor_spawned":[7,8,11,12,21,24,25,30,31,35,40],"ascension_level":3}