{"gold_per_floor":[218,74,74,89,107,107,29,61,61,87,87,87,119,40,40,113,113,128,128,128,143,153,153,184,184,208,32,32,44,71,71,71,142,172,182,57,57,57,68,68,95,113,158,185,185],"floor_reached":45,"playtime":2054,"items_purged":["Strike_G","Strike_G+1","Strike_G+1"],"score":1381,"play_id":"12d9ef60-33b0-4bd9-b0ba-fcb46d3e6ab1","local_time":"20180716155041","is_ascension_mode":true,"campfire_choices":[{"floor":6,"key":"REST"},{"data":"Catalyst","floor":12,"key":"SMITH"},{"data":"Neutralize","floor":15,"key":"SMITH"},{"data":"Footwork","floor":23,"key":"SMITH"},{"data":"Footwork","floor":25,"key":"SMITH"},{"data":"Footwork","floor":28,"key":"SMITH"},{"floor":32,"key":"REST"},{"data":"Catalyst","floor":40,"key":"SMITH"}],"neow_cost":"NONE","seed_source_timestamp":489658231360425,"circlet_count":0,"master_deck":["Defend_G+1","Defend_G+1","Defend_G+1","Defend_G+1","Defend_G+1","Strike_G+1","Survivor","Neutralize+1","AscendersBane","Noxious Fumes+1","Noxious Fumes+1","Backflip","Catalyst+1","Noxious Fumes","Footwork+1","Sucker Punch","Footwork+1","Crippling Poison","Cloak And Dagger","Footwork+1","Cloak And Dagger","PiercingWail","Catalyst+1","Burst","Malaise","Deadly Poison","Malaise"],"relics":["Ring of the Snake","Mercury Hourglass","Meat on the Bone","Pen Nib","Bottled Flame","Velvet Choker","Letter Opener","Happy Flower","Question Card","Tiny House","Bird Faced Urn","Calipers","Strawberry","Boot"],"potions_floor_usage":[39],"damage_taken":[{"damage":0,"enemies":"2 Louse","floor":1,"turns":4},{"damage":16,"enemies":"Small Slimes","floor":4,"turns":5},{"damage":0,"enemies":"Cultist","floor":5,"turns":5},{"damage":18,"enemies":"3 Sentries","floor":8,"turns":6},{"damage":4,"enemies":"Lagavulin","floor":10,"turns":6},{"damage":5,"enemies":"3 Sentries","floor":13,"turns":5},{"damage":20,"enemies":"The Guardian","floor":16,"turns":9},{"damage":9,"enemies":"Shell Parasite","floor":18,"turns":6},{"damage":2,"enemies":"Spheric Guardian","floor":21,"turns":4},{"damage":9,"enemies":"Chosen and Byrds","floor":22,"turns":6},{"damage":23,"enemies":"Slavers","floor":24,"turns":5},{"damage":16,"enemies":"Cultist and Chosen","floor":29,"turns":6},{"damage":19,"enemies":"Gremlin Leader","floor":30,"turns":6},{"damage":40,"enemies":"Champ","floor":33,"turns":15},{"damage":0,"enemies":"3 Shapes","floor":35,"turns":4},{"damage":0,"floor":38,"turns":6},{"damage":29,"enemies":"Orb Walker","floor":39,"turns":6},{"damage":0,"enemies":"Giant Head","floor":41,"turns":5},{"damage":0,"enemies":"Maw","floor":42,"turns":5},{"damage":66,"enemies":"2 Orb Walkers","floor":44,"turns":7},{"damage":43,"floor":45,"turns":3}],"seed_played":"-93579667010698615","potions_obtained":[{"floor":10,"key":"Energy Potion"},{"floor":16,"key":"Strength Potion"},{"floor":34,"key":"Dexterity Potion"},{"floor":42,"key":"SteroidPotion"}],"is_trial":false,"path_per_floor":["M","$","?","M","M","R","$","E","T","E","$","R","E","$","R","B",null,"M","?","?","M","M","R","E","R","T","$","R","M","E","?","R","B",null,"M","$","?","?","M","R","E","M","T","E"],"character_chosen":"THE_SILENT","items_purchased":["Noxious Fumes","Noxious Fumes","Footwork","Footwork"],"campfire_rested":2,"item_purchase_floors":[2,7,14,27],"current_hp_per_floor":[59,59,52,36,36,55,55,37,37,45,45,45,40,40,40,32,58,49,49,76,74,65,65,42,42,42,42,42,38,31,31,53,25,68,68,68,68,68,49,49,59,69,76,34,0],"gold":185,"neow_bonus":"HUNDRED_GOLD","is_prod":false,"is_daily":false,"chose_seed":false,"campfire_upgraded":6,"win_rate":0,"timestamp":1531777841,"path_taken":["M","$","?","M","?","R","?","E","T","E","?","R","E","$","R","BOSS","M","?","?","?","M","R","E","R","T","$","R","M","E","?","R","BOSS","M","$","?","?","?","R","E","?","T","E","?"],"build_version":"2018-07-13","purchased_purges":3,"victory":false,"max_hp_per_floor":[66,66,66,66,66,66,66,66,66,66,66,66,66,66,66,66,66,66,66,76,76,76,76,76,76,76,76,76,76,76,76,76,76,81,81,81,81,81,81,81,81,81,88,88,88],"card_choices":[{"not_picked":["Poisoned Stab","Dodge and Roll"],"picked":"Noxious Fumes","floor":1},{"not_picked":["Prepared","Flechettes"],"picked":"Backflip","floor":4},{"not_picked":["Dodge and Roll","Blur"],"picked":"Catalyst","floor":5},{"not_picked":["Deflect","Flying Knee"],"picked":"Footwork","floor":8},{"not_picked":["Doppelganger","Masterful Stab"],"picked":"Sucker Punch","floor":10},{"not_picked":["Flying Knee","Dagger Spray","Deadly Poison"],"picked":"SKIP","floor":13},{"not_picked":["Glass Knife","Night Terror"],"picked":"Corpse Explosion","floor":16},{"not_picked":["Predator","Dagger Spray"],"picked":"Crippling Poison","floor":18},{"not_picked":["Dagger Throw","Quick Slash","Predator"],"picked":"SKIP","floor":21},{"not_picked":["Storm of Steel","Bane","Distraction"],"picked":"SKIP","floor":22},{"not_picked":["Expertise","Concentrate"],"picked":"Cloak And Dagger","floor":24},{"not_picked":["Distraction","Sucker Punch"],"picked":"Cloak And Dagger","floor":29},{"not_picked":["Prepared+1","All Out Attack+1"],"picked":"PiercingWail","floor":30},{"not_picked":["Glass Knife","Envenom","Tactician"],"picked":"Burst","floor":33},{"not_picked":["Dagger Spray","Deadly Poison","Bane"],"picked":"Malaise","floor":34},{"not_picked":["Cloak And Dagger","Calculated Gamble","Bane+1"],"picked":"Deadly Poison","floor":35},{"not_picked":["Envenom","Poisoned Stab+1","Prepared+1"],"picked":"Malaise","floor":39},{"not_picked":["Expertise+1","Sucker Punch","Tools of the Trade","Leg Sweep"],"picked":"SKIP","floor":41},{"not_picked":["Dagger Spray","Flying Knee","Acrobatics","Sucker Punch"],"picked":"SKIP","floor":42},{"not_picked":["Deflect","PiercingWail","Infinite Blades+1","Choke+1"],"picked":"SKIP","floor":44}],"player_experience":781991,"relics_obtained":[{"floor":8,"key":"Mercury Hourglass"},{"floor":9,"key":"Meat on the Bone"},{"floor":10,"key":"Pen Nib"},{"floor":13,"key":"Bottled Flame"},{"floor":24,"key":"Letter Opener"},{"floor":26,"key":"Happy Flower"},{"floor":30,"key":"Question Card"},{"floor":38,"key":"Bird Faced Urn"},{"floor":41,"key":"Calipers"},{"floor":43,"key":"Strawberry"},{"floor":44,"key":"Boot"}],"event_choices":[{"event_name":"Golden Wing","player_choice":"Card Removal","floor":3,"damage_taken":0},{"event_name":"Back to Basics","player_choice":"Simplicity","floor":19,"damage_taken":0},{"event_name":"Bonfire Elementals","player_choice":"RARE","floor":20,"damage_taken":0},{"event_name":"Match and Keep!","player_choice":"1 cards matched","floor":31,"damage_taken":0},{"event_name":"Accursed Blacksmith","player_choice":"Forge","floor":37,"damage_taken":0},{"event_name":"MindBloom","player_choice":"Fight","floor":38,"damage_taken":0},{"event_name":"Mysterious Sphere","player_choice":"Fight","floor":45,"damage_taken":0}],"boss_relics":[{"not_picked":["Calling Bell","Astrolabe"],"picked":"Velvet Choker"},{"not_picked":["Philosopher\u0027s Stone","Orrery"],"picked":"Tiny House"}],"items_purged_floors":[2,27,36],"is_endless":false,"potions_floor_spawned":[10,16,22,30,38,42,44],"ascension_level":15}