{"gold_per_floor":[118,9,26,44,44,101,101,114,114,114,149,164,9,9,9,104,104,124,138,158,78,102,102],"floor_reached":23,"playtime":1540,"items_purged":["Strike_G"],"score":226,"play_id":"22296e7e-019b-433c-8505-6e91e2d4b2e8","local_time":"20190124205110","is_ascension_mode":false,"campfire_choices":[{"data":"Footwork","floor":7,"key":"SMITH"},{"data":"Footwork","floor":15,"key":"SMITH"}],"neow_cost":"NONE","seed_source_timestamp":109469103277098,"circlet_count":0,"master_deck":["Defend_G","Defend_G","Defend_G","Defend_G","Defend_G","Strike_G","Strike_G","Strike_G","Survivor","Neutralize","Terror","Masterful Stab","Acrobatics","Footwork+1","Dash","Endless Agony","Footwork+1","Slice","Adrenaline","Dodge and Roll","Heel Hook","Slice+1","Footwork"],"relics":["Ring of the Snake","Tiny Chest","Paper Crane","Dodecahedron","Mango","Bag of Preparation","Coffee Dripper","Dream Catcher"],"potions_floor_usage":[6,6,23],"damage_taken":[{"damage":0,"enemies":"Cultist","floor":1,"turns":5},{"damage":0,"enemies":"Small Slimes","floor":3,"turns":4},{"damage":0,"enemies":"2 Louse","floor":4,"turns":3},{"damage":3,"enemies":"Gremlin Nob","floor":6,"turns":5},{"damage":0,"enemies":"Exordium Wildlife","floor":8,"turns":7},{"damage":23,"enemies":"Lagavulin","floor":11,"turns":6},{"damage":0,"enemies":"2 Fungi Beasts","floor":12,"turns":4},{"damage":49,"enemies":"Slime Boss","floor":16,"turns":30},{"damage":0,"enemies":"Chosen","floor":18,"turns":3},{"damage":0,"enemies":"Spheric Guardian","floor":19,"turns":7},{"damage":0,"enemies":"Centurion and Healer","floor":20,"turns":6},{"damage":91,"enemies":"Gremlin Leader","floor":23,"turns":12}],"seed_played":"-3556946737261699327","potions_obtained":[{"floor":1,"key":"Block Potion"},{"floor":3,"key":"Weak Potion"},{"floor":19,"key":"GhostInAJar"},{"floor":20,"key":"SkillPotion"}],"is_trial":false,"path_per_floor":["M","$","M","M","?","E","R","M","T","?","E","M","$","?","R","B",null,"M","M","M","$","T","E"],"character_chosen":"THE_SILENT","items_purchased":["Masterful Stab","Bag of Preparation","Footwork"],"campfire_rested":0,"item_purchase_floors":[2,13,21],"current_hp_per_floor":[77,77,77,77,77,74,74,74,74,67,58,58,58,58,58,9,91,91,91,91,91,91,0],"gold":102,"neow_bonus":"TEN_PERCENT_HP_BONUS","is_prod":false,"is_daily":false,"chose_seed":false,"campfire_upgraded":2,"win_rate":0.0,"timestamp":1548359470,"path_taken":["M","$","?","M","?","E","R","M","T","?","E","M","?","?","R","BOSS","M","M","M","$","?","E"],"build_version":"2019-01-23","purchased_purges":1,"victory":false,"max_hp_per_floor":[77,77,77,77,77,77,77,77,77,77,91,91,91,91,91,91,91,91,91,91,91,91,91],"card_choices":[{"not_picked":["Backstab","Backflip"],"picked":"Terror","floor":1},{"not_picked":["Sucker Punch","Dagger Throw"],"picked":"Acrobatics","floor":3},{"not_picked":["Well Laid Plans","Deflect"],"picked":"Footwork","floor":4},{"not_picked":["Reflex","Underhanded Strike"],"picked":"Dash","floor":6},{"not_picked":["Prepared","Eviscerate"],"picked":"Endless Agony","floor":8},{"not_picked":["Reflex","Poisoned Stab"],"picked":"Footwork","floor":11},{"not_picked":["Catalyst","Dodge and Roll"],"picked":"Slice","floor":12},{"not_picked":["Bullet Time","Malaise"],"picked":"Adrenaline","floor":16},{"not_picked":["Acrobatics","Quick Slash+1"],"picked":"Dodge and Roll","floor":18},{"not_picked":["Underhanded Strike","Flying Knee+1"],"picked":"Heel Hook","floor":19},{"not_picked":["Flechettes+1","Dodge and Roll"],"picked":"Slice+1","floor":20}],"player_experience":48152,"relics_obtained":[{"floor":6,"key":"Tiny Chest"},{"floor":9,"key":"Paper Crane"},{"floor":11,"key":"Mango"},{"floor":22,"key":"Dream Catcher"}],"event_choices":[{"damage_healed":0,"gold_gain":0,"player_choice":"Leave","damage_taken":0,"max_hp_gain":0,"max_hp_loss":0,"event_name":"The Cleric","floor":5,"gold_loss":0},{"damage_healed":0,"gold_gain":0,"player_choice":"Success","damage_taken":7,"relics_obtained":["Dodecahedron"],"max_hp_gain":0,"max_hp_loss":0,"event_name":"Scrap Ooze","floor":10,"gold_loss":0},{"cards_removed":["Strike_G"],"damage_healed":0,"gold_gain":0,"player_choice":"Offered Basic","damage_taken":0,"max_hp_gain":0,"max_hp_loss":0,"event_name":"Bonfire Elementals","floor":14,"gold_loss":0}],"is_beta":false,"boss_relics":[{"not_picked":["Orrery","Runic Dome"],"picked":"Coffee Dripper"}],"items_purged_floors":[2],"is_endless":false,"potions_floor_spawned":[1,3,19,20],"killed_by":"Gremlin Leader","ascension_level":0}