{"gold_per_floor":[114,125,125,139,70,70,88,117,142,417,431,446,446,96,96,173,173,192,244,21,37,37,68,84,100,100,130,36,36,48,48,48,125,125,137,137,151,165,175,206,206],"floor_reached":41,"playtime":4318,"items_purged":["Regret"],"score":814,"play_id":"da116707-c640-480d-b402-c0d0db68a0a7","local_time":"20190218152505","is_ascension_mode":true,"campfire_choices":[{"floor":6,"key":"REST"},{"floor":13,"key":"REST"},{"data":"Defragment","floor":15,"key":"SMITH"},{"floor":29,"key":"REST"},{"floor":32,"key":"REST"}],"neow_cost":"NONE","seed_source_timestamp":129627904092793,"circlet_count":0,"master_deck":["AscendersBane","Strike_B+1","Strike_B+1","Strike_B+1","Defend_B+1","Defend_B+1","Defend_B+1","Defend_B+1","Zap","Dualcast","Ball Lightning","Sweeping Beam","Ball Lightning","Defragment+1","Chill","Defragment","Capacitor","Seek","FTL","Capacitor","Coolheaded","Panacea","Biased Cognition","Chill","Core Surge","Tempest+1","Hologram+1","Force Field","Machine Learning+1"],"relics":["Cracked Core","Orichalcum","Blood Vial","Strange Spoon","Fusion Hammer","Bronze Scales","DataDisk","Vajra","Darkstone Periapt","Art of War","Cursed Key","Frozen Egg 2"],"potions_floor_usage":[16,23],"damage_taken":[{"damage":6,"enemies":"Cultist","floor":1,"turns":3},{"damage":7,"enemies":"2 Louse","floor":2,"turns":3},{"damage":0,"enemies":"Jaw Worm","floor":4,"turns":3},{"damage":0,"enemies":"Large Slime","floor":7,"turns":4},{"damage":16,"enemies":"Gremlin Nob","floor":8,"turns":3},{"damage":7,"enemies":"Red Slaver","floor":11,"turns":2},{"damage":10,"enemies":"Exordium Thugs","floor":12,"turns":4},{"damage":7,"enemies":"The Guardian","floor":16,"turns":9},{"damage":19,"enemies":"Shell Parasite","floor":18,"turns":4},{"damage":0,"enemies":"Chosen","floor":21,"turns":4},{"damage":2,"enemies":"Slavers","floor":23,"turns":6},{"damage":0,"enemies":"3 Cultists","floor":24,"turns":5},{"damage":0,"enemies":"Centurion and Healer","floor":25,"turns":5},{"damage":16,"enemies":"Book of Stabbing","floor":27,"turns":4},{"damage":5,"enemies":"Snecko","floor":30,"turns":4},{"damage":17,"enemies":"Automaton","floor":33,"turns":9},{"damage":5,"enemies":"Orb Walker","floor":35,"turns":4},{"damage":8,"enemies":"3 Darklings","floor":37,"turns":4},{"damage":10,"enemies":"Transient","floor":38,"turns":5},{"damage":0,"enemies":"Sphere and 2 Shapes","floor":39,"turns":4},{"damage":51,"enemies":"Nemesis","floor":40,"turns":7},{"damage":9,"enemies":"Jaw Worm Horde","floor":41,"turns":1}],"seed_played":"4613782142286337058","potions_obtained":[{"floor":2,"key":"Weak Potion"},{"floor":11,"key":"EssenceOfSteel"},{"floor":16,"key":"AttackPotion"},{"floor":18,"key":"Energy Potion"},{"floor":23,"key":"Ancient Potion"}],"is_trial":false,"path_per_floor":["M","M","?","M","$","R","M","E","T","?","M","M","R","$","R","B",null,"M","T","$","M","?","E","M","M","T","E","$","R","M","?","R","B",null,"M","$","M","M","M","E","M"],"character_chosen":"DEFECT","items_purchased":["Defragment","Strange Spoon","Capacitor","DataDisk","Capacitor","Panacea"],"campfire_rested":4,"item_purchase_floors":[5,14,14,20,20,28],"current_hp_per_floor":[58,51,30,30,30,51,51,35,35,35,30,22,43,43,43,38,63,46,46,46,48,48,48,50,52,52,38,38,59,56,56,71,54,67,64,64,58,50,52,3,0],"gold":206,"neow_bonus":"REMOVE_CARD","is_prod":false,"is_daily":false,"chose_seed":false,"campfire_upgraded":1,"win_rate":0,"timestamp":1550525105,"path_taken":["M","?","?","M","?","R","M","E","T","?","M","M","R","$","R","BOSS","M","?","?","?","?","E","M","M","T","E","$","R","M","?","R","BOSS","M","$","?","M","M","E","M"],"build_version":"2019-01-23","purchased_purges":1,"victory":false,"max_hp_per_floor":[71,71,71,71,71,71,71,71,71,71,71,71,71,71,71,71,71,71,71,71,71,71,71,71,71,71,71,71,71,71,71,71,71,71,71,71,71,71,71,71,71],"card_choices":[{"not_picked":["Streamline","Doom and Gloom"],"picked":"Ball Lightning","floor":1},{"not_picked":["Streamline","Redo"],"picked":"Sweeping Beam","floor":2},{"not_picked":["Compile Driver","Redo"],"picked":"Ball Lightning","floor":4},{"not_picked":["Barrage","Rebound","Hologram"],"picked":"SKIP","floor":7},{"not_picked":["Darkness","Core Surge"],"picked":"Chill","floor":8},{"not_picked":["Self Repair","Barrage"],"picked":"Defragment","floor":11},{"not_picked":["Compile Driver","Blizzard","Gash"],"picked":"SKIP","floor":12},{"not_picked":["Amplify","Fission"],"picked":"Seek","floor":16},{"not_picked":["Coolheaded","Turbo+1"],"picked":"FTL","floor":18},{"not_picked":["Leap","Barrage"],"picked":"Coolheaded","floor":21},{"not_picked":["Conserve Battery","Aggregate","Steam"],"picked":"SKIP","floor":23},{"not_picked":["Compile Driver","Barrage","Redo"],"picked":"SKIP","floor":24},{"not_picked":["Coolheaded","Steam Power","Hologram"],"picked":"SKIP","floor":25},{"not_picked":["Tempest","Fusion","Aggregate"],"picked":"SKIP","floor":27},{"not_picked":["Leap","Doom and Gloom+1"],"picked":"Biased Cognition","floor":30},{"not_picked":["Amplify","All For One"],"picked":"Core Surge","floor":33},{"not_picked":["Hologram","Redo+1"],"picked":"Tempest+1","floor":35},{"not_picked":["Aggregate","Rip and Tear","Tempest"],"picked":"SKIP","floor":37},{"not_picked":["Rebound+1","Darkness"],"picked":"Hologram+1","floor":38},{"not_picked":["Leap","Stack+1"],"picked":"Force Field","floor":39},{"not_picked":["Sunder","Gash+1"],"picked":"Machine Learning","floor":40}],"player_experience":409662,"relics_obtained":[{"floor":8,"key":"Orichalcum"},{"floor":9,"key":"Blood Vial"},{"floor":19,"key":"Bronze Scales"},{"floor":23,"key":"Vajra"},{"floor":26,"key":"Darkstone Periapt"},{"floor":27,"key":"Art of War"},{"floor":40,"key":"Frozen Egg 2"}],"event_choices":[{"damage_healed":0,"gold_gain":0,"player_choice":"Entered Light","damage_taken":21,"max_hp_gain":0,"max_hp_loss":0,"event_name":"Shining Light","floor":3,"gold_loss":0,"cards_upgraded":["Defend_B","Defend_B"]},{"damage_healed":0,"gold_gain":275,"player_choice":"Desecrate","damage_taken":0,"max_hp_gain":0,"max_hp_loss":0,"event_name":"Golden Shrine","floor":10,"gold_loss":0,"cards_obtained":["Regret"]},{"damage_healed":0,"gold_gain":0,"player_choice":"Simplicity","damage_taken":0,"max_hp_gain":0,"max_hp_loss":0,"event_name":"Back to Basics","floor":22,"gold_loss":0,"cards_upgraded":["Strike_B","Strike_B","Strike_B","Defend_B","Defend_B"]},{"damage_healed":0,"gold_gain":0,"player_choice":"Copied","damage_taken":0,"max_hp_gain":0,"max_hp_loss":0,"event_name":"Duplicator","floor":31,"gold_loss":0,"cards_obtained":["Chill"]}],"is_beta":false,"boss_relics":[{"not_picked":["Sozu","Empty Cage"],"picked":"Fusion Hammer"},{"not_picked":["Inserter","Velvet Choker"],"picked":"Cursed Key"}],"items_purged_floors":[14],"is_endless":false,"potions_floor_spawned":[2,11,16,18,23,24,27,33,37,39],"killed_by":"Jaw Worm Horde","ascension_level":15}