{"gold_per_floor":[110,125,33,33,53,87,87,87,87,87,98,98,124,137,137,137],"floor_reached":16,"playtime":412,"items_purged":[],"score":149,"play_id":"e85d0fcf-c0e4-4050-a99b-28c45eb28c79","local_time":"20190213012521","is_ascension_mode":true,"campfire_choices":[{"data":"Strike_B","floor":7,"key":"PURGE"},{"data":"Parasite","floor":10,"key":"PURGE"},{"data":"Turbo","floor":12,"key":"SMITH"},{"data":"Steam Power","floor":15,"key":"SMITH"}],"neow_cost":"NONE","seed_source_timestamp":131680217601976,"circlet_count":0,"master_deck":["Strike_B","Strike_B","Strike_B","Defend_B","Defend_B","Defend_B","Defend_B","Zap","Dualcast","Beam Cell","Defragment","Beam Cell","Rebound","Turbo+1","Steam Power+1","FTL"],"relics":["Cracked Core","NeowsBlessing","Ornamental Fan","Peace Pipe","Mercury Hourglass","PreservedInsect"],"potions_floor_usage":[6,14],"damage_taken":[{"damage":0,"enemies":"Jaw Worm","floor":1,"turns":1},{"damage":0,"enemies":"Cultist","floor":2,"turns":1},{"damage":0,"enemies":"2 Louse","floor":5,"turns":1},{"damage":22,"enemies":"3 Sentries","floor":6,"turns":6},{"damage":0,"enemies":"2 Fungi Beasts","floor":11,"turns":2},{"damage":32,"enemies":"Gremlin Nob","floor":13,"turns":4},{"damage":0,"enemies":"Looter","floor":14,"turns":3},{"damage":35,"enemies":"Hexaghost","floor":16,"turns":8}],"seed_played":"-805569420004911041","potions_obtained":[{"floor":5,"key":"Strength Potion"},{"floor":13,"key":"EssenceOfSteel"}],"is_trial":false,"path_per_floor":["M","M","$","?","M","E","R","?","T","R","M","R","E","M","R","B"],"character_chosen":"DEFECT","items_purchased":["Turbo","Beam Cell"],"campfire_rested":0,"item_purchase_floors":[3,3],"current_hp_per_floor":[68,68,68,68,68,46,46,64,64,64,64,64,32,32,32,0],"gold":137,"neow_bonus":"THREE_ENEMY_KILL","is_prod":false,"is_daily":false,"chose_seed":false,"campfire_upgraded":2,"win_rate":0,"timestamp":1550017521,"path_taken":["M","M","$","?","?","E","R","?","T","R","M","R","E","M","R","BOSS"],"build_version":"2019-01-23","purchased_purges":0,"victory":false,"max_hp_per_floor":[75,75,75,75,75,75,75,75,75,72,72,72,72,72,72,72],"card_choices":[{"not_picked":["Hologram","Streamline"],"picked":"Beam Cell","floor":1},{"not_picked":["Conserve Battery","Static Discharge"],"picked":"Defragment","floor":2},{"not_picked":["Hologram","Cold Snap"],"picked":"Rebound","floor":5},{"not_picked":["Cold Snap","Meteor Strike","Compile Driver"],"picked":"SKIP","floor":6},{"not_picked":["Static Discharge","Sweeping Beam"],"picked":"Turbo","floor":11},{"not_picked":["Cold Snap","Barrage"],"picked":"Steam Power","floor":13},{"not_picked":["Melter","Undo"],"picked":"FTL","floor":14}],"player_experience":162308,"relics_obtained":[{"floor":6,"key":"Peace Pipe"},{"floor":9,"key":"Mercury Hourglass"},{"floor":13,"key":"PreservedInsect"}],"event_choices":[{"cards_removed":["Turbo"],"damage_healed":0,"gold_gain":0,"player_choice":"Gave Card","damage_taken":0,"relics_obtained":["Ornamental Fan"],"max_hp_gain":0,"max_hp_loss":0,"event_name":"WeMeetAgain","floor":4,"gold_loss":0},{"damage_healed":18,"gold_gain":0,"player_choice":"Healed and dodged fight","damage_taken":0,"max_hp_gain":0,"max_hp_loss":0,"event_name":"Mushrooms","floor":8,"gold_loss":0,"cards_obtained":["Parasite"]}],"is_beta":false,"boss_relics":[],"items_purged_floors":[],"is_endless":false,"potions_floor_spawned":[5,13],"killed_by":"Hexaghost","ascension_level":7}