{"gold_per_floor":[118,118,71,92,92,92,116,416,416,430,430,430],"floor_reached":12,"playtime":768,"items_purged":[],"score":68,"play_id":"787172ea-f379-4fb9-b227-b105697bdb2f","local_time":"20190128020905","is_ascension_mode":false,"campfire_choices":[{"data":"True Grit","floor":6,"key":"SMITH"}],"neow_cost":"NONE","seed_source_timestamp":14920473770600,"circlet_count":0,"master_deck":["Strike_R","Strike_R","Strike_R","Strike_R","Defend_R","Defend_R","Defend_R","Defend_R","Bash","Barricade","Power Through","True Grit+1","Body Slam","Entrench","Shrug It Off"],"relics":["Burning Blood","Golden Idol","Molten Egg 2","Old Coin","Shuriken"],"potions_floor_usage":[12,12,12],"damage_taken":[{"damage":14,"enemies":"2 Louse","floor":1,"turns":6},{"damage":8,"enemies":"Jaw Worm","floor":4,"turns":6},{"damage":10,"enemies":"Small Slimes","floor":7,"turns":4},{"damage":9,"enemies":"Blue Slaver","floor":10,"turns":7},{"damage":26,"enemies":"Lagavulin Event","floor":12,"turns":9}],"seed_played":"6903435905409263476","potions_obtained":[{"floor":4,"key":"FearPotion"},{"floor":7,"key":"GamblersBrew"},{"floor":10,"key":"BloodPotion"}],"is_trial":false,"path_per_floor":["M","?","$","M","T","R","M","?","T","M","?","?"],"character_chosen":"IRONCLAD","items_purchased":["True Grit"],"campfire_rested":0,"item_purchase_floors":[3],"current_hp_per_floor":[72,52,52,50,50,50,46,28,28,25,18,0],"gold":430,"neow_bonus":"ONE_RANDOM_RARE_CARD","is_prod":false,"is_daily":false,"chose_seed":false,"campfire_upgraded":1,"win_rate":0.0,"timestamp":1548670145,"path_taken":["M","?","$","M","?","R","?","?","T","M","?","?"],"build_version":"2019-01-23","purchased_purges":0,"victory":false,"max_hp_per_floor":[80,80,80,80,80,80,80,80,80,80,80,80],"card_choices":[{"not_picked":["Armaments","Flex"],"picked":"Power Through","floor":1},{"not_picked":["Rampage","Anger"],"picked":"Body Slam","floor":4},{"not_picked":["Carnage+1","Rampage+1"],"picked":"Entrench","floor":7},{"not_picked":["Pommel Strike+1","Cleave+1"],"picked":"Shrug It Off","floor":10}],"player_experience":57344,"relics_obtained":[{"floor":5,"key":"Molten Egg 2"},{"floor":9,"key":"Shuriken"}],"event_choices":[{"damage_healed":0,"gold_gain":0,"player_choice":"Take Damage","damage_taken":20,"relics_obtained":["Golden Idol"],"max_hp_gain":0,"max_hp_loss":0,"event_name":"Golden Idol","floor":2,"gold_loss":0},{"damage_healed":0,"gold_gain":0,"player_choice":"Success","damage_taken":18,"relics_obtained":["Old Coin"],"max_hp_gain":0,"max_hp_loss":0,"event_name":"Scrap Ooze","floor":8,"gold_loss":0},{"cards_removed":["Strike_R"],"damage_healed":0,"gold_gain":0,"player_choice":"Card Removal","damage_taken":7,"max_hp_gain":0,"max_hp_loss":0,"event_name":"Golden Wing","floor":11,"gold_loss":0},{"damage_healed":0,"gold_gain":0,"player_choice":"Searched \u00272\u0027 times","damage_taken":0,"max_hp_gain":0,"max_hp_loss":0,"event_name":"Dead Adventurer","floor":12,"gold_loss":0}],"is_beta":false,"boss_relics":[],"items_purged_floors":[],"is_endless":false,"potions_floor_spawned":[4,7,10],"killed_by":"Lagavulin Event","ascension_level":0}