{"gold_per_floor":[116,134,151,151,169,179,179,205,205,205,219,99,126,126,126,225,225,239,222,172,152,162,162,180,207,262,262,17,17,17,28,28,123,123,133,153,0,0],"floor_reached":38,"playtime":3355,"items_purged":["Strike_B","Strike_B","Defend_B"],"score":396,"play_id":"c2621263-f391-47a9-9a49-ec019489be6c","local_time":"20181013232153","is_ascension_mode":false,"campfire_choices":[{"data":"Dualcast","floor":7,"key":"SMITH"},{"floor":15,"key":"REST"},{"data":"Defragment","floor":23,"key":"SMITH"},{"floor":27,"key":"REST"},{"data":"Redo","floor":30,"key":"SMITH"},{"floor":32,"key":"REST"}],"neow_cost":"TEN_PERCENT_HP_LOSS","seed_source_timestamp":27658436874271,"circlet_count":0,"master_deck":["Strike_B+1","Defend_B","Defend_B","Defend_B","Zap+1","Dualcast+1","Coolheaded","Turbo","Gash","Compile Driver","Glacier","Redo+1","Defragment+1","Compile Driver","Reboot","Turbo","Barrage+1","Loop","Compile Driver+1","Gash+1","Echo Form","Cold Snap+1","Darkness"],"relics":["Cracked Core","Du-Vu Doll","Smiling Mask","Peace Pipe","Omamori","Inserter","Blood Vial","PreservedInsect","Membership Card","Coffee Dripper","Red Mask"],"potions_floor_usage":[16,19,22,22,25,25,31],"damage_taken":[{"damage":2,"enemies":"2 Louse","floor":1,"turns":2},{"damage":0,"enemies":"Jaw Worm","floor":2,"turns":4},{"damage":0,"enemies":"Cultist","floor":3,"turns":3},{"damage":17,"enemies":"Exordium Thugs","floor":5,"turns":5},{"damage":0,"enemies":"Looter","floor":6,"turns":3},{"damage":6,"enemies":"3 Louse","floor":11,"turns":2},{"damage":2,"enemies":"3 Sentries","floor":13,"turns":8},{"damage":17,"enemies":"Hexaghost","floor":16,"turns":12},{"damage":7,"enemies":"Shell Parasite","floor":18,"turns":9},{"damage":23,"enemies":"2 Thieves","floor":19,"turns":4},{"damage":14,"enemies":"Shelled Parasite and Fungi","floor":22,"turns":10},{"damage":0,"enemies":"Chosen and Byrds","floor":24,"turns":6},{"damage":10,"enemies":"Gremlin Leader","floor":25,"turns":6},{"damage":8,"enemies":"Cultist and Chosen","floor":31,"turns":4},{"damage":14,"enemies":"Automaton","floor":33,"turns":11},{"damage":29,"enemies":"Orb Walker","floor":35,"turns":3},{"damage":27,"enemies":"3 Darklings","floor":36,"turns":8},{"damage":20,"enemies":"Spire Growth","floor":38,"turns":2}],"seed_played":"-6249485773377542047","potions_obtained":[{"floor":2,"key":"Fire Potion"},{"floor":5,"key":"Weak Potion"},{"floor":6,"key":"LiquidBronze"},{"floor":18,"key":"EssenceOfSteel"},{"floor":21,"key":"Energy Potion"},{"floor":24,"key":"Poison Potion"},{"floor":25,"key":"GamblersBrew"},{"floor":33,"key":"Ancient Potion"}],"is_trial":false,"path_per_floor":["M","M","M","?","M","M","R","T","T","?","M","$","E","?","R","B",null,"M","M","$","?","M","R","M","E","T","R","$","?","R","M","R","B",null,"M","M","?"],"character_chosen":"DEFECT","items_purchased":["Defragment","Membership Card"],"campfire_rested":3,"item_purchase_floors":[12,28],"current_hp_per_floor":[66,66,66,52,35,35,35,35,35,35,29,29,27,20,40,23,68,61,38,38,38,24,24,24,14,14,34,34,34,34,28,48,36,68,39,14,14,0],"gold":0,"neow_bonus":"ONE_RARE_RELIC","is_prod":false,"is_daily":false,"chose_seed":false,"campfire_upgraded":3,"win_rate":0,"timestamp":1539483713,"path_taken":["M","M","M","?","?","M","R","?","T","?","M","$","E","?","R","BOSS","M","M","$","?","M","R","M","E","T","R","$","?","R","M","R","BOSS","M","M","?","?"],"build_version":"2018-10-11","purchased_purges":3,"victory":false,"max_hp_per_floor":[68,68,68,68,68,68,68,68,68,68,68,68,68,68,68,68,68,68,68,68,68,68,68,68,68,68,68,68,68,68,68,68,68,68,68,68,68,68],"card_choices":[{"not_picked":["Sweeping Beam","Leap"],"picked":"Coolheaded","floor":1},{"not_picked":["Stack","Gash"],"picked":"Turbo","floor":2},{"not_picked":["Force Field","Barrage"],"picked":"Gash","floor":3},{"not_picked":["Barrage","Melter"],"picked":"Compile Driver","floor":5},{"not_picked":["Ball Lightning","Consume"],"picked":"Glacier","floor":6},{"not_picked":["Turbo","BootSequence"],"picked":"Redo","floor":11},{"not_picked":["Steam Power","Ball Lightning"],"picked":"Compile Driver","floor":13},{"not_picked":["Fission","Seek"],"picked":"Reboot","floor":16},{"not_picked":["Conserve Battery+1","Force Field"],"picked":"Turbo","floor":18},{"not_picked":["Leap","Hologram","Go for the Eyes"],"picked":"SKIP","floor":19},{"not_picked":["Conserve Battery","Redo"],"picked":"Barrage+1","floor":22},{"not_picked":["Go for the Eyes","Chill"],"picked":"Loop","floor":24},{"not_picked":["Reprogram","Beam Cell"],"picked":"Compile Driver+1","floor":25},{"not_picked":["Doom and Gloom","Reprogram"],"picked":"Gash+1","floor":31},{"not_picked":["Multi-Cast","Creative AI"],"picked":"Echo Form","floor":33},{"not_picked":["Compile Driver+1","Auto Shields"],"picked":"Cold Snap+1","floor":35},{"not_picked":["Cold Snap+1","Sweeping Beam+1"],"picked":"Darkness","floor":36}],"player_experience":52092,"relics_obtained":[{"floor":8,"key":"Smiling Mask"},{"floor":9,"key":"Peace Pipe"},{"floor":13,"key":"Omamori"},{"floor":25,"key":"Blood Vial"},{"floor":26,"key":"PreservedInsect"}],"event_choices":[{"event_name":"Shining Light","player_choice":"Entered Light","floor":4,"damage_taken":0},{"event_name":"Dead Adventurer","player_choice":"Searched \u00271\u0027 times","floor":10,"damage_taken":0},{"event_name":"Golden Wing","player_choice":"Card Removal","floor":14,"damage_taken":0},{"event_name":"The Woman in Blue","player_choice":"Bought 1 Potion","floor":21,"damage_taken":0},{"event_name":"Ghosts","player_choice":"Ignored","floor":29,"damage_taken":0},{"event_name":"Tomb of Lord Red Mask","player_choice":"Paid","floor":37,"damage_taken":0}],"is_beta":false,"boss_relics":[{"not_picked":["Runic Pyramid","Snecko Eye"],"picked":"Inserter"},{"not_picked":["Tiny House","Velvet Choker"],"picked":"Coffee Dripper"}],"items_purged_floors":[12,20,28],"is_endless":false,"potions_floor_spawned":[2,5,6,18,24,25,33],"killed_by":"Spire Growth","ascension_level":0}