{"gold_per_floor":[114,114,129,54,54,93,93,118,118,118,139,139,19,19,19,19],"floor_reached":16,"playtime":854,"items_purged":["Injury"],"score":172,"play_id":"b052ff58-1db1-4343-90b1-dcd2276b8eae","local_time":"20190218141247","is_ascension_mode":true,"campfire_choices":[{"floor":7,"key":"REST"},{"floor":10,"key":"REST"},{"data":"Zap","floor":15,"key":"SMITH"}],"neow_cost":"NONE","seed_source_timestamp":128756193111138,"circlet_count":0,"master_deck":["AscendersBane","Strike_B","Strike_B","Strike_B","Strike_B","Defend_B","Defend_B","Defend_B","Defend_B","Zap+1","Dualcast","Fission+1","Cold Snap","Sweeping Beam","White Noise","Capacitor","Ball Lightning"],"relics":["Cracked Core","Golden Idol","Unceasing Top","Thread and Needle"],"potions_floor_usage":[6,16],"damage_taken":[{"damage":12,"enemies":"Jaw Worm","floor":1,"turns":3},{"damage":7,"enemies":"Small Slimes","floor":3,"turns":3},{"damage":37,"enemies":"Lagavulin","floor":6,"turns":6},{"damage":4,"enemies":"Cultist","floor":8,"turns":4},{"damage":7,"enemies":"3 Louse","floor":11,"turns":3},{"damage":44,"enemies":"Hexaghost","floor":16,"turns":9}],"seed_played":"9123675292872471410","potions_obtained":[{"floor":3,"key":"Poison Potion"},{"floor":8,"key":"Ancient Potion"}],"is_trial":false,"path_per_floor":["M","?","M","$","?","E","R","M","T","R","M","?","$","?","R","B"],"character_chosen":"DEFECT","items_purchased":["Capacitor","Ball Lightning"],"campfire_rested":2,"item_purchase_floors":[13,13],"current_hp_per_floor":[52,52,45,45,45,8,29,25,25,46,39,44,44,44,44,0],"gold":19,"neow_bonus":"ONE_RANDOM_RARE_CARD","is_prod":false,"is_daily":false,"chose_seed":false,"campfire_upgraded":1,"win_rate":0,"timestamp":1550520767,"path_taken":["M","?","M","$","?","E","R","M","T","R","M","?","$","?","R","BOSS"],"build_version":"2019-01-23","purchased_purges":1,"victory":false,"max_hp_per_floor":[71,71,71,71,71,71,71,71,71,71,71,76,76,76,76,76],"card_choices":[{"not_picked":["Barrage","Self Repair"],"picked":"Cold Snap","floor":1},{"not_picked":["Turbo","Streamline","Stack"],"picked":"SKIP","floor":3},{"not_picked":["Hologram","Chaos"],"picked":"Sweeping Beam","floor":6},{"not_picked":["Redo","Rip and Tear","Reprogram"],"picked":"SKIP","floor":8},{"not_picked":["Chaos","Conserve Battery"],"picked":"White Noise","floor":11}],"player_experience":408808,"relics_obtained":[{"floor":6,"key":"Unceasing Top"},{"floor":9,"key":"Thread and Needle"}],"event_choices":[{"damage_healed":0,"gold_gain":0,"player_choice":"Take Wound","damage_taken":0,"relics_obtained":["Golden Idol"],"max_hp_gain":0,"max_hp_loss":0,"event_name":"Golden Idol","floor":2,"gold_loss":0,"cards_obtained":["Injury"]},{"damage_healed":0,"gold_gain":0,"player_choice":"Ignored","damage_taken":0,"max_hp_gain":0,"max_hp_loss":0,"event_name":"Liars Game","floor":5,"gold_loss":0},{"damage_healed":0,"gold_gain":0,"player_choice":"Donut","damage_taken":0,"max_hp_gain":5,"max_hp_loss":0,"event_name":"Big Fish","floor":12,"gold_loss":0},{"damage_healed":0,"gold_gain":0,"player_choice":"Forge","damage_taken":0,"max_hp_gain":0,"max_hp_loss":0,"event_name":"Accursed Blacksmith","floor":14,"gold_loss":0,"cards_upgraded":["Fission"]}],"is_beta":false,"boss_relics":[],"items_purged_floors":[4],"is_endless":false,"potions_floor_spawned":[3,8],"killed_by":"Hexaghost","ascension_level":15}