{"gold_per_floor":[109,129,109,129,146,146,158,158,158,218,247,61,90,104,104,182,182,182,182,182,182,182,182,182,182,182,182,182,182,182,182,182,182,182,182,182,182,182,182,182,182,182,182,182,182,13,13,13,13,13,13],"floor_reached":52,"playtime":3170,"items_purged":["Strike_B"],"score":1999,"play_id":"5e074f3d-a4a3-468a-a124-ddd7db9db4b9","local_time":"20190216164108","is_ascension_mode":true,"campfire_choices":[{"data":"Consume","floor":6,"key":"SMITH"},{"data":"Zap","floor":8,"key":"SMITH"},{"data":"Capacitor","floor":15,"key":"SMITH"},{"data":"Buffer","floor":23,"key":"SMITH"},{"data":"Loop","floor":27,"key":"SMITH"},{"data":"Lockon","floor":30,"key":"SMITH"},{"data":"Hologram","floor":32,"key":"SMITH"},{"data":"Fission","floor":40,"key":"SMITH"},{"data":"Consume","floor":44,"key":"SMITH"},{"floor":49,"key":"DIG"}],"neow_cost":"NONE","seed_source_timestamp":247149014801600,"circlet_count":0,"master_deck":["AscendersBane","Zap+1","Dualcast+1","Conserve Battery+1","Genetic Algorithm+1","Cold Snap+1","Consume+1","Compile Driver+1","Buffer+1","Loop+1","Conserve Battery+1","Hologram+1","Capacitor+1","Core Surge+1","Lockon+1","Chill+1","Coolheaded+1","Amplify+1","Cold Snap+1","Biased Cognition+1","Gash+1","Fission+1","Genetic Algorithm+1","Beam Cell+1","Compile Driver+1","Consume+1","Amplify+1","Cold Snap+1","Conserve Battery+1","Hologram+1","Glacier+1","Parasite","Capacitor+1","Cold Snap+1","Cold Snap+1"],"relics":["Cracked Core","Blood Vial","Blue Candle","Turnip","Bottled Lightning","Unceasing Top","Ectoplasm","Bottled Tornado","Lantern","Bronze Scales","Pandora\u0027s Box","Whetstone","Shovel","Mark of the Bloom","Vajra"],"potions_floor_usage":[11,16,16,25,33,33,50,50],"damage_taken":[{"damage":2,"enemies":"Cultist","floor":1,"turns":4},{"damage":4,"enemies":"2 Louse","floor":2,"turns":3},{"damage":0,"enemies":"Jaw Worm","floor":4,"turns":4},{"damage":1,"enemies":"Looter","floor":5,"turns":4},{"damage":12,"enemies":"Exordium Wildlife","floor":7,"turns":5},{"damage":11,"enemies":"3 Sentries","floor":10,"turns":9},{"damage":0,"enemies":"Lagavulin","floor":11,"turns":7},{"damage":13,"enemies":"3 Sentries","floor":13,"turns":8},{"damage":1,"enemies":"Large Slime","floor":14,"turns":6},{"damage":26,"enemies":"The Guardian","floor":16,"turns":11},{"damage":3,"enemies":"Chosen","floor":18,"turns":6},{"damage":0,"enemies":"Spheric Guardian","floor":24,"turns":5},{"damage":14,"enemies":"Gremlin Leader","floor":25,"turns":8},{"damage":0,"enemies":"Shelled Parasite and Fungi","floor":28,"turns":6},{"damage":0,"enemies":"Sentry and Sphere","floor":29,"turns":6},{"damage":0,"enemies":"Snecko","floor":31,"turns":5},{"damage":0,"enemies":"Champ","floor":33,"turns":13},{"damage":0,"enemies":"3 Shapes","floor":35,"turns":5},{"damage":0,"enemies":"3 Darklings","floor":38,"turns":7},{"damage":5,"enemies":"Spire Growth","floor":41,"turns":6},{"damage":15,"enemies":"Transient","floor":42,"turns":6},{"damage":12,"enemies":"Writhing Mass","floor":45,"turns":8},{"damage":0,"enemies":"Nemesis","floor":47,"turns":19},{"damage":10,"enemies":"Awakened One","floor":50,"turns":14},{"damage":15,"enemies":"Donu and Deca","floor":51,"turns":17}],"seed_played":"-2913499766062594819","potions_obtained":[{"floor":3,"key":"GamblersBrew"},{"floor":10,"key":"SmokeBomb"},{"floor":11,"key":"Ancient Potion"},{"floor":13,"key":"Poison Potion"},{"floor":14,"key":"FocusPotion"},{"floor":18,"key":"Fire Potion"},{"floor":28,"key":"EssenceOfSteel"},{"floor":29,"key":"Dexterity Potion"},{"floor":38,"key":"Strength Potion"},{"floor":45,"key":"Ancient Potion"}],"is_trial":false,"path_per_floor":["M","M","?","M","M","R","M","R","T","?","E","$","E","M","R","B",null,"M","?","?","$","T","R","M","E","T","R","M","M","R","M","R","B",null,"M","?","$","M","$","R","M","M","T","R","M","$","E","?","R","B","B",null],"character_chosen":"DEFECT","items_purchased":["Loop","Conserve Battery","Capacitor","Cold Snap","SkillPotion"],"campfire_rested":0,"item_purchase_floors":[12,12,46,46,46],"current_hp_per_floor":[64,62,62,64,65,65,55,55,55,46,48,48,37,38,38,14,57,56,56,56,56,56,56,58,46,46,46,48,50,50,52,52,54,67,69,69,69,71,71,71,66,53,53,53,43,43,45,45,45,35,20],"gold":13,"neow_bonus":"RANDOM_COMMON_RELIC","is_prod":false,"is_daily":false,"chose_seed":false,"campfire_upgraded":9,"win_rate":0,"timestamp":1550360468,"path_taken":["M","M","?","M","?","R","M","R","T","?","E","$","E","M","R","BOSS","M","?","?","$","?","R","M","E","T","R","M","M","R","M","R","BOSS","M","?","$","M","$","R","M","?","T","R","M","$","E","?","R","BOSS","BOSS"],"build_version":"2019-02-06","purchased_purges":1,"victory":true,"max_hp_per_floor":[71,71,71,71,71,71,71,71,71,71,71,71,71,71,71,71,71,71,71,71,71,71,71,71,71,71,71,71,71,71,71,71,71,71,71,71,71,71,71,71,71,71,71,71,71,71,71,71,71,71,71],"card_choices":[{"not_picked":["Compile Driver","Sweeping Beam"],"picked":"Conserve Battery","floor":1},{"not_picked":["Hologram","Steam"],"picked":"Genetic Algorithm","floor":2},{"not_picked":["Turbo","Fusion"],"picked":"Cold Snap","floor":4},{"not_picked":["Beam Cell","Turbo"],"picked":"Consume","floor":5},{"not_picked":["Sweeping Beam","Turbo"],"picked":"Compile Driver","floor":7},{"not_picked":["Go for the Eyes","Rebound"],"picked":"Buffer","floor":10},{"not_picked":["Streamline","Barrage","Consume"],"picked":"SKIP","floor":11},{"not_picked":["White Noise","Redo"],"picked":"Hologram","floor":13},{"not_picked":["Turbo","Redo"],"picked":"Capacitor","floor":14},{"not_picked":["Meteor Strike","Rainbow"],"picked":"Core Surge","floor":16},{"not_picked":["Heatsinks","Sweeping Beam+1"],"picked":"Lockon","floor":18},{"not_picked":["Stack+1","Recycle+1","Compile Driver"],"picked":"SKIP","floor":24},{"not_picked":["Leap","Rebound"],"picked":"Coolheaded","floor":25},{"not_picked":["Conserve Battery","Hologram"],"picked":"Amplify","floor":28},{"not_picked":["Compile Driver","Double Energy+1"],"picked":"Cold Snap","floor":29},{"not_picked":["Gash","Barrage","Redo"],"picked":"SKIP","floor":31},{"not_picked":["Meteor Strike","Core Surge"],"picked":"Biased Cognition","floor":33},{"not_picked":["Rebound","Turbo"],"picked":"Cold Snap+1","floor":35},{"not_picked":["Undo","Steam+1"],"picked":"Conserve Battery+1","floor":38},{"not_picked":["Melter","Rip and Tear+1"],"picked":"Hologram","floor":41},{"not_picked":["Ball Lightning","Go for the Eyes"],"picked":"Glacier","floor":42},{"not_picked":["Steam Power","Force Field+1","Auto Shields"],"picked":"SKIP","floor":45},{"not_picked":["Chill","Rip and Tear+1"],"picked":"Cold Snap","floor":47}],"player_experience":1313518,"relics_obtained":[{"floor":9,"key":"Blue Candle"},{"floor":10,"key":"Turnip"},{"floor":11,"key":"Bottled Lightning"},{"floor":13,"key":"Unceasing Top"},{"floor":22,"key":"Bottled Tornado"},{"floor":25,"key":"Lantern"},{"floor":26,"key":"Bronze Scales"},{"floor":43,"key":"Whetstone"},{"floor":47,"key":"Shovel"},{"floor":49,"key":"Vajra"}],"event_choices":[{"damage_healed":0,"gold_gain":0,"player_choice":"Bought 1 Potion","damage_taken":0,"max_hp_gain":0,"max_hp_loss":0,"event_name":"The Woman in Blue","floor":3,"gold_loss":0},{"damage_healed":0,"gold_gain":0,"player_choice":"Searched \u00272\u0027 times","damage_taken":0,"max_hp_gain":0,"max_hp_loss":0,"event_name":"Dead Adventurer","floor":10,"gold_loss":0},{"damage_healed":0,"gold_gain":0,"player_choice":"Read","damage_taken":0,"max_hp_gain":0,"max_hp_loss":0,"event_name":"The Library","floor":19,"gold_loss":0,"cards_obtained":["Chill"]},{"damage_healed":0,"gold_gain":0,"player_choice":"Simplicity","damage_taken":0,"max_hp_gain":0,"max_hp_loss":0,"event_name":"Back to Basics","floor":20,"gold_loss":0,"cards_upgraded":["Strike_B","Strike_B","Strike_B","Defend_B","Defend_B","Defend_B","Defend_B"]},{"damage_healed":0,"gold_gain":0,"player_choice":"Upgraded","damage_taken":0,"max_hp_gain":0,"max_hp_loss":0,"event_name":"Upgrade Shrine","floor":36,"gold_loss":0,"cards_upgraded":["Biased Cognition"]},{"damage_healed":0,"gold_gain":0,"player_choice":"Upgrade","damage_taken":0,"relics_obtained":["Mark of the Bloom"],"max_hp_gain":0,"max_hp_loss":0,"event_name":"MindBloom","floor":48,"gold_loss":0,"cards_upgraded":["Dualcast","Conserve Battery","Genetic Algorithm","Compile Driver","Conserve Battery","Core Surge","Chill","Coolheaded","Amplify","Cold Snap","Gash","Genetic Algorithm","Compile Driver","Amplify","Hologram","Glacier","Capacitor","Cold Snap","Cold Snap"]}],"is_beta":true,"boss_relics":[{"not_picked":["Empty Cage","White Beast Statue"],"picked":"Ectoplasm"},{"not_picked":["Black Star","Nuclear Battery"],"picked":"Pandora\u0027s Box"}],"items_purged_floors":[12],"is_endless":false,"potions_floor_spawned":[10,11,13,14,18,28,29,38,45,47],"ascension_level":20}