{"gold_per_floor":[119,138,58,74,74,74,114,114,137,151,151,181,219,231,243,354,366,403,430,442,454,491,503,533,545,557,260,185,198,10,29,29,29],"floor_reached":33,"playtime":1088,"items_purged":["Strike_B","Strike_B"],"score":610,"play_id":"7b492666-b2db-4134-8cdb-a7ea9403c26d","local_time":"20190217141346","is_ascension_mode":true,"campfire_choices":[{"data":"Darkness","floor":6,"key":"SMITH"},{"data":"Darkness","floor":8,"key":"SMITH"},{"data":"Zap","floor":11,"key":"SMITH"},{"data":"Redo","floor":15,"key":"SMITH"},{"floor":23,"key":"REST"},{"floor":25,"key":"REST"},{"data":"Biased Cognition","floor":32,"key":"SMITH"}],"neow_cost":"NONE","seed_source_timestamp":326297102525000,"circlet_count":0,"master_deck":["AscendersBane","Strike_B","Defend_B","Defend_B","Defend_B","Defend_B","Zap+1","Dualcast","Darkness+1","Darkness+1","Cold Snap","Redo+1","Biased Cognition+1","Auto Shields","White Noise","BootSequence","Self Repair","Capacitor","White Noise"],"relics":["Cracked Core","DataDisk","Golden Idol","Bag of Preparation","Ancient Tea Set","Happy Flower","MawBank","Omamori","Philosopher\u0027s Stone","Bag of Marbles"],"potions_floor_usage":[7,13,20,31,31],"damage_taken":[{"damage":2,"enemies":"Jaw Worm","floor":1,"turns":4},{"damage":0,"enemies":"Small Slimes","floor":2,"turns":2},{"damage":7,"enemies":"Cultist","floor":4,"turns":4},{"damage":11,"enemies":"Gremlin Nob","floor":7,"turns":3},{"damage":2,"enemies":"Looter","floor":10,"turns":4},{"damage":7,"enemies":"3 Sentries","floor":13,"turns":4},{"damage":0,"enemies":"Slime Boss","floor":16,"turns":5},{"damage":15,"enemies":"Shell Parasite","floor":18,"turns":2},{"damage":22,"enemies":"2 Thieves","floor":19,"turns":3},{"damage":11,"enemies":"Colosseum Slavers","floor":20,"turns":4},{"damage":5,"enemies":"Cultist and Chosen","floor":22,"turns":4},{"damage":18,"enemies":"Centurion and Healer","floor":24,"turns":6},{"damage":11,"enemies":"Sentry and Sphere","floor":29,"turns":4},{"damage":9,"enemies":"3 Cultists","floor":31,"turns":5},{"damage":33,"enemies":"Automaton","floor":33,"turns":6}],"seed_played":"6486522591246589808","potions_obtained":[{"floor":1,"key":"Poison Potion"},{"floor":7,"key":"SteroidPotion"},{"floor":19,"key":"Dexterity Potion"},{"floor":29,"key":"Swift Potion"}],"is_trial":false,"path_per_floor":["M","M","$","M","?","R","E","R","T","M","R","?","E","T","R","B",null,"M","M","?","?","M","R","M","R","T","$","?","M","$","M","R","B"],"character_chosen":"DEFECT","items_purchased":["Darkness","BootSequence","Self Repair","Regen Potion","Capacitor"],"campfire_rested":2,"item_purchase_floors":[3,27,27,27,30],"current_hp_per_floor":[62,62,62,55,55,55,44,44,44,42,42,42,35,35,35,35,57,42,20,9,9,4,23,5,24,24,24,24,20,20,32,32,0],"gold":29,"neow_bonus":"RANDOM_COMMON_RELIC","is_prod":false,"is_daily":false,"chose_seed":true,"campfire_upgraded":5,"win_rate":0,"timestamp":1550438026,"path_taken":["M","M","$","M","?","R","E","R","T","M","R","?","E","?","R","BOSS","M","?","?","?","?","R","M","R","T","$","?","M","$","M","R","BOSS"],"build_version":"2019-02-06","purchased_purges":2,"victory":false,"max_hp_per_floor":[71,71,71,71,64,64,64,64,64,64,64,64,64,64,64,64,64,64,64,64,64,64,64,64,64,64,64,64,64,64,64,64,64],"card_choices":[{"not_picked":["Compile Driver","Blizzard"],"picked":"Darkness","floor":1},{"not_picked":["Double Energy","Gash","Streamline"],"picked":"SKIP","floor":2},{"not_picked":["Compile Driver","Blizzard","Streamline"],"picked":"SKIP","floor":4},{"not_picked":["Reprogram","Barrage","Gash"],"picked":"SKIP","floor":7},{"not_picked":["Coolheaded","Ball Lightning"],"picked":"Cold Snap","floor":10},{"not_picked":["Blizzard","Chill"],"picked":"Redo","floor":13},{"not_picked":["Fission","Reboot"],"picked":"Biased Cognition","floor":16},{"not_picked":["Turbo","Compile Driver+1","Gash"],"picked":"SKIP","floor":18},{"not_picked":["Redo+1","Gash"],"picked":"Auto Shields","floor":19},{"not_picked":["Rebound+1","Barrage","Steam Power"],"picked":"SKIP","floor":22},{"not_picked":["Consume+1","Beam Cell+1"],"picked":"White Noise","floor":24},{"not_picked":["Streamline","Amplify","Auto Shields"],"picked":"SKIP","floor":29},{"not_picked":["Turbo","Gash"],"picked":"White Noise","floor":31}],"player_experience":1331189,"relics_obtained":[{"floor":7,"key":"Bag of Preparation"},{"floor":9,"key":"Ancient Tea Set"},{"floor":13,"key":"MawBank"},{"floor":14,"key":"Omamori"},{"floor":26,"key":"Bag of Marbles"}],"event_choices":[{"damage_healed":0,"gold_gain":0,"player_choice":"Lose Max HP","damage_taken":0,"relics_obtained":["Golden Idol"],"max_hp_gain":0,"max_hp_loss":7,"event_name":"Golden Idol","floor":5,"gold_loss":0},{"damage_healed":0,"gold_gain":30,"player_choice":"Searched \u00273\u0027 times","damage_taken":0,"relics_obtained":["Happy Flower"],"max_hp_gain":0,"max_hp_loss":0,"event_name":"Dead Adventurer","floor":12,"gold_loss":0},{"damage_healed":0,"gold_gain":0,"player_choice":"Fight","damage_taken":0,"max_hp_gain":0,"max_hp_loss":0,"event_name":"Colosseum","floor":20,"gold_loss":0},{"damage_healed":0,"gold_gain":0,"player_choice":"Fled From Nobs","damage_taken":0,"max_hp_gain":0,"max_hp_loss":0,"event_name":"Colosseum","floor":20,"gold_loss":0},{"damage_healed":0,"gold_gain":0,"player_choice":"Ignored","damage_taken":0,"max_hp_gain":0,"max_hp_loss":0,"event_name":"N\u0027loth","floor":21,"gold_loss":0},{"cards_removed":["Strike_B"],"damage_healed":0,"gold_gain":0,"player_choice":"Gave Gold","damage_taken":0,"max_hp_gain":0,"max_hp_loss":0,"event_name":"Beggar","floor":28,"gold_loss":75}],"is_beta":true,"boss_relics":[{"not_picked":["Runic Pyramid","Pandora\u0027s Box"],"picked":"Philosopher\u0027s Stone"}],"items_purged_floors":[27,30],"is_endless":false,"potions_floor_spawned":[1,7,19,20,29],"killed_by":"Automaton","ascension_level":20}