{"gold_per_floor":[119,2,2,2,13,13,33,33,56,70,83,94,114,141,141,239,239,254,23,0,0,16,16,16],"floor_reached":24,"playtime":16941,"items_purged":[],"score":233,"play_id":"9524a9d1-42db-456e-abb4-c11cd90efd85","local_time":"20190214002108","is_ascension_mode":true,"campfire_choices":[{"data":"Storm of Steel","floor":6,"key":"SMITH"},{"floor":8,"key":"RECALL"},{"data":"Prepared","floor":15,"key":"SMITH"},{"floor":23,"key":"REST"}],"neow_cost":"NONE","seed_source_timestamp":2203141937945808,"circlet_count":0,"master_deck":["Defend_G","Defend_G","Defend_G","Defend_G","Defend_G","Strike_G","Strike_G","Strike_G","Strike_G","Strike_G","Survivor","Neutralize","Storm of Steel+1","Infinite Blades","Deadly Poison","Backflip","Backflip","Prepared+1","Backflip","Setup","Glass Knife","Tactician","Malaise","Heel Hook","Footwork","Concentrate","Outmaneuver","Infinite Blades","Accuracy","After Image","Leg Sweep","Dark Shackles","Outmaneuver+1","Footwork","Predator+1"],"relics":["Ring of the Snake","Dodecahedron","Happy Flower","Strawberry","Orrery"],"potions_floor_usage":[14,14,16,18,22],"damage_taken":[{"damage":0,"enemies":"Cultist","floor":1,"turns":4},{"damage":6,"enemies":"Jaw Worm","floor":5,"turns":4},{"damage":0,"enemies":"2 Louse","floor":7,"turns":1},{"damage":0,"enemies":"Looter","floor":10,"turns":3},{"damage":0,"enemies":"Exordium Thugs","floor":11,"turns":4},{"damage":0,"enemies":"Large Slime","floor":12,"turns":5},{"damage":6,"enemies":"Exordium Wildlife","floor":13,"turns":5},{"damage":5,"enemies":"Lagavulin","floor":14,"turns":8},{"damage":57,"enemies":"The Guardian","floor":16,"turns":16},{"damage":11,"enemies":"Spheric Guardian","floor":18,"turns":8},{"damage":9,"enemies":"2 Thieves","floor":20,"turns":5},{"damage":34,"enemies":"Sentry and Sphere","floor":22,"turns":10},{"damage":53,"enemies":"Slavers","floor":24,"turns":3}],"seed_played":"8544413417173640202","potions_obtained":[{"floor":7,"key":"Dexterity Potion"},{"floor":10,"key":"SkillPotion"},{"floor":14,"key":"Regen Potion"},{"floor":16,"key":"GamblersBrew"},{"floor":18,"key":"GamblersBrew"}],"is_trial":false,"path_per_floor":["M","$","?","$","M","R","M","R","T","M","M","M","M","E","R","B",null,"M","$","M","?","M","R","E"],"character_chosen":"THE_SILENT","items_purchased":["Deadly Poison","Flechettes","After Image","Leg Sweep","Dark Shackles"],"campfire_rested":1,"item_purchase_floors":[2,2,19,19,19],"current_hp_per_floor":[70,70,70,70,64,64,64,64,64,64,64,64,58,60,60,18,77,66,66,57,57,23,46,0],"gold":16,"neow_bonus":"ONE_RANDOM_RARE_CARD","is_prod":false,"is_daily":false,"chose_seed":false,"campfire_upgraded":2,"win_rate":0,"timestamp":1550103668,"path_taken":["M","$","?","?","M","R","M","R","T","M","?","M","M","E","R","BOSS","M","$","M","?","M","R","E"],"build_version":"2019-01-23","purchased_purges":0,"victory":false,"max_hp_per_floor":[70,70,70,70,70,70,70,70,70,70,70,70,70,77,77,77,77,77,77,77,77,77,77,77],"card_choices":[{"not_picked":["Sucker Punch","Choke"],"picked":"Infinite Blades","floor":1},{"not_picked":["Sucker Punch","PiercingWail"],"picked":"Backflip","floor":5},{"not_picked":["Distraction","Flying Knee"],"picked":"Backflip","floor":7},{"not_picked":["Distraction","Slice"],"picked":"Prepared","floor":10},{"not_picked":["Reflex","Noxious Fumes"],"picked":"Backflip","floor":11},{"not_picked":["Slice","Dodge and Roll"],"picked":"Setup","floor":12},{"not_picked":["Reflex","Skewer"],"picked":"Glass Knife","floor":13},{"not_picked":["Poisoned Stab","Bane"],"picked":"Tactician","floor":14},{"not_picked":["Glass Knife","Wraith Form v2"],"picked":"Malaise","floor":16},{"not_picked":["Bane","Dagger Throw"],"picked":"Heel Hook","floor":17},{"not_picked":["Dagger Spray","Finisher"],"picked":"Footwork","floor":17},{"not_picked":["Finisher","Dagger Throw"],"picked":"Concentrate","floor":17},{"not_picked":["Calculated Gamble","Quick Slash"],"picked":"Outmaneuver","floor":17},{"not_picked":["Cloak And Dagger","Bane"],"picked":"Infinite Blades","floor":17},{"not_picked":["Flying Knee+1","Dash"],"picked":"Accuracy","floor":18},{"not_picked":["Acrobatics","Dagger Throw+1"],"picked":"Outmaneuver+1","floor":20},{"not_picked":["Riddle With Holes","Catalyst"],"picked":"Predator+1","floor":22}],"player_experience":630343,"relics_obtained":[{"floor":9,"key":"Happy Flower"},{"floor":14,"key":"Strawberry"}],"event_choices":[{"cards_removed":["Flechettes"],"damage_healed":0,"gold_gain":0,"player_choice":"Gave Card","damage_taken":0,"relics_obtained":["Dodecahedron"],"max_hp_gain":0,"max_hp_loss":0,"event_name":"WeMeetAgain","floor":3,"gold_loss":0},{"damage_healed":0,"gold_gain":0,"player_choice":"Copied","damage_taken":0,"max_hp_gain":0,"max_hp_loss":0,"event_name":"Duplicator","floor":21,"gold_loss":0,"cards_obtained":["Footwork"]}],"is_beta":false,"boss_relics":[{"not_picked":["Ectoplasm","Calling Bell"],"picked":"Orrery"}],"items_purged_floors":[],"is_endless":false,"potions_floor_spawned":[7,10,14,16,18],"killed_by":"Slavers","ascension_level":1}