{"gold_per_floor":[116,116,178,47,47,47,63,77,77,108,123,123,156,167,167,242,242,256,256,52,52,63,94,94,9,62,80,114,114,124,134,134,206,206,216,216,216,231,245,272,272,272,272,103,134,146,181,40,40,40,40],"floor_reached":52,"playtime":1697,"items_purged":["Regret","Strike_R"],"score":2076,"play_id":"0cc501fb-5bd0-45f0-ab27-2fa480d1ec22","local_time":"20190219165534","is_ascension_mode":true,"campfire_choices":[{"data":"Uppercut","floor":6.0,"key":"SMITH"},{"floor":12.0,"key":"REST"},{"data":"Armaments","floor":15.0,"key":"SMITH"},{"data":"Havoc","floor":24.0,"key":"SMITH"},{"floor":32.0,"key":"REST"},{"data":"Double Tap","floor":49,"key":"SMITH"}],"neow_cost":"NONE","seed_source_timestamp":368766638477020,"circlet_count":0,"master_deck":["AscendersBane","Strike_R+1","Strike_R+1","Strike_R","Defend_R","Defend_R","Defend_R","Defend_R","Bash","Uppercut+1","Headbutt","Armaments+1","Immolate","Thunderclap","Pommel Strike","Dropkick","Fiend Fire","Havoc+1","RitualDagger+1","Inflame","Offering","Metallicize","Double Tap+1","Spot Weakness+1","Metallicize","Flash of Steel","Intimidate","Inflame+1"],"special_seed":0,"relics":["Burning Blood","Orichalcum","Turnip","Tiny Chest","Sundial","Strawberry","Red Skull","Runic Pyramid","Bronze Scales","Matryoshka","PreservedInsect","Bag of Preparation","Potion Belt","Anchor","Whetstone","Ancient Tea Set","Cursed Key","Juzu Bracelet","Frozen Egg 2","Pen Nib","Nunchaku"],"potions_floor_usage":[45,51,51],"damage_taken":[{"damage":10.0,"enemies":"2 Louse","floor":1.0,"turns":3.0},{"damage":6.0,"enemies":"Small Slimes","floor":7.0,"turns":3.0},{"damage":7.0,"enemies":"Jaw Worm","floor":8.0,"turns":3.0},{"damage":21.0,"enemies":"3 Sentries","floor":10.0,"turns":6.0},{"damage":25.0,"enemies":"Large Slime","floor":11.0,"turns":3.0},{"damage":0.0,"enemies":"Gremlin Nob","floor":13.0,"turns":3.0},{"damage":7.0,"enemies":"Blue Slaver","floor":14.0,"turns":2.0},{"damage":39.0,"enemies":"Hexaghost","floor":16.0,"turns":8.0},{"damage":6.0,"enemies":"Spheric Guardian","floor":18.0,"turns":4.0},{"damage":7.0,"enemies":"Chosen","floor":22.0,"turns":5.0},{"damage":12.0,"enemies":"Gremlin Leader","floor":23.0,"turns":4.0},{"damage":13.0,"enemies":"Centurion and Healer","floor":27.0,"turns":3.0},{"damage":12.0,"enemies":"Book of Stabbing","floor":28.0,"turns":2.0},{"damage":15.0,"enemies":"Snake Plant","floor":30.0,"turns":3.0},{"damage":6.0,"enemies":"Shelled Parasite and Fungi","floor":31.0,"turns":1.0},{"damage":26.0,"enemies":"Collector","floor":33.0,"turns":3.0},{"damage":0.0,"enemies":"Orb Walker","floor":35.0,"turns":2.0},{"damage":6.0,"enemies":"3 Darklings","floor":38.0,"turns":3.0},{"damage":9.0,"enemies":"Transient","floor":39.0,"turns":6.0},{"damage":12.0,"enemies":"Giant Head","floor":40.0,"turns":5.0},{"damage":0,"enemies":"Reptomancer","floor":45,"turns":1},{"damage":6,"enemies":"Maw","floor":46,"turns":6},{"damage":9,"enemies":"Giant Head","floor":47,"turns":4},{"damage":38,"enemies":"Awakened One","floor":50,"turns":5},{"damage":37,"enemies":"Time Eater","floor":51,"turns":5}],"seed_played":"8510704827566407070","potions_obtained":[{"floor":7.0,"key":"Strength Potion"},{"floor":10.0,"key":"Swift Potion"},{"floor":16.0,"key":"Ancient Potion"},{"floor":18.0,"key":"Strength Potion"},{"floor":23.0,"key":"Swift Potion"},{"floor":27.0,"key":"SteroidPotion"},{"floor":33.0,"key":"Explosive Potion"},{"floor":42.0,"key":"Explosive Potion"},{"floor":42.0,"key":"LiquidBronze"},{"floor":45,"key":"SkillPotion"}],"is_trial":false,"path_per_floor":["M","?","?","$","?","R","M","M","T","E","M","R","E","M","R","B",null,"M","?","$","?","M","E","R","?","T","M","E","T","M","M","R","B",null,"M","?","$","M","M","E","?","?","T","$","E","M","E","$","R","B","B",null],"character_chosen":"IRONCLAD","items_purchased":["Tiny Chest","Bronze Scales","Inflame","Flash of Steel","Inflame+1"],"campfire_rested":2,"item_purchase_floors":[4,20,20,44,48],"current_hp_per_floor":[64,64,64,64,64,64,64,63,63,55,36,60,66,65,65,32,70,70,64,64,64,63,57,57,57,57,50,44,44,35,35,59,39,71,77,77,77,77,74,68,68,68,68,68,74,74,71,71,71,39,8],"gold":40,"neow_bonus":"RANDOM_COMMON_RELIC","is_prod":false,"is_daily":false,"chose_seed":false,"campfire_upgraded":4,"win_rate":0,"timestamp":1550620534,"path_taken":["M","?","?","$","?","R","?","M","T","E","M","R","E","M","R","BOSS","M","?","$","?","?","E","R","?","T","M","E","?","M","M","R","BOSS","M","?","?","M","M","E","?","?","T","$","E","M","E","?","R","BOSS","BOSS"],"build_version":"2019-01-23","purchased_purges":2,"victory":true,"max_hp_per_floor":[75,75,75,75,75,75,75,75,75,82,82,82,82,82,82,82,82,82,82,82,82,82,82,82,82,82,82,82,82,82,82,82,82,82,82,82,82,82,82,82,82,82,82,82,82,82,82,82,82,82,82],"card_choices":[{"not_picked":["Twin Strike","Iron Wave"],"picked":"Uppercut","floor":1.0},{"not_picked":["Body Slam","Reckless Charge"],"picked":"Headbutt","floor":7.0},{"not_picked":["Anger","Iron Wave"],"picked":"Armaments","floor":8.0},{"not_picked":["Barricade","Wild Strike"],"picked":"Immolate","floor":10.0},{"not_picked":["Second Wind","Cleave"],"picked":"Thunderclap","floor":11.0},{"not_picked":["Entrench","True Grit"],"picked":"Pommel Strike","floor":13.0},{"not_picked":["Twin Strike","Pommel Strike"],"picked":"Dropkick","floor":14.0},{"not_picked":["Brutality","Bludgeon"],"picked":"Fiend Fire","floor":16.0},{"not_picked":["Heavy Blade","Thunderclap"],"picked":"Havoc","floor":18.0},{"not_picked":["Havoc","Thunderclap+1","Headbutt"],"picked":"SKIP","floor":22.0},{"not_picked":["Flex","Double Tap"],"picked":"Offering","floor":23.0},{"not_picked":["Twin Strike","Body Slam+1"],"picked":"Metallicize","floor":27.0},{"not_picked":["Entrench","Carnage+1","Clash"],"picked":"SKIP","floor":28.0},{"not_picked":["Perfected Strike","Heavy Blade","Clothesline"],"picked":"SKIP","floor":30.0},{"not_picked":["Clothesline+1","Carnage","Sever Soul"],"picked":"SKIP","floor":31.0},{"not_picked":["Barricade","Brutality"],"picked":"Double Tap","floor":33.0},{"not_picked":["Hemokinesis","Shrug It Off"],"picked":"Spot Weakness+1","floor":35.0},{"not_picked":["Thunderclap","Body Slam","Wild Strike+1"],"picked":"SKIP","floor":38.0},{"not_picked":["Sever Soul","Rampage+1","Burning Pact"],"picked":"SKIP","floor":39.0},{"not_picked":["Body Slam","Clash","Evolve"],"picked":"SKIP","floor":40.0},{"not_picked":["Heavy Blade","Sword Boomerang","Barricade+1"],"picked":"SKIP","floor":45},{"not_picked":["Dual Wield+1","Headbutt","Pommel Strike"],"picked":"SKIP","floor":46},{"not_picked":["Perfected Strike","Havoc+1"],"picked":"Intimidate","floor":47}],"player_experience":849482,"relics_obtained":[{"floor":9.0,"key":"Sundial"},{"floor":10.0,"key":"Strawberry"},{"floor":13.0,"key":"Red Skull"},{"floor":23.0,"key":"Matryoshka"},{"floor":26.0,"key":"Bag of Preparation"},{"floor":26.0,"key":"Potion Belt"},{"floor":28.0,"key":"Anchor"},{"floor":29.0,"key":"Whetstone"},{"floor":29.0,"key":"Ancient Tea Set"},{"floor":40.0,"key":"Juzu Bracelet"},{"floor":43.0,"key":"Frozen Egg 2"},{"floor":45,"key":"Pen Nib"},{"floor":47,"key":"Nunchaku"}],"event_choices":[{"damage_healed":0.0,"max_hp_gain":0.0,"max_hp_loss":0.0,"gold_gain":0.0,"event_name":"Big Fish","player_choice":"Box","floor":2.0,"gold_loss":0.0,"damage_taken":0.0,"relics_obtained":["Turnip"],"cards_obtained":["Regret"]},{"damage_healed":0.0,"max_hp_gain":0.0,"max_hp_loss":0.0,"gold_gain":62.0,"event_name":"Golden Wing","player_choice":"Gained Gold","floor":3.0,"gold_loss":0.0,"damage_taken":0.0},{"cards_removed":["Regret"],"damage_healed":0.0,"max_hp_gain":0.0,"max_hp_loss":0.0,"gold_gain":0.0,"event_name":"Living Wall","player_choice":"Forget","floor":5.0,"gold_loss":0.0,"damage_taken":0.0},{"damage_healed":0.0,"max_hp_gain":0.0,"max_hp_loss":0.0,"gold_gain":0.0,"event_name":"Nest","player_choice":"Joined the Cult","floor":19.0,"gold_loss":0.0,"damage_taken":6.0,"cards_obtained":["RitualDagger"]},{"damage_healed":0.0,"max_hp_gain":0.0,"max_hp_loss":0.0,"gold_gain":0.0,"event_name":"Accursed Blacksmith","player_choice":"Forge","floor":21.0,"gold_loss":0.0,"damage_taken":0.0,"cards_upgraded":["RitualDagger"]},{"damage_healed":0.0,"max_hp_gain":0.0,"max_hp_loss":0.0,"gold_gain":0.0,"event_name":"Addict","player_choice":"Obtained Relic","floor":25.0,"gold_loss":85.0,"damage_taken":0.0,"relics_obtained":["PreservedInsect"]},{"cards_removed":["Strike_R"],"damage_healed":0.0,"max_hp_gain":0.0,"max_hp_loss":0.0,"gold_gain":0.0,"event_name":"Purifier","player_choice":"Purged","floor":36.0,"gold_loss":0.0,"damage_taken":0.0},{"damage_healed":0.0,"max_hp_gain":0.0,"max_hp_loss":0.0,"gold_gain":0.0,"event_name":"Match and Keep!","player_choice":"1 cards matched","floor":41.0,"gold_loss":0.0,"damage_taken":0.0,"cards_obtained":["Metallicize"]},{"damage_healed":0.0,"max_hp_gain":0.0,"max_hp_loss":0.0,"gold_gain":0.0,"event_name":"Lab","player_choice":"Got Potions","floor":42.0,"gold_loss":0.0,"damage_taken":0.0}],"is_beta":false,"boss_relics":[{"not_picked":["Calling Bell","Runic Cube"],"picked":"Runic Pyramid"},{"not_picked":["Velvet Choker","Sozu"],"picked":"Cursed Key"}],"items_purged_floors":[44,48],"is_endless":false,"potions_floor_spawned":[7,10,16,18,23,27,33,45,46],"ascension_level":20}