{"gold_per_floor":[118,134,152,152,93,93,419,434,510,44,44,119,119,140,140,229,229,252,55,55,55,78,113,113,134,134,42,42,57,93,8,8,97,97,113,113,113,127,141,16,16,16,16,55,55],"floor_reached":45,"playtime":2156,"items_purged":["Strike_B","Double Energy+1","Rebound+1"],"score":958,"play_id":"428a6528-7ffd-4b1c-b10d-144385a1c7c3","local_time":"20180921124645","is_ascension_mode":true,"campfire_choices":[{"data":"Consume","floor":6,"key":"SMITH"},{"data":"Auto Shields","floor":13,"key":"SMITH"},{"data":"Loop","floor":15,"key":"SMITH"},{"data":"Biased Cognition","floor":24,"key":"SMITH"},{"data":"Storm","floor":28,"key":"SMITH"},{"floor":32,"key":"REST"},{"data":"Storm","floor":42,"key":"SMITH"}],"neow_cost":"NONE","seed_source_timestamp":752788716099246,"circlet_count":0,"master_deck":["Defend_B+1","Defend_B+1","Defend_B+1","Zap+1","Dualcast","AscendersBane","Consume+1","BootSequence","Ball Lightning","Ball Lightning","Auto Shields+1","Coolheaded","Cold Snap","Conserve Battery","Loop+1","Biased Cognition+1","Storm+1","Chill","Loop+1","Compile Driver","Reinforced Body","Ball Lightning","Storm+1","Core Surge","Storm+1","Echo Form","Secret Technique","Loop","Reboot"],"relics":["Cracked Core","Old Coin","Pear","Cables","Golden Idol","Astrolabe","Ancient Tea Set","Art of War","Calipers","Inserter","Ice Cream","Darkstone Periapt","Mummified Hand"],"potions_floor_usage":[7,18,23,29,33,44,45],"damage_taken":[{"damage":0,"enemies":"Cultist","floor":1,"turns":3},{"damage":0,"enemies":"2 Louse","floor":2,"turns":2},{"damage":0,"enemies":"Small Slimes","floor":3,"turns":3},{"damage":8,"enemies":"Gremlin Nob","floor":7,"turns":3},{"damage":0,"enemies":"Red Slaver","floor":8,"turns":3},{"damage":0,"enemies":"Exordium Thugs","floor":14,"turns":3},{"damage":11,"enemies":"Hexaghost","floor":16,"turns":10},{"damage":23,"enemies":"Shell Parasite","floor":18,"turns":5},{"damage":0,"enemies":"3 Byrds","floor":22,"turns":3},{"damage":11,"enemies":"Book of Stabbing","floor":23,"turns":5},{"damage":3,"enemies":"Shelled Parasite and Fungi","floor":25,"turns":7},{"damage":0,"enemies":"Sentry and Sphere","floor":29,"turns":3},{"damage":13,"enemies":"Slavers","floor":30,"turns":4},{"damage":4,"enemies":"Champ","floor":33,"turns":7},{"damage":13,"enemies":"Orb Walker","floor":35,"turns":3},{"damage":1,"enemies":"3 Shapes","floor":38,"turns":2},{"damage":24,"enemies":"Spire Growth","floor":39,"turns":5},{"damage":11,"enemies":"Mind Bloom Boss Battle","floor":41,"turns":5},{"damage":18,"enemies":"Giant Head","floor":44,"turns":6},{"damage":8,"enemies":"4 Shapes","floor":45,"turns":1}],"seed_played":"-6699814823655378045","potions_obtained":[{"floor":3,"key":"Swift Potion"},{"floor":8,"key":"SteroidPotion"},{"floor":18,"key":"Fruit Juice"},{"floor":25,"key":"AttackPotion"},{"floor":29,"key":"Strength Potion"},{"floor":35,"key":"SpeedPotion"},{"floor":38,"key":"Dexterity Potion"},{"floor":39,"key":"Dexterity Potion"}],"is_trial":false,"path_per_floor":["M","M","M","?","$","R","E","M","T","$","?","?","R","M","R","B",null,"M","$","?","?","M","E","R","M","T","$","R","M","E","$","R","B",null,"M","$","?","M","M","$","?","R","T","E"],"character_chosen":"DEFECT","items_purchased":["Ball Lightning","Cables","Cold Snap","Conserve Battery","Loop","Weak Potion","Storm","Storm"],"campfire_rested":1,"item_purchase_floors":[5,10,10,10,19,19,27,31],"current_hp_per_floor":[64,64,64,57,57,57,49,49,59,59,31,20,20,20,20,9,63,45,45,45,45,45,34,34,31,31,31,31,31,18,18,43,39,74,61,61,61,60,36,36,25,25,25,7,0],"gold":55,"neow_bonus":"UPGRADE_CARD","is_prod":false,"is_daily":false,"chose_seed":false,"campfire_upgraded":6,"win_rate":0,"timestamp":1537555605,"path_taken":["M","M","?","?","$","R","E","M","T","$","?","?","R","M","R","BOSS","M","$","?","?","M","E","R","M","T","$","R","M","E","$","R","BOSS","M","$","?","?","M","$","?","R","T","E","M"],"build_version":"2018-09-20","purchased_purges":3,"victory":false,"max_hp_per_floor":[71,71,71,71,71,71,71,71,81,81,81,81,81,81,81,81,81,86,86,86,86,86,86,86,86,86,86,86,86,86,86,86,86,86,86,86,86,86,86,86,86,86,86,86,86],"card_choices":[{"not_picked":["Redo","FTL"],"picked":"Consume","floor":1},{"not_picked":["Hello World","Doom and Gloom"],"picked":"BootSequence","floor":2},{"not_picked":["Recycle","Barrage"],"picked":"Ball Lightning","floor":3},{"not_picked":["Redo","White Noise"],"picked":"Auto Shields","floor":7},{"not_picked":["Beam Cell","Compile Driver"],"picked":"Coolheaded","floor":8},{"not_picked":["White Noise","Force Field"],"picked":"Loop","floor":14},{"not_picked":["Rainbow","Fission"],"picked":"Biased Cognition","floor":16},{"not_picked":["Blizzard","Beam Cell"],"picked":"Chill","floor":18},{"not_picked":["Turbo","Gash"],"picked":"Compile Driver","floor":22},{"not_picked":["Go for the Eyes","Conserve Battery"],"picked":"Reinforced Body","floor":23},{"not_picked":["Force Field+1","Turbo+1"],"picked":"Ball Lightning","floor":25},{"not_picked":["Fusion","Compile Driver","Darkness"],"picked":"SKIP","floor":29},{"not_picked":["Gash","Streamline"],"picked":"Core Surge","floor":30},{"not_picked":["Core Surge","Fission"],"picked":"Echo Form","floor":33},{"not_picked":["Beam Cell+1","Darkness","Blizzard"],"picked":"SKIP","floor":35},{"not_picked":["Forethought","Sadistic Nature"],"picked":"Secret Technique","floor":37},{"not_picked":["Recycle","Barrage","Lockon"],"picked":"SKIP","floor":38},{"not_picked":["Go for the Eyes","Lockon"],"picked":"Loop","floor":39},{"not_picked":["Steam Power","Cold Snap+1"],"picked":"Reboot","floor":44}],"player_experience":1053789,"relics_obtained":[{"floor":7,"key":"Old Coin"},{"floor":9,"key":"Pear"},{"floor":23,"key":"Ancient Tea Set"},{"floor":26,"key":"Art of War"},{"floor":30,"key":"Calipers"},{"floor":41,"key":"Ice Cream"},{"floor":43,"key":"Darkstone Periapt"},{"floor":44,"key":"Mummified Hand"}],"event_choices":[{"event_name":"Golden Wing","player_choice":"Card Removal","floor":4,"damage_taken":0},{"event_name":"Golden Idol","player_choice":"Take Damage","floor":11,"damage_taken":0},{"event_name":"World of Goop","player_choice":"Gather Gold","floor":12,"damage_taken":0},{"event_name":"Back to Basics","player_choice":"Simplicity","floor":20,"damage_taken":0},{"event_name":"Accursed Blacksmith","player_choice":"Forge","floor":21,"damage_taken":0},{"event_name":"SensoryStone","player_choice":"Memory 1","floor":37,"damage_taken":0},{"event_name":"MindBloom","player_choice":"Fight","floor":41,"damage_taken":0}],"is_beta":true,"boss_relics":[{"not_picked":["Philosopher\u0027s Stone","Lizard Tail"],"picked":"Astrolabe"},{"not_picked":["Nuclear Battery","Pandora\u0027s Box"],"picked":"Inserter"}],"items_purged_floors":[10,19,40],"is_endless":false,"potions_floor_spawned":[3,8,18,25,29,35,38,39],"killed_by":"4 Shapes","ascension_level":20}