{"gold_per_floor":[211,229,246,196,41,41,72,72,72,72,72,105,119,135,135,207,207,220,319,331,7,23,23,23,23,23,23,23,23,23,45,57,144,156,184,211,1,14,14,14,32,51,51,71,71,84,84,84,84,84],"floor_reached":51,"playtime":1837,"items_purged":["Strike_R"],"score":1082,"play_id":"1dd2cb77-9eea-466e-89f6-041583b1ad93","local_time":"20190212212700","is_ascension_mode":true,"campfire_choices":[{"data":"Bash","floor":6.0,"key":"SMITH"},{"data":"Offering","floor":8.0,"key":"SMITH"},{"data":"Rampage","floor":11.0,"key":"SMITH"},{"data":"Clothesline","floor":15.0,"key":"SMITH"},{"data":"Whirlwind","floor":23.0,"key":"SMITH"},{"data":"Shrug It Off","floor":25.0,"key":"SMITH"},{"data":"Iron Wave","floor":27.0,"key":"SMITH"},{"data":"Rupture","floor":32.0,"key":"SMITH"},{"data":"Brutality","floor":40.0,"key":"SMITH"},{"floor":45,"key":"REST"},{"floor":49,"key":"REST"}],"neow_cost":"NONE","seed_source_timestamp":0,"circlet_count":0,"master_deck":["AscendersBane","Strike_R","Defend_R","Defend_R","Defend_R","Bash+1","Iron Wave+1","Rampage+1","Offering+1","Shrug It Off+1","Whirlwind+1","Shrug It Off+1","Clothesline+1","Double Tap+1","Intimidate+1","True Grit+1","Disarm+1","Rupture+1","Havoc+1","Brutality+1","Combust","Shockwave+1","Uppercut+1","Flame Barrier+1","Sword Boomerang+1"],"special_seed":0,"relics":["Black Blood","Kunai","Pear","Toxic Egg 2","Chemical X","Molten Egg 2","MawBank","Philosopher\u0027s Stone","Bronze Scales","Self Forming Clay"],"potions_floor_usage":[42,44,44,44,50],"damage_taken":[{"damage":11.0,"enemies":"2 Louse","floor":1.0,"turns":4.0},{"damage":9.0,"enemies":"Jaw Worm","floor":2.0,"turns":5.0},{"damage":0.0,"enemies":"Small Slimes","floor":3.0,"turns":3.0},{"damage":34.0,"enemies":"Lagavulin","floor":7.0,"turns":6.0},{"damage":23.0,"enemies":"3 Sentries","floor":12.0,"turns":10.0},{"damage":0.0,"enemies":"3 Louse","floor":13.0,"turns":1.0},{"damage":1.0,"enemies":"Looter","floor":14.0,"turns":4.0},{"damage":13.0,"enemies":"Hexaghost","floor":16.0,"turns":14.0},{"damage":16.0,"enemies":"Spheric Guardian","floor":18.0,"turns":4.0},{"damage":17.0,"enemies":"Chosen","floor":20.0,"turns":5.0},{"damage":17.0,"enemies":"Snake Plant","floor":22.0,"turns":4.0},{"damage":8.0,"enemies":"Centurion and Healer","floor":31.0,"turns":5.0},{"damage":49.0,"enemies":"Automaton","floor":33.0,"turns":10.0},{"damage":20.0,"enemies":"3 Darklings","floor":35.0,"turns":6.0},{"damage":21.0,"enemies":"Orb Walker","floor":36.0,"turns":5.0},{"damage":14.0,"enemies":"Writhing Mass","floor":38.0,"turns":5.0},{"damage":11.0,"enemies":"Maw","floor":41.0,"turns":6.0},{"damage":29,"enemies":"Transient","floor":42,"turns":5},{"damage":7,"enemies":"Sphere and 2 Shapes","floor":44,"turns":3},{"damage":14,"enemies":"3 Darklings","floor":46,"turns":2},{"damage":41,"enemies":"Time Eater","floor":50,"turns":8}],"seed_played":"-3987709103114999414","potions_obtained":[{"floor":2.0,"key":"Swift Potion"},{"floor":12.0,"key":"Explosive Potion"},{"floor":13.0,"key":"Energy Potion"},{"floor":16.0,"key":"GamblersBrew"},{"floor":22.0,"key":"Energy Potion"},{"floor":33.0,"key":"Energy Potion"},{"floor":35.0,"key":"SkillPotion"},{"floor":38.0,"key":"EntropicBrew"},{"floor":44,"key":"SkillPotion"}],"is_trial":false,"path_per_floor":["M","M","M","?","$","R","E","R","T","?","R","E","M","M","R","B",null,"M","?","M","$","M","R","?","R","T","R","?","$","T","M","R","B",null,"M","M","$","M","$","R","M","M","T","M","R","M","?","?","R","B",null],"character_chosen":"IRONCLAD","items_purchased":["Offering","Chemical X","True Grit+1","Bronze Scales","Uppercut+1"],"campfire_rested":2,"item_purchase_floors":[5,21,21,37,37],"current_hp_per_floor":[63,60,66,66,66,66,38,38,48,41,41,24,30,35,35,28,71,65,65,58,58,51,51,51,51,51,51,51,51,51,53,53,14,67,57,46,46,42,42,42,41,22,22,25,50,46,46,41,66,35],"gold":84,"neow_bonus":"HUNDRED_GOLD","is_prod":false,"is_daily":false,"chose_seed":false,"campfire_upgraded":9,"win_rate":0,"timestamp":1550035620,"path_taken":["M","M","M","?","$","R","E","R","T","?","R","E","M","M","R","BOSS","M","?","M","?","M","R","?","R","T","R","?","?","?","M","R","BOSS","M","?","$","M","?","R","M","M","T","M","R","M","?","?","R","BOSS"],"build_version":"2019-01-23","purchased_purges":1,"victory":true,"max_hp_per_floor":[75,75,75,75,75,75,75,75,85,85,85,85,85,85,85,85,85,85,85,85,85,85,85,85,85,85,85,85,85,85,85,85,85,85,85,85,85,85,85,85,85,85,85,85,85,85,85,85,85,85],"card_choices":[{"not_picked":["Flex","Twin Strike"],"picked":"Iron Wave","floor":1.0},{"not_picked":["Power Through","Anger"],"picked":"Rampage","floor":2.0},{"not_picked":["Flex","Rampage","Iron Wave"],"picked":"SKIP","floor":3.0},{"not_picked":["Corruption","Bloodletting"],"picked":"Shrug It Off","floor":7.0},{"not_picked":["Pummel","Combust"],"picked":"Whirlwind","floor":12.0},{"not_picked":["Warcry+1","Searing Blow"],"picked":"Shrug It Off+1","floor":13.0},{"not_picked":["Combust","Rampage"],"picked":"Clothesline","floor":14.0},{"not_picked":["Dark Embrace","Bludgeon"],"picked":"Double Tap+1","floor":16.0},{"not_picked":["Iron Wave","Flex+1","Heavy Blade"],"picked":"SKIP","floor":18.0},{"not_picked":["Wild Strike","Evolve"],"picked":"Intimidate+1","floor":20.0},{"not_picked":["Dual Wield+1","Whirlwind"],"picked":"Disarm+1","floor":22.0},{"not_picked":["Flex+1","Cleave+1","Intimidate+1"],"picked":"SKIP","floor":31.0},{"not_picked":["Fiend Fire+1","Exhume+1"],"picked":"Brutality","floor":33.0},{"not_picked":["Cleave+1","Clothesline+1"],"picked":"Combust","floor":35.0},{"not_picked":["Hemokinesis+1","Warcry+1"],"picked":"Shockwave+1","floor":36.0},{"not_picked":["Heavy Blade+1","Anger+1","Evolve"],"picked":"SKIP","floor":38.0},{"not_picked":["Seeing Red+1","Thunderclap+1","Entrench+1"],"picked":"SKIP","floor":41},{"not_picked":["Iron Wave+1","Warcry+1","Body Slam+1"],"picked":"SKIP","floor":42},{"not_picked":["Evolve","Dual Wield+1"],"picked":"Flame Barrier+1","floor":44},{"not_picked":["Reckless Charge+1","Cleave+1"],"picked":"Sword Boomerang+1","floor":46}],"player_experience":431115,"relics_obtained":[{"floor":7.0,"key":"Kunai"},{"floor":9.0,"key":"Pear"},{"floor":12.0,"key":"Toxic Egg 2"},{"floor":26.0,"key":"Molten Egg 2"},{"floor":30.0,"key":"MawBank"},{"floor":43,"key":"Self Forming Clay"}],"event_choices":[{"cards_removed":["Strike_R"],"damage_healed":0.0,"max_hp_gain":0.0,"max_hp_loss":0.0,"gold_gain":0.0,"event_name":"The Cleric","player_choice":"Card Removal","floor":4.0,"gold_loss":50.0,"damage_taken":0.0},{"cards_removed":["Strike_R"],"damage_healed":0.0,"max_hp_gain":0.0,"max_hp_loss":0.0,"gold_gain":0.0,"event_name":"Golden Wing","player_choice":"Card Removal","floor":10.0,"gold_loss":0.0,"damage_taken":7.0},{"damage_healed":0.0,"max_hp_gain":0.0,"max_hp_loss":0.0,"gold_gain":99.0,"event_name":"Nest","player_choice":"Stole From Cult","floor":19.0,"gold_loss":0.0,"damage_taken":0.0},{"damage_healed":0.0,"max_hp_gain":0.0,"max_hp_loss":0.0,"gold_gain":0.0,"event_name":"Beggar","player_choice":"Ignored","floor":24.0,"gold_loss":0.0,"damage_taken":0.0},{"damage_healed":0.0,"max_hp_gain":0.0,"max_hp_loss":0.0,"gold_gain":0.0,"cards_transformed":["Strike_R","Defend_R"],"event_name":"Drug Dealer","player_choice":"Became Test Subject","floor":28.0,"gold_loss":0.0,"damage_taken":0.0,"cards_obtained":["Rupture","Havoc"]},{"damage_healed":0,"gold_gain":0,"player_choice":"Ignored","damage_taken":0,"max_hp_gain":0,"max_hp_loss":0,"event_name":"Mysterious Sphere","floor":47,"gold_loss":0},{"damage_healed":0,"gold_gain":0,"player_choice":"Memory 2","damage_taken":5,"max_hp_gain":0,"max_hp_loss":0,"event_name":"SensoryStone","floor":48,"gold_loss":0}],"is_beta":false,"boss_relics":[{"not_picked":["Lizard Tail","Tiny House"],"picked":"Black Blood"},{"not_picked":["Orrery","Empty Cage"],"picked":"Philosopher\u0027s Stone"}],"items_purged_floors":[21],"is_endless":false,"potions_floor_spawned":[2,12,13,16,22,33,35,38,44],"ascension_level":14}