{"gold_per_floor":[114,125,125,200,200,239,258,277,277,297,311,355,370,383,383,502,502,518,537,550,550,465,508,508,548,573,498,498,514,527,82,82,82],"floor_reached":33,"playtime":43667,"items_purged":["Strike_R"],"score":342,"play_id":"3ac1861a-ddbf-450b-9ce8-a1ba0b899af5","local_time":"20190217011240","is_ascension_mode":true,"campfire_choices":[{"data":"Iron Wave","floor":15,"key":"SMITH"},{"floor":24,"key":"RECALL"},{"data":"Apotheosis","floor":32,"key":"SMITH"}],"neow_cost":"NONE","seed_source_timestamp":2438618472357739,"circlet_count":0,"master_deck":["Strike_R","Strike_R","Strike_R","Defend_R","Defend_R","Defend_R","Defend_R","Bash","Impervious","Pommel Strike","Iron Wave+1","Dual Wield","Iron Wave+1","Spot Weakness","Body Slam","Warcry","Iron Wave","Reaper","Intimidate+1","Metallicize","Seeing Red","Shrug It Off","Headbutt","RitualDagger","Clothesline+1","Apotheosis+1"],"relics":["Burning Blood","Golden Idol","Kunai","Mercury Hourglass","Bag of Marbles","Black Star","Potion Belt","Bronze Scales","Blood Vial","Strawberry","Meat on the Bone","Vajra","PrismaticShard"],"potions_floor_usage":[8,8,16,20,20,23,33],"damage_taken":[{"damage":3,"enemies":"Small Slimes","floor":1,"turns":3},{"damage":3,"enemies":"2 Louse","floor":2,"turns":2},{"damage":30,"enemies":"Lagavulin","floor":6,"turns":9},{"damage":0,"enemies":"Jaw Worm","floor":7,"turns":3},{"damage":12,"enemies":"Exordium Thugs","floor":8,"turns":4},{"damage":0,"enemies":"2 Fungi Beasts","floor":10,"turns":3},{"damage":13,"enemies":"Large Slime","floor":11,"turns":5},{"damage":0,"enemies":"3 Sentries","floor":12,"turns":6},{"damage":0,"enemies":"Blue Slaver","floor":13,"turns":3},{"damage":1,"enemies":"2 Fungi Beasts","floor":14,"turns":3},{"damage":24,"enemies":"The Guardian","floor":16,"turns":13},{"damage":7,"enemies":"Chosen","floor":18,"turns":6},{"damage":10,"enemies":"3 Byrds","floor":19,"turns":6},{"damage":8,"enemies":"Snecko","floor":20,"turns":5},{"damage":49,"enemies":"Gremlin Leader","floor":23,"turns":9},{"damage":17,"enemies":"Slavers","floor":25,"turns":6},{"damage":20,"enemies":"Shelled Parasite and Fungi","floor":29,"turns":6},{"damage":18,"enemies":"3 Cultists","floor":30,"turns":6},{"damage":62,"enemies":"Automaton","floor":33,"turns":10}],"seed_played":"6162438054715351560","potions_obtained":[{"floor":1,"key":"Explosive Potion"},{"floor":2,"key":"SneckoOil"},{"floor":8,"key":"Fire Potion"},{"floor":12,"key":"EssenceOfSteel"},{"floor":14,"key":"LiquidBronze"},{"floor":19,"key":"Explosive Potion"},{"floor":20,"key":"FearPotion"},{"floor":29,"key":"SkillPotion"}],"is_trial":false,"path_per_floor":["M","M","?","?","?","E","M","M","T","M","M","E","M","M","R","B",null,"M","M","M","?","?","E","R","E","T","?","?","M","M","$","R","B"],"character_chosen":"IRONCLAD","items_purchased":["Apotheosis","PrismaticShard"],"campfire_rested":0,"item_purchase_floors":[31,31],"current_hp_per_floor":[80,80,60,49,49,25,31,25,25,31,24,30,36,41,41,23,80,79,80,80,80,80,37,37,35,35,35,29,29,41,41,41,0],"gold":82,"neow_bonus":"ONE_RANDOM_RARE_CARD","is_prod":false,"is_daily":false,"chose_seed":false,"campfire_upgraded":2,"win_rate":0,"timestamp":1550365960,"path_taken":["M","M","?","?","?","E","M","?","T","M","M","E","M","M","R","BOSS","M","M","M","?","?","E","R","E","T","?","?","M","M","?","R","BOSS"],"build_version":"2019-01-23","purchased_purges":1,"victory":false,"max_hp_per_floor":[80,80,80,80,80,80,80,80,80,80,80,80,80,80,80,80,80,80,80,80,80,80,80,80,87,87,87,87,87,87,87,87,87],"card_choices":[{"not_picked":["Combust","Sever Soul"],"picked":"Pommel Strike","floor":1},{"not_picked":["Heavy Blade","Anger"],"picked":"Iron Wave","floor":2},{"not_picked":["Uppercut","Flame Barrier"],"picked":"Dual Wield","floor":6},{"not_picked":["Hemokinesis","Clothesline"],"picked":"Iron Wave","floor":7},{"not_picked":["Cleave","Armaments"],"picked":"Spot Weakness","floor":8},{"not_picked":["Battle Trance","Twin Strike"],"picked":"Body Slam","floor":10},{"not_picked":["Disarm","Dual Wield"],"picked":"Warcry","floor":11},{"not_picked":["Berserk","Flex","Twin Strike"],"picked":"SKIP","floor":12},{"not_picked":["Clash","Corruption"],"picked":"Iron Wave","floor":13},{"not_picked":["Searing Blow","Clash","Sword Boomerang"],"picked":"SKIP","floor":14},{"not_picked":["Demon Form","Fiend Fire"],"picked":"Reaper","floor":16},{"not_picked":["Uppercut","Havoc+1"],"picked":"Intimidate+1","floor":18},{"not_picked":["Clash","Thunderclap"],"picked":"Metallicize","floor":19},{"not_picked":["Thunderclap+1","Anger+1"],"picked":"Seeing Red","floor":20},{"not_picked":["Fiend Fire","Pommel Strike"],"picked":"Headbutt","floor":23},{"not_picked":["Brutality","Wild Strike","Reckless Charge"],"picked":"SKIP","floor":25},{"not_picked":["Havoc","True Grit","Armaments"],"picked":"SKIP","floor":29},{"not_picked":["Havoc","True Grit","Armaments"],"picked":"SKIP","floor":29},{"not_picked":["Pommel Strike","Blood for Blood+1"],"picked":"Clothesline+1","floor":30}],"player_experience":787569,"relics_obtained":[{"floor":6,"key":"Kunai"},{"floor":9,"key":"Mercury Hourglass"},{"floor":12,"key":"Bag of Marbles"},{"floor":23,"key":"Bronze Scales"},{"floor":23,"key":"Blood Vial"},{"floor":25,"key":"Strawberry"},{"floor":25,"key":"Meat on the Bone"},{"floor":26,"key":"Vajra"}],"event_choices":[{"damage_healed":0,"gold_gain":0,"player_choice":"Take Damage","damage_taken":20,"relics_obtained":["Golden Idol"],"max_hp_gain":0,"max_hp_loss":0,"event_name":"Golden Idol","floor":3,"gold_loss":0},{"damage_healed":0,"gold_gain":75,"player_choice":"Gather Gold","damage_taken":11,"max_hp_gain":0,"max_hp_loss":0,"event_name":"World of Goop","floor":4,"gold_loss":0},{"damage_healed":0,"gold_gain":0,"player_choice":"Upgraded","damage_taken":0,"max_hp_gain":0,"max_hp_loss":0,"event_name":"Upgrade Shrine","floor":5,"gold_loss":0,"cards_upgraded":["Iron Wave"]},{"damage_healed":0,"gold_gain":0,"player_choice":"Read","damage_taken":0,"max_hp_gain":0,"max_hp_loss":0,"event_name":"The Library","floor":21,"gold_loss":0,"cards_obtained":["Shrug It Off"]},{"damage_healed":0,"gold_gain":0,"player_choice":"Obtained Relic","damage_taken":0,"relics_obtained":["Potion Belt"],"max_hp_gain":0,"max_hp_loss":0,"event_name":"Addict","floor":22,"gold_loss":85},{"cards_removed":["Strike_R"],"damage_healed":0,"gold_gain":0,"player_choice":"Gave Gold","damage_taken":0,"max_hp_gain":0,"max_hp_loss":0,"event_name":"Beggar","floor":27,"gold_loss":75},{"damage_healed":0,"gold_gain":0,"player_choice":"Joined the Cult","damage_taken":6,"max_hp_gain":0,"max_hp_loss":0,"event_name":"Nest","floor":28,"gold_loss":0,"cards_obtained":["RitualDagger"]}],"is_beta":false,"boss_relics":[{"not_picked":["Runic Cube","Snecko Eye"],"picked":"Black Star"}],"items_purged_floors":[31],"is_endless":false,"potions_floor_spawned":[1,2,8,12,14,19,20,29],"killed_by":"Automaton","ascension_level":1}