{"gold_per_floor":[114,33,108,108,108,108,1,20,20,38,73,73,90,107,107,206,206,219,144,159,159,159,185,185,185,185,205,234,84,112,123,123,218,218,233,247,263,273,82,117,117,117,117,135,135,150,0,12,12,12],"floor_reached":51,"playtime":2597,"items_purged":["Strike_G","Well Laid Plans"],"score":981,"play_id":"e464211e-e7a5-41d3-9228-4d5b00207685","local_time":"20190217132720","is_ascension_mode":true,"campfire_choices":[{"data":"Neutralize","floor":6,"key":"SMITH"},{"data":"Noxious Fumes","floor":12,"key":"SMITH"},{"data":"Strike_G","floor":15,"key":"PURGE"},{"data":"Corpse Explosion","floor":25,"key":"SMITH"},{"data":"Strike_G+1","floor":32,"key":"PURGE"},{"data":"Backflip","floor":41,"key":"SMITH"},{"data":"Finisher+1","floor":45,"key":"PURGE"},{"data":"Poisoned Stab","floor":49,"key":"SMITH"}],"neow_cost":"NONE","seed_source_timestamp":322495390659000,"circlet_count":0,"master_deck":["Defend_G+1","Defend_G+1","Defend_G+1","Defend_G+1","Survivor","Neutralize+1","Acrobatics","Footwork+1","Noxious Fumes+1","Dash","Predator","Backflip","Cloak And Dagger","Corpse Explosion+1","PiercingWail+1","Leg Sweep+1","Backflip+1","Blur","After Image","After Image","Poisoned Stab+1","Well Laid Plans+1","Poisoned Stab+1","PiercingWail+1","Leg Sweep+1","Dodge and Roll","Adrenaline","PiercingWail"],"relics":["Ring of the Snake","Gambling Chip","Peace Pipe","Cursed Key","Mummified Hand","Bag of Marbles","The Specimen","Astrolabe","ClockworkSouvenir","Bag of Preparation"],"potions_floor_usage":[11,16,20,28,33,38,40,44,50,50],"damage_taken":[{"damage":2,"enemies":"Cultist","floor":1,"turns":4},{"damage":0,"enemies":"Small Slimes","floor":8,"turns":5},{"damage":0,"enemies":"2 Louse","floor":10,"turns":2},{"damage":0,"enemies":"3 Sentries","floor":11,"turns":2},{"damage":2,"enemies":"Exordium Thugs","floor":13,"turns":5},{"damage":0,"enemies":"2 Fungi Beasts","floor":14,"turns":4},{"damage":2,"enemies":"The Guardian","floor":16,"turns":10},{"damage":0,"enemies":"2 Thieves","floor":18,"turns":3},{"damage":0,"enemies":"Spheric Guardian","floor":20,"turns":1},{"damage":0,"enemies":"Book of Stabbing","floor":23,"turns":8},{"damage":0,"enemies":"Cultist and Chosen","floor":27,"turns":4},{"damage":0,"enemies":"Gremlin Leader","floor":28,"turns":8},{"damage":0,"enemies":"Book of Stabbing","floor":30,"turns":6},{"damage":0,"enemies":"3 Cultists","floor":31,"turns":3},{"damage":0,"enemies":"Automaton","floor":33,"turns":9},{"damage":0,"enemies":"3 Shapes","floor":35,"turns":3},{"damage":0,"enemies":"Orb Walker","floor":36,"turns":6},{"damage":0,"enemies":"Spire Growth","floor":37,"turns":6},{"damage":0,"enemies":"Transient","floor":38,"turns":5},{"damage":33,"enemies":"Reptomancer","floor":40,"turns":6},{"damage":0,"enemies":"Maw","floor":44,"turns":8},{"damage":0,"enemies":"Sphere and 2 Shapes","floor":46,"turns":4},{"damage":0,"enemies":"Spire Growth","floor":48,"turns":6},{"damage":0,"enemies":"Time Eater","floor":50,"turns":16}],"seed_played":"3249656228382418151","potions_obtained":[{"floor":1,"key":"Fire Potion"},{"floor":8,"key":"GamblersBrew"},{"floor":10,"key":"Poison Potion"},{"floor":16,"key":"Swift Potion"},{"floor":23,"key":"Dexterity Potion"},{"floor":27,"key":"Dexterity Potion"},{"floor":28,"key":"Strength Potion"},{"floor":33,"key":"GamblersBrew"},{"floor":44,"key":"Fruit Juice"},{"floor":46,"key":"SpeedPotion"}],"is_trial":false,"path_per_floor":["M","$","?","?","?","R","$","M","T","M","E","R","M","M","R","B",null,"M","$","M","?","?","E","T","R","T","M","E","$","E","M","R","B",null,"M","M","M","M","$","E","R","?","T","M","R","M","$","M","R","B",null],"character_chosen":"THE_SILENT","items_purchased":["Footwork","Noxious Fumes","Dash","Well Laid Plans","Blur","ClockworkSouvenir","Strength Potion"],"campfire_rested":0,"item_purchase_floors":[2,7,7,29,29,39,47],"current_hp_per_floor":[68,68,57,57,57,57,57,57,57,57,57,57,55,55,55,53,70,70,70,70,57,57,57,57,57,57,57,57,57,57,57,57,57,75,75,75,75,75,75,42,42,42,42,47,47,47,47,47,47,47],"gold":12,"neow_bonus":"ONE_RANDOM_RARE_CARD","is_prod":false,"is_daily":false,"chose_seed":false,"campfire_upgraded":5,"win_rate":0,"timestamp":1550435240,"path_taken":["M","$","?","?","?","R","$","M","T","M","E","R","?","M","R","BOSS","M","$","M","?","?","E","?","R","T","M","E","$","E","M","R","BOSS","M","M","M","M","$","E","R","?","T","M","R","M","$","M","R","BOSS"],"build_version":"2019-02-06","purchased_purges":2,"victory":true,"max_hp_per_floor":[70,70,70,70,70,70,70,70,70,70,70,70,70,70,70,70,70,70,70,70,75,75,75,75,75,75,75,75,75,75,75,75,75,75,75,75,75,75,75,75,75,71,71,76,76,76,76,76,76,76],"card_choices":[{"not_picked":["Dodge and Roll","Cloak And Dagger"],"picked":"Acrobatics","floor":1},{"not_picked":["Dash","Blade Dance","Slice"],"picked":"SKIP","floor":8},{"not_picked":["Blade Dance","Quick Slash"],"picked":"Predator","floor":10},{"not_picked":["Bouncing Flask","Unload"],"picked":"Backflip","floor":11},{"not_picked":["Riddle With Holes","Choke","Prepared"],"picked":"SKIP","floor":13},{"not_picked":["Dagger Throw","Eviscerate"],"picked":"Cloak And Dagger","floor":14},{"not_picked":["Burst","Phantasmal Killer"],"picked":"Corpse Explosion","floor":16},{"not_picked":["Noxious Fumes","Heel Hook"],"picked":"PiercingWail+1","floor":18},{"not_picked":["Flying Knee+1","Blade Dance+1","Riddle With Holes"],"picked":"SKIP","floor":20},{"not_picked":["Outmaneuver+1","Poisoned Stab"],"picked":"Leg Sweep+1","floor":23},{"not_picked":["Dagger Throw+1","Sucker Punch","Dash+1"],"picked":"SKIP","floor":27},{"not_picked":["Prepared","All Out Attack"],"picked":"Backflip","floor":28},{"not_picked":["Slice","Dagger Spray+1"],"picked":"After Image","floor":30},{"not_picked":["Deflect+1","Deadly Poison","Choke"],"picked":"SKIP","floor":31},{"not_picked":["Envenom","Malaise"],"picked":"After Image","floor":33},{"not_picked":["Dash+1","Distraction+1","Setup"],"picked":"SKIP","floor":35},{"not_picked":["Bane+1","Slice+1"],"picked":"Poisoned Stab","floor":36},{"not_picked":["Quick Slash","Dodge and Roll","Concentrate"],"picked":"SKIP","floor":37},{"not_picked":["Setup+1","Tactician"],"picked":"PiercingWail+1","floor":38},{"not_picked":["Endless Agony","Outmaneuver"],"picked":"Leg Sweep+1","floor":40},{"not_picked":["Flying Knee","Dagger Spray"],"picked":"Dodge and Roll","floor":44},{"not_picked":["Dash+1","Endless Agony+1"],"picked":"Adrenaline","floor":46},{"not_picked":["Acrobatics+1","Quick Slash+1"],"picked":"PiercingWail","floor":48}],"player_experience":1327002,"relics_obtained":[{"floor":9,"key":"Gambling Chip"},{"floor":11,"key":"Peace Pipe"},{"floor":23,"key":"Mummified Hand"},{"floor":28,"key":"Bag of Marbles"},{"floor":30,"key":"The Specimen"},{"floor":40,"key":"Bag of Preparation"}],"event_choices":[{"damage_healed":0,"gold_gain":75,"player_choice":"Gather Gold","damage_taken":11,"max_hp_gain":0,"max_hp_loss":0,"event_name":"World of Goop","floor":3,"gold_loss":0},{"damage_healed":0,"gold_gain":0,"player_choice":"Grow","damage_taken":0,"max_hp_gain":0,"max_hp_loss":0,"event_name":"Living Wall","floor":4,"gold_loss":0,"cards_upgraded":["Footwork"]},{"cards_removed":["Strike_G"],"damage_healed":0,"gold_gain":0,"player_choice":"Offered Basic","damage_taken":0,"max_hp_gain":0,"max_hp_loss":0,"event_name":"Bonfire Elementals","floor":5,"gold_loss":0},{"damage_healed":0,"gold_gain":0,"player_choice":"Shed Blood","damage_taken":18,"max_hp_gain":5,"max_hp_loss":0,"event_name":"Forgotten Altar","floor":21,"gold_loss":0},{"damage_healed":0,"gold_gain":0,"player_choice":"Simplicity","damage_taken":0,"max_hp_gain":0,"max_hp_loss":0,"event_name":"Back to Basics","floor":22,"gold_loss":0,"cards_upgraded":["Defend_G","Defend_G","Defend_G","Defend_G","Defend_G","Strike_G","Strike_G"]},{"damage_healed":0,"gold_gain":0,"player_choice":"Max HP","damage_taken":0,"max_hp_gain":0,"max_hp_loss":4,"event_name":"Winding Halls","floor":42,"gold_loss":0}],"is_beta":true,"boss_relics":[{"not_picked":["Black Star","Coffee Dripper"],"picked":"Cursed Key"},{"not_picked":["Pandora\u0027s Box","Runic Dome"],"picked":"Astrolabe"}],"items_purged_floors":[19,47],"is_endless":false,"potions_floor_spawned":[1,8,10,16,23,27,28,33,35,44,46],"ascension_level":1}