{"gold_per_floor":[116,128,128,128,141,141,153,153,235,265,7,35,53,71,71,144,144,163,62,62,12,22,22,47,47,70,90,90,106,15,27,27,27],"floor_reached":33,"playtime":1547,"items_purged":["Strike_B","Strike_B"],"score":602,"play_id":"0c93045e-fd36-4547-b1fc-42be590d0ab5","local_time":"20180919144050","is_ascension_mode":true,"campfire_choices":[{"data":"Auto Shields","floor":6,"key":"SMITH"},{"data":"Leap","floor":8,"key":"SMITH"},{"data":"Hologram","floor":15,"key":"SMITH"},{"data":"Hyperbeam","floor":23,"key":"SMITH"},{"data":"Hologram","floor":25,"key":"SMITH"},{"floor":28,"key":"REST"},{"floor":32,"key":"REST"}],"neow_cost":"NONE","seed_source_timestamp":587442802227477,"circlet_count":0,"master_deck":["Strike_B","Strike_B","Defend_B","Defend_B","Defend_B","Defend_B","Zap+1","AscendersBane","Leap+1","Scrape+1","Auto Shields+1","Skim","Gash","Gash","Hologram+1","Hologram+1","Hyperbeam+1","Hologram","Fusion+1","Skim+1","Beam Cell","Go for the Eyes","Steam","Good Instincts"],"relics":["Cracked Core","Tiny Chest","Lantern","Membership Card","Odd Mushroom","Black Star","Vajra","Singing Bowl","Frozen Egg 2","Pen Nib"],"potions_floor_usage":[10,14,16,16,18,22,24],"damage_taken":[{"damage":10,"enemies":"2 Louse","floor":1,"turns":4},{"damage":1,"enemies":"Cultist","floor":2,"turns":3},{"damage":0,"enemies":"Jaw Worm","floor":5,"turns":2},{"damage":8,"enemies":"Blue Slaver","floor":7,"turns":3},{"damage":19,"enemies":"Lagavulin","floor":10,"turns":8},{"damage":2,"enemies":"The Mushroom Lair","floor":12,"turns":4},{"damage":3,"enemies":"Exordium Wildlife","floor":13,"turns":4},{"damage":0,"enemies":"Large Slime","floor":14,"turns":2},{"damage":0,"enemies":"Slime Boss","floor":16,"turns":5},{"damage":0,"enemies":"Spheric Guardian","floor":18,"turns":3},{"damage":14,"enemies":"3 Byrds","floor":22,"turns":5},{"damage":17,"enemies":"Slavers","floor":24,"turns":4},{"damage":1,"enemies":"Centurion and Healer","floor":27,"turns":6},{"damage":9,"enemies":"Snake Plant","floor":29,"turns":4},{"damage":17,"enemies":"Snecko","floor":31,"turns":6},{"damage":45,"enemies":"Collector","floor":33,"turns":6}],"seed_played":"4057182421473579419","potions_obtained":[{"floor":2,"key":"Regen Potion"},{"floor":12,"key":"PowerPotion"},{"floor":13,"key":"FearPotion"},{"floor":14,"key":"SkillPotion"},{"floor":16,"key":"Swift Potion"},{"floor":18,"key":"GamblersBrew"},{"floor":22,"key":"Weak Potion"}],"is_trial":false,"path_per_floor":["M","M","?","?","M","R","M","R","T","E","$","?","M","M","R","B",null,"M","$","?","$","M","R","E","R","T","M","R","M","$","M","R"],"character_chosen":"DEFECT","items_purchased":["Membership Card","Hologram","Vajra","Steam","Good Instincts"],"campfire_rested":2,"item_purchase_floors":[11,19,19,30,30],"current_hp_per_floor":[54,53,53,53,53,53,45,45,45,41,41,39,36,36,36,36,62,62,62,62,62,48,48,31,31,31,30,51,42,42,27,48,3],"gold":27,"neow_bonus":"UPGRADE_CARD","is_prod":false,"is_daily":false,"chose_seed":false,"campfire_upgraded":5,"win_rate":0,"timestamp":1537389650,"path_taken":["M","M","?","?","M","R","M","R","T","E","$","?","M","?","R","BOSS","M","$","?","$","M","R","E","R","T","M","R","M","$","M","R","BOSS"],"build_version":"2018-09-18v3","purchased_purges":2,"victory":false,"max_hp_per_floor":[71,71,71,71,71,71,71,71,71,71,71,71,71,71,71,71,71,71,71,71,71,71,71,71,71,71,71,71,71,71,73,73,73],"card_choices":[{"not_picked":["Redo","Stack"],"picked":"Leap","floor":1},{"not_picked":["Redo","Storm"],"picked":"Scrape","floor":2},{"not_picked":["Barrage","Reboot"],"picked":"Auto Shields","floor":5},{"not_picked":["Stack","Double Energy"],"picked":"Skim","floor":7},{"not_picked":["Defragment","Auto Shields"],"picked":"Gash","floor":10},{"not_picked":["Ball Lightning","Double Energy"],"picked":"Gash","floor":12},{"not_picked":["Barrage","Rip and Tear"],"picked":"Hologram","floor":13},{"not_picked":["Coolheaded","Beam Cell"],"picked":"Hologram","floor":14},{"not_picked":["Fission","Thunder Strike"],"picked":"Hyperbeam","floor":16},{"not_picked":["Doom and Gloom","Cold Snap","Barrage"],"picked":"SKIP","floor":18},{"not_picked":["Stack","Chaos"],"picked":"Fusion+1","floor":22},{"not_picked":["Stack","Reinforced Body"],"picked":"Skim+1","floor":24},{"not_picked":["Redo+1","Rip and Tear"],"picked":"Beam Cell","floor":27},{"not_picked":["Steam","Streamline"],"picked":"Go for the Eyes","floor":29},{"not_picked":["Go for the Eyes","Cold Snap","Barrage"],"picked":"Singing Bowl","floor":31}],"player_experience":1033728,"relics_obtained":[{"floor":9,"key":"Tiny Chest"},{"floor":10,"key":"Lantern"},{"floor":12,"key":"Odd Mushroom"},{"floor":24,"key":"Singing Bowl"},{"floor":24,"key":"Frozen Egg 2"},{"floor":26,"key":"Pen Nib"}],"event_choices":[{"event_name":"Accursed Blacksmith","player_choice":"Forge","floor":3,"damage_taken":0},{"event_name":"Upgrade Shrine","player_choice":"Upgraded","floor":4,"damage_taken":0},{"event_name":"Mushrooms","player_choice":"Fought Mushrooms","floor":12,"damage_taken":0},{"event_name":"Bonfire Elementals","player_choice":"BASIC","floor":20,"damage_taken":0}],"is_beta":true,"boss_relics":[{"not_picked":["Inserter","Lizard Tail"],"picked":"Black Star"}],"items_purged_floors":[11,21],"is_endless":false,"potions_floor_spawned":[2,12,13,14,16,18,22],"killed_by":"Collector","ascension_level":18}