{"gold_per_floor":[111,20,36,51,63,97,15,90,90,106,116,128,128,142,142,240,240,255,255,5,15,34,61,71,88,137,137,137,137],"floor_reached":29,"playtime":3168,"items_purged":[],"score":301,"play_id":"81c733c5-8504-4cd4-8d75-0e83dc51f26a","local_time":"20190123230942","is_ascension_mode":false,"campfire_choices":[{"floor":13.0,"key":"REST"},{"floor":15.0,"key":"REST"},{"floor":28,"key":"REST"}],"neow_cost":"NONE","seed_source_timestamp":0,"circlet_count":0,"master_deck":["Defend_G","Defend_G","Defend_G","Defend_G","Defend_G","Strike_G","Strike_G","Strike_G","Strike_G","Strike_G","Survivor","Neutralize","PiercingWail","Sucker Punch","Calculated Gamble","Blade Dance","Finisher","Wraith Form v2","Masterful Stab","Footwork+1","Envenom+1","Blade Dance+1","PiercingWail+1","Blade Dance+1","Tools of the Trade+1","Masterful Stab","Pain","Blade Dance+1","Footwork+1","Riddle With Holes","Madness+1","Blur+1","Noxious Fumes+1","Bouncing Flask+1","Flying Knee","Burst+1","Decay"],"special_seed":0,"relics":["Ring of the Snake","NeowsBlessing","Frozen Egg 2","Toxic Egg 2","Black Star","WarpedTongs","Ninja Scroll","Pantograph","Juzu Bracelet"],"potions_floor_usage":[],"damage_taken":[{"damage":0.0,"enemies":"Cultist","floor":1.0,"turns":1.0},{"damage":0.0,"enemies":"2 Louse","floor":3.0,"turns":1.0},{"damage":0.0,"enemies":"Small Slimes","floor":4.0,"turns":1.0},{"damage":9.0,"enemies":"2 Fungi Beasts","floor":5.0,"turns":4.0},{"damage":39.0,"enemies":"Lagavulin","floor":6.0,"turns":9.0},{"damage":8.0,"enemies":"3 Louse","floor":10.0,"turns":4.0},{"damage":0.0,"enemies":"Blue Slaver","floor":11.0,"turns":5.0},{"damage":2.0,"enemies":"Looter","floor":12.0,"turns":2.0},{"damage":3.0,"enemies":"Lots of Slimes","floor":14.0,"turns":4.0},{"damage":32.0,"enemies":"Slime Boss","floor":16.0,"turns":7.0},{"damage":0.0,"enemies":"Shell Parasite","floor":18.0,"turns":6.0},{"damage":0.0,"enemies":"3 Byrds","floor":21.0,"turns":4.0},{"damage":18.0,"enemies":"Cultist and Chosen","floor":22.0,"turns":7.0},{"damage":27.0,"enemies":"Slavers","floor":23.0,"turns":7.0},{"damage":16,"enemies":"Shelled Parasite and Fungi","floor":24,"turns":6},{"damage":13,"enemies":"Snake Plant","floor":25,"turns":7},{"damage":30,"enemies":"Book of Stabbing","floor":29,"turns":7}],"seed_played":"-7918655241753995661","potions_obtained":[{"floor":4.0,"key":"SkillPotion"},{"floor":5.0,"key":"Dexterity Potion"},{"floor":6.0,"key":"EntropicBrew"},{"floor":14.0,"key":"AttackPotion"},{"floor":21.0,"key":"FairyPotion"},{"floor":25,"key":"Swift Potion"}],"is_trial":false,"path_per_floor":["?","?","M","M","M","T","?","R","E"],"character_chosen":"THE_SILENT","items_purchased":["Sucker Punch","Calculated Gamble","Footwork+1","Blade Dance+1","Footwork+1","Riddle With Holes","Madness+1"],"campfire_rested":3,"item_purchase_floors":[2,2,7,20,20,20,20],"current_hp_per_floor":[70,70,70,70,61,22,22,11,11,3,3,1,22,19,40,8,70,70,70,70,70,52,25,9,7,7,7,28,0],"gold":137,"neow_bonus":"THREE_ENEMY_KILL","is_prod":false,"is_daily":false,"chose_seed":false,"campfire_upgraded":0,"win_rate":0.0,"timestamp":1548281382,"path_taken":["M","$","M","M","M","E","$","?","T","M","M","M","R","M","R","BOSS","M","?","$","?","M","E","M","M","T","?","R","E"],"build_version":"2019-01-23","purchased_purges":0,"victory":false,"max_hp_per_floor":[70,70,70,70,70,70,70,70,70,70,70,70,70,70,70,70,70,70,70,70,70,70,70,70,70,70,70,70,70],"card_choices":[{"not_picked":["Slice","Dash"],"picked":"PiercingWail","floor":1.0},{"not_picked":["Quick Slash","Eviscerate"],"picked":"Blade Dance","floor":3.0},{"not_picked":["Acrobatics","Crippling Poison"],"picked":"Finisher","floor":4.0},{"not_picked":["Caltrops","Sucker Punch"],"picked":"Wraith Form v2","floor":5.0},{"not_picked":["Footwork","Endless Agony"],"picked":"Masterful Stab","floor":6.0},{"not_picked":["Flying Knee","Acrobatics+1"],"picked":"Envenom+1","floor":10.0},{"not_picked":["Finisher","Backstab"],"picked":"Blade Dance+1","floor":11.0},{"not_picked":["Poisoned Stab","Malaise+1"],"picked":"PiercingWail+1","floor":12.0},{"not_picked":["Poisoned Stab","Slice"],"picked":"Blade Dance+1","floor":14.0},{"not_picked":["Bullet Time+1","Doppelganger+1"],"picked":"Tools of the Trade+1","floor":16.0},{"not_picked":["Expertise+1","Flying Knee"],"picked":"Masterful Stab","floor":18.0},{"not_picked":["Terror+1","Prepared+1"],"picked":"Blur+1","floor":21.0},{"not_picked":["Expertise+1","Quick Slash"],"picked":"Noxious Fumes+1","floor":22.0},{"not_picked":["Heel Hook","Eviscerate"],"picked":"Bouncing Flask+1","floor":23},{"not_picked":["Poisoned Stab","Expertise+1"],"picked":"Flying Knee","floor":24},{"not_picked":["Heel Hook","Terror+1"],"picked":"Burst+1","floor":25}],"player_experience":10516,"relics_obtained":[{"floor":6.0,"key":"Frozen Egg 2"},{"floor":9.0,"key":"Toxic Egg 2"},{"floor":23,"key":"Ninja Scroll"},{"floor":23,"key":"Pantograph"},{"floor":26,"key":"Juzu Bracelet"}],"event_choices":[{"damage_healed":0.0,"max_hp_gain":0.0,"max_hp_loss":0.0,"gold_gain":75.0,"event_name":"World of Goop","player_choice":"Gather Gold","floor":8.0,"gold_loss":0.0,"damage_taken":11.0},{"damage_healed":0.0,"max_hp_gain":0.0,"max_hp_loss":0.0,"gold_gain":0.0,"event_name":"Accursed Blacksmith","player_choice":"Rummage","floor":19.0,"gold_loss":0.0,"damage_taken":0.0,"relics_obtained":["WarpedTongs"],"cards_obtained":["Pain"]},{"damage_healed":0,"gold_gain":0,"player_choice":"Smashed Altar","damage_taken":0,"max_hp_gain":0,"max_hp_loss":0,"event_name":"Forgotten Altar","floor":27,"gold_loss":0,"cards_obtained":["Decay"]}],"is_beta":false,"boss_relics":[{"not_picked":["White Beast Statue","Eternal Feather"],"picked":"Black Star"}],"items_purged_floors":[],"is_endless":false,"potions_floor_spawned":[4,5,6,14,16,21,25],"killed_by":"Book of Stabbing","ascension_level":0}