{"gold_per_floor":[117,131,81,93,111,111,111,151,227,227,246,271,301,325,325,451,451,472,467,65,85,85,85,85,85,112,125,125,50,88,111,111,111],"floor_reached":33,"playtime":2038,"items_purged":["Strike_R"],"score":430,"play_id":"6a1ae8f1-d00f-4f49-986f-84879a520cd8","local_time":"20190211120115","is_ascension_mode":true,"campfire_choices":[{"data":"True Grit","floor":6.0,"key":"SMITH"},{"data":"Whirlwind","floor":10.0,"key":"SMITH"},{"floor":15,"key":"REST"},{"floor":23,"key":"REST"},{"floor":25,"key":"REST"},{"floor":28,"key":"REST"},{"floor":32,"key":"REST"}],"neow_cost":"NONE","seed_source_timestamp":997987891824134,"circlet_count":0,"master_deck":["Strike_R","Strike_R","Defend_R","Defend_R","Defend_R","Defend_R","Bash+1","Clothesline","Carnage","True Grit+1","Whirlwind+1","Evolve","Armaments","Feed","Feel No Pain","Rampage","Offering","Sword Boomerang","Ghostly Armor","Spot Weakness","Feel No Pain","Feed","True Grit","Disarm","Corruption","Power Through+1","Flame Barrier","Twin Strike+1","Armaments+1"],"special_seed":0,"relics":["Burning Blood","Golden Idol","Gambling Chip","Shuriken","Odd Mushroom","Orrery","Gremlin Horn","Strawberry","Sundial"],"potions_floor_usage":[21,24,24,33],"damage_taken":[{"damage":2.0,"enemies":"Jaw Worm","floor":1.0,"turns":3.0},{"damage":7.0,"enemies":"Small Slimes","floor":2.0,"turns":3.0},{"damage":1.0,"enemies":"2 Louse","floor":4.0,"turns":3.0},{"damage":6.0,"enemies":"Looter","floor":5.0,"turns":3.0},{"damage":29.0,"enemies":"Lagavulin","floor":8.0,"turns":7.0},{"damage":5.0,"enemies":"Blue Slaver","floor":11.0,"turns":3.0},{"damage":13,"enemies":"Exordium Thugs","floor":12,"turns":6},{"damage":0,"enemies":"The Mushroom Lair","floor":13,"turns":2},{"damage":2,"enemies":"Gremlin Gang","floor":14,"turns":2},{"damage":47,"enemies":"Slime Boss","floor":16,"turns":11},{"damage":26,"enemies":"Spheric Guardian","floor":18,"turns":7},{"damage":24,"enemies":"2 Thieves","floor":19,"turns":4},{"damage":18,"enemies":"Sentry and Sphere","floor":21,"turns":7},{"damage":45,"enemies":"Book of Stabbing","floor":24,"turns":11},{"damage":32,"enemies":"Cultist and Chosen","floor":27,"turns":10},{"damage":26,"enemies":"Slavers","floor":30,"turns":6},{"damage":16,"enemies":"Centurion and Healer","floor":31,"turns":9},{"damage":54,"enemies":"Collector","floor":33,"turns":9}],"seed_played":"7394571217295718482","potions_obtained":[{"floor":1.0,"key":"Dexterity Potion"},{"floor":4.0,"key":"SmokeBomb"},{"floor":13,"key":"PowerPotion"},{"floor":21,"key":"Swift Potion"},{"floor":30,"key":"Explosive Potion"},{"floor":31,"key":"FearPotion"}],"is_trial":false,"path_per_floor":["M","M","?","M","M","R","?","E","T","R","M","M","?","M","R","B",null,"M","M","$","M","?","R","E","R","T","M","R","?","E","M","R","B"],"character_chosen":"IRONCLAD","items_purchased":["Corruption","Gremlin Horn"],"campfire_rested":5,"item_purchase_floors":[20,20],"current_hp_per_floor":[76,75,75,80,80,80,60,37,37,37,38,31,37,44,68,27,69,49,31,31,22,22,47,8,33,40,17,45,45,31,21,51,0],"gold":111,"neow_bonus":"UPGRADE_CARD","is_prod":false,"is_daily":false,"chose_seed":false,"campfire_upgraded":2,"win_rate":0,"timestamp":1549893675,"path_taken":["M","M","?","M","M","R","?","E","T","R","M","?","?","M","R","BOSS","M","M","$","M","?","R","E","R","T","M","R","?","E","M","R","BOSS"],"build_version":"2019-01-23","purchased_purges":1,"victory":false,"max_hp_per_floor":[80,80,80,80,80,80,80,80,80,80,80,80,80,83,83,83,83,83,83,83,86,86,86,86,86,93,96,96,96,102,102,102,102],"card_choices":[{"not_picked":["Fire Breathing","Sever Soul"],"picked":"Clothesline","floor":1.0},{"not_picked":["Heavy Blade","Body Slam"],"picked":"Carnage","floor":2.0},{"not_picked":["Heavy Blade","Thunderclap"],"picked":"True Grit","floor":4.0},{"not_picked":["Sentinel","Wild Strike"],"picked":"Whirlwind","floor":5.0},{"not_picked":["Havoc","Sword Boomerang"],"picked":"Evolve","floor":8.0},{"not_picked":["Fire Breathing","Heavy Blade"],"picked":"Armaments","floor":11.0},{"not_picked":["Sword Boomerang","Rupture"],"picked":"Feed","floor":12},{"not_picked":["Metallicize","Reckless Charge"],"picked":"Feel No Pain","floor":13},{"not_picked":["Cleave","Battle Trance"],"picked":"Rampage","floor":14},{"not_picked":["Feed","Berserk"],"picked":"Offering","floor":16},{"not_picked":["True Grit","Cleave"],"picked":"Sword Boomerang","floor":17},{"not_picked":["Rampage","Pommel Strike"],"picked":"Ghostly Armor","floor":17},{"not_picked":["Armaments","Seeing Red"],"picked":"Spot Weakness","floor":17},{"not_picked":["Wild Strike","Reckless Charge"],"picked":"Feel No Pain","floor":17},{"not_picked":["Iron Wave","Sentinel"],"picked":"Feed","floor":17},{"not_picked":["Combust","Anger"],"picked":"True Grit","floor":18},{"not_picked":["Barricade","Uppercut"],"picked":"Disarm","floor":19},{"not_picked":["Corruption","Sword Boomerang+1"],"picked":"Power Through+1","floor":21},{"not_picked":["Flex","Sword Boomerang"],"picked":"Flame Barrier","floor":27},{"not_picked":["Sword Boomerang","Armaments+1"],"picked":"Twin Strike+1","floor":30},{"not_picked":["Iron Wave+1","Thunderclap"],"picked":"Armaments+1","floor":31}],"player_experience":306362,"relics_obtained":[{"floor":8.0,"key":"Gambling Chip"},{"floor":9.0,"key":"Shuriken"},{"floor":13,"key":"Odd Mushroom"},{"floor":26,"key":"Strawberry"},{"floor":30,"key":"Sundial"}],"event_choices":[{"cards_removed":["Strike_R"],"damage_healed":0.0,"max_hp_gain":0.0,"max_hp_loss":0.0,"gold_gain":0.0,"event_name":"The Cleric","player_choice":"Card Removal","floor":3.0,"gold_loss":50.0,"damage_taken":0.0},{"damage_healed":0.0,"max_hp_gain":0.0,"max_hp_loss":0.0,"gold_gain":0.0,"event_name":"Golden Idol","player_choice":"Take Damage","floor":7.0,"gold_loss":0.0,"damage_taken":20.0,"relics_obtained":["Golden Idol"]},{"damage_healed":0,"gold_gain":0,"player_choice":"Fought Mushrooms","damage_taken":0,"max_hp_gain":0,"max_hp_loss":0,"event_name":"Mushrooms","floor":13,"gold_loss":0},{"damage_healed":0,"gold_gain":0,"player_choice":"Ignored","damage_taken":0,"max_hp_gain":0,"max_hp_loss":0,"event_name":"Vampires","floor":22,"gold_loss":0},{"cards_removed":["Strike_R"],"damage_healed":0,"gold_gain":0,"player_choice":"Gave Gold","damage_taken":0,"max_hp_gain":0,"max_hp_loss":0,"event_name":"Beggar","floor":29,"gold_loss":75}],"is_beta":false,"boss_relics":[{"not_picked":["Runic Dome","Lizard Tail"],"picked":"Orrery"}],"items_purged_floors":[20],"is_endless":false,"potions_floor_spawned":[1,4,13,21,30,31],"killed_by":"Collector","ascension_level":8}