{"gold_per_floor":[111,130,140,59,77,77,88,118,118,13,339,339,368,368,368,444,444,458,458,69,13,27,53,53,86,133,133,149,165,192,207,207,279,279,289,313,329,348,348,348,378,378,378,395,14,14],"floor_reached":46,"playtime":1906,"items_purged":["Strike_R","Strike_R"],"score":1032,"play_id":"b1fbfbb4-e23a-4cfb-80f4-c208ddf8039d","local_time":"20181203211453","is_ascension_mode":true,"campfire_choices":[{"data":"Inflame","floor":6,"key":"SMITH"},{"data":"Whirlwind","floor":12,"key":"SMITH"},{"data":"Inflame","floor":15,"key":"SMITH"},{"data":"True Grit","floor":24,"key":"SMITH"},{"data":"Armaments","floor":27,"key":"SMITH"},{"data":"Limit Break","floor":32,"key":"SMITH"},{"floor":40,"key":"REST"}],"neow_cost":"NONE","seed_source_timestamp":1737215995757993,"circlet_count":0,"master_deck":["AscendersBane","Strike_R","Strike_R","Defend_R","Defend_R","Defend_R","Defend_R","Bash","Inflame+1","Anger","Whirlwind+1","Flame Barrier+1","Inflame+1","Headbutt","Sword Boomerang","True Grit+1","Clothesline","Immolate","Anger+1","Armaments+1","Headbutt","Shrug It Off","Spot Weakness+1","Sword Boomerang","Limit Break+1","Impervious","Thunderclap","Shrug It Off+1","Finesse","Shrug It Off"],"relics":["Black Blood","Odd Mushroom","Turnip","Old Coin","Thread and Needle","Chemical X","Pen Nib","Incense Burner","Happy Flower","Potion Belt","Orichalcum","Fusion Hammer","Juzu Bracelet","Shuriken","Bottled Flame","Art of War"],"potions_floor_usage":[2,7,11,13,18,23,25,30,33,46,46],"damage_taken":[{"damage":6,"enemies":"Cultist","floor":1,"turns":3},{"damage":2,"enemies":"Jaw Worm","floor":2,"turns":4},{"damage":5,"enemies":"2 Louse","floor":3,"turns":4},{"damage":34,"enemies":"Exordium Thugs","floor":5,"turns":4},{"damage":4,"enemies":"Red Slaver","floor":7,"turns":4},{"damage":19,"enemies":"The Mushroom Lair","floor":8,"turns":3},{"damage":18,"enemies":"Lagavulin","floor":11,"turns":7},{"damage":8,"enemies":"3 Sentries","floor":13,"turns":8},{"damage":16,"enemies":"Hexaghost","floor":16,"turns":8},{"damage":11,"enemies":"Shell Parasite","floor":18,"turns":3},{"damage":0,"enemies":"3 Byrds","floor":22,"turns":2},{"damage":0,"enemies":"Slavers","floor":23,"turns":1},{"damage":8,"enemies":"Gremlin Leader","floor":25,"turns":4},{"damage":15,"enemies":"Centurion and Healer","floor":28,"turns":5},{"damage":18,"enemies":"Snecko","floor":29,"turns":5},{"damage":22,"enemies":"Slavers","floor":30,"turns":3},{"damage":16,"enemies":"Chosen and Byrds","floor":31,"turns":4},{"damage":21,"enemies":"Champ","floor":33,"turns":9},{"damage":2,"enemies":"Orb Walker","floor":35,"turns":2},{"damage":13,"enemies":"3 Shapes","floor":37,"turns":6},{"damage":39,"enemies":"Spire Growth","floor":38,"turns":5},{"damage":12,"enemies":"Nemesis","floor":41,"turns":7},{"damage":15,"enemies":"3 Darklings","floor":44,"turns":2},{"damage":67,"enemies":"Giant Head","floor":46,"turns":7}],"seed_played":"7761888733954537246","potions_obtained":[{"floor":0,"key":"Block Potion"},{"floor":0,"key":"Regen Potion"},{"floor":5,"key":"FearPotion"},{"floor":11,"key":"PowerPotion"},{"floor":16,"key":"SteroidPotion"},{"floor":18,"key":"LiquidBronze"},{"floor":22,"key":"Explosive Potion"},{"floor":23,"key":"Fire Potion"},{"floor":29,"key":"BloodPotion"},{"floor":41,"key":"GamblersBrew"}],"is_trial":false,"path_per_floor":["M","M","M","$","M","R","M","?","T","$","E","R","E","?","R","B",null,"M","?","$","$","M","E","R","E","T","R","M","M","E","M","R","B",null,"M","T","M","M","?","R","E","?","T","M","$","E"],"character_chosen":"IRONCLAD","items_purchased":["Whirlwind","Sword Boomerang","Chemical X","Pen Nib","Armaments","Shrug It Off","Art of War","Dexterity Potion"],"campfire_rested":1,"item_purchase_floors":[4,10,20,20,21,45,45,45],"current_hp_per_floor":[68,72,73,73,45,45,47,34,34,34,37,37,35,35,35,25,63,62,62,62,62,72,75,75,75,75,75,70,62,50,44,44,40,66,74,74,71,42,42,64,62,62,62,57,57,0],"gold":14,"neow_bonus":"THREE_SMALL_POTIONS","is_prod":false,"is_daily":false,"chose_seed":false,"campfire_upgraded":6,"win_rate":0,"timestamp":1543896893,"path_taken":["M","M","M","$","?","R","M","?","T","$","E","R","E","?","R","BOSS","M","?","?","$","M","E","R","E","T","R","M","M","E","M","R","BOSS","M","?","M","M","?","R","E","?","T","M","$","E"],"build_version":"2018-11-15","purchased_purges":2,"victory":false,"max_hp_per_floor":[75,75,75,75,75,75,75,75,75,75,75,75,75,75,75,75,75,75,75,75,75,75,75,75,75,75,75,75,75,75,75,75,75,75,75,75,75,75,75,75,75,75,75,75,75,75],"card_choices":[{"not_picked":["Perfected Strike","Heavy Blade"],"picked":"Inflame","floor":1},{"not_picked":["Sword Boomerang","Warcry"],"picked":"Anger","floor":2},{"not_picked":["Flex","Iron Wave","Wild Strike"],"picked":"SKIP","floor":3},{"not_picked":["Flex","Iron Wave","Wild Strike"],"picked":"SKIP","floor":3},{"not_picked":["Cleave","Heavy Blade"],"picked":"Flame Barrier","floor":5},{"not_picked":["Havoc","Pummel"],"picked":"Inflame","floor":7},{"not_picked":["Blood for Blood","Brutality"],"picked":"Headbutt","floor":8},{"not_picked":["Havoc","Thunderclap"],"picked":"True Grit","floor":11},{"not_picked":["Flex","Anger"],"picked":"Clothesline","floor":13},{"not_picked":["Exhume","Brutality"],"picked":"Immolate","floor":16},{"not_picked":["Reckless Charge","Warcry"],"picked":"Anger+1","floor":18},{"not_picked":["Clash","Anger","Hemokinesis"],"picked":"SKIP","floor":22},{"not_picked":["Warcry","Twin Strike"],"picked":"Headbutt","floor":23},{"not_picked":["Clash","Uppercut"],"picked":"Shrug It Off","floor":25},{"not_picked":["Sever Soul","True Grit"],"picked":"Spot Weakness","floor":28},{"not_picked":["Iron Wave","Perfected Strike"],"picked":"Sword Boomerang","floor":29},{"not_picked":["Carnage","Flex+1"],"picked":"Limit Break","floor":30},{"not_picked":["Perfected Strike","True Grit","Flex"],"picked":"SKIP","floor":31},{"not_picked":["Berserk","Dark Embrace"],"picked":"Impervious","floor":33},{"not_picked":["Iron Wave","Headbutt"],"picked":"Thunderclap","floor":35},{"not_picked":["Entrench","Searing Blow","Carnage"],"picked":"SKIP","floor":37},{"not_picked":["Thunderclap+1","Sword Boomerang"],"picked":"Shrug It Off+1","floor":38},{"not_picked":["Mind Blast","Good Instincts"],"picked":"Finesse","floor":39},{"not_picked":["Heavy Blade","Searing Blow+1","Body Slam"],"picked":"SKIP","floor":41},{"not_picked":["Power Through","Thunderclap","Heavy Blade"],"picked":"SKIP","floor":44}],"player_experience":1166513,"relics_obtained":[{"floor":8,"key":"Odd Mushroom"},{"floor":9,"key":"Turnip"},{"floor":11,"key":"Old Coin"},{"floor":13,"key":"Thread and Needle"},{"floor":23,"key":"Incense Burner"},{"floor":25,"key":"Happy Flower"},{"floor":26,"key":"Potion Belt"},{"floor":30,"key":"Orichalcum"},{"floor":36,"key":"Juzu Bracelet"},{"floor":41,"key":"Shuriken"},{"floor":43,"key":"Bottled Flame"}],"event_choices":[{"damage_healed":0,"gold_gain":0,"player_choice":"Fought Mushrooms","damage_taken":0,"max_hp_gain":0,"max_hp_loss":0,"event_name":"Mushrooms","floor":8,"gold_loss":0},{"damage_healed":0,"gold_gain":0,"player_choice":"Grow","damage_taken":0,"max_hp_gain":0,"max_hp_loss":0,"event_name":"Living Wall","floor":14,"gold_loss":0,"cards_upgraded":["Flame Barrier"]},{"cards_removed":["Strike_R"],"damage_healed":0,"gold_gain":0,"player_choice":"Offered Basic","damage_taken":0,"max_hp_gain":0,"max_hp_loss":0,"event_name":"Bonfire Elementals","floor":19,"gold_loss":0},{"damage_healed":0,"gold_gain":0,"player_choice":"Memory 1","damage_taken":0,"max_hp_gain":0,"max_hp_loss":0,"event_name":"SensoryStone","floor":39,"gold_loss":0},{"damage_healed":0,"gold_gain":0,"player_choice":"Upgraded","damage_taken":0,"max_hp_gain":0,"max_hp_loss":0,"event_name":"Upgrade Shrine","floor":42,"gold_loss":0,"cards_upgraded":["Spot Weakness"]}],"is_beta":true,"boss_relics":[{"not_picked":["Tiny House","Runic Cube"],"picked":"Black Blood"},{"not_picked":["Orrery","Lizard Tail"],"picked":"Fusion Hammer"}],"items_purged_floors":[10,45],"is_endless":false,"potions_floor_spawned":[1,5,11,16,18,22,23,29,41],"killed_by":"Giant Head","ascension_level":18}