{"gold_per_floor":[118,132,147,164,58,58,69,144,144,144,144,177,49,64,64,162,162,176,187,187,187,34,34,9,40,40,40,56,76,91,106,106,211,261,279,291,291,305,305,305],"floor_reached":40,"playtime":3480,"items_purged":["Strike_G"],"score":435,"play_id":"d1c7dc63-2565-4ad8-b9c4-43f6b36535e2","local_time":"20190210035407","is_ascension_mode":false,"campfire_choices":[{"floor":10,"key":"REST"},{"data":"Backstab","floor":15,"key":"SMITH"},{"floor":23,"key":"REST"},{"floor":27,"key":"REST"},{"floor":32,"key":"REST"}],"neow_cost":"NONE","seed_source_timestamp":39639907652700,"circlet_count":0,"master_deck":["Defend_G","Defend_G","Defend_G","Defend_G","Defend_G","Strike_G","Strike_G","Strike_G","Strike_G","Survivor","Neutralize","Noxious Fumes+1","Slice","Bouncing Flask","Footwork","Leg Sweep","Backflip","Backstab+1","Poisoned Stab","Tools of the Trade","Well Laid Plans","Poisoned Stab","Escape Plan","Blade Dance","Cloak And Dagger","Accuracy","Deflect","Backflip","Catalyst","A Thousand Cuts","Deflect","Writhe"],"relics":["Ring of the Snake","Dodecahedron","Question Card","WristBlade","Ninja Scroll","PreservedInsect","Incense Burner","Paper Crane","Tiny House"],"potions_floor_usage":[12,16,28,33,33,35,36,38,40,40],"damage_taken":[{"damage":0,"enemies":"Cultist","floor":1,"turns":5},{"damage":0,"enemies":"Small Slimes","floor":2,"turns":5},{"damage":2,"enemies":"Jaw Worm","floor":3,"turns":5},{"damage":4,"enemies":"Blue Slaver","floor":4,"turns":4},{"damage":0,"enemies":"Exordium Thugs","floor":7,"turns":5},{"damage":2,"enemies":"Gremlin Nob","floor":12,"turns":4},{"damage":1,"enemies":"Lots of Slimes","floor":14,"turns":5},{"damage":45,"enemies":"Slime Boss","floor":16,"turns":12},{"damage":0,"enemies":"Spheric Guardian","floor":18,"turns":5},{"damage":15,"enemies":"2 Thieves","floor":19,"turns":5},{"damage":12,"enemies":"Slavers","floor":25,"turns":6},{"damage":0,"enemies":"Snecko","floor":28,"turns":5},{"damage":14,"enemies":"Sentry and Sphere","floor":29,"turns":5},{"damage":0,"enemies":"Shelled Parasite and Fungi","floor":30,"turns":4},{"damage":0,"enemies":"Snecko","floor":31,"turns":5},{"damage":28,"enemies":"Automaton","floor":33,"turns":10},{"damage":28,"enemies":"3 Darklings","floor":35,"turns":5},{"damage":0,"enemies":"Orb Walker","floor":36,"turns":4},{"damage":12,"enemies":"3 Darklings","floor":38,"turns":6},{"damage":80,"enemies":"Giant Head","floor":40,"turns":9}],"seed_played":"-3133036830761023902","potions_obtained":[{"floor":3,"key":"PowerPotion"},{"floor":12,"key":"FearPotion"},{"floor":16,"key":"Poison Potion"},{"floor":19,"key":"Swift Potion"},{"floor":25,"key":"EntropicBrew"},{"floor":29,"key":"SkillPotion"},{"floor":30,"key":"EssenceOfSteel"},{"floor":33,"key":"Poison Potion"},{"floor":34,"key":"Explosive Potion"},{"floor":35,"key":"Poison Potion"},{"floor":36,"key":"EssenceOfSteel"}],"is_trial":false,"path_per_floor":["M","M","M","M","$","?","M","?","T","R","?","E","$","M","R","B",null,"M","M","?","T","$","R","$","E","T","R","M","M","M","M","R","B",null,"M","M","?","M","?","E"],"character_chosen":"THE_SILENT","items_purchased":["Leg Sweep","Backflip","Poisoned Stab","PreservedInsect","Poisoned Stab"],"campfire_rested":4,"item_purchase_floors":[5,5,13,22,24],"current_hp_per_floor":[77,77,75,71,71,76,76,65,65,82,82,80,80,79,79,34,82,82,67,51,51,51,77,77,65,65,87,87,73,73,73,87,59,92,64,64,64,52,75,0],"gold":305,"neow_bonus":"TEN_PERCENT_HP_BONUS","is_prod":false,"is_daily":false,"chose_seed":false,"campfire_upgraded":1,"win_rate":0.0,"timestamp":1549799647,"path_taken":["M","M","M","?","$","?","M","?","T","R","?","E","?","M","R","BOSS","M","M","?","?","$","R","?","E","T","R","?","M","M","M","R","BOSS","M","M","?","M","?","E"],"build_version":"2019-01-23","purchased_purges":1,"victory":false,"max_hp_per_floor":[77,77,77,77,77,82,82,82,82,82,82,82,82,82,82,82,82,82,82,87,87,87,87,87,87,87,87,87,87,87,87,87,87,92,92,92,92,92,92,92],"card_choices":[{"not_picked":["Dodge and Roll","Dagger Spray"],"picked":"Noxious Fumes","floor":1},{"not_picked":["Dodge and Roll","Bane"],"picked":"Slice","floor":2},{"not_picked":["Underhanded Strike","Cloak And Dagger"],"picked":"Bouncing Flask","floor":3},{"not_picked":["Sucker Punch","Deflect"],"picked":"Footwork","floor":4},{"not_picked":["Dagger Spray","Prepared","Predator"],"picked":"SKIP","floor":7},{"not_picked":["Quick Slash","Slice"],"picked":"Backstab","floor":12},{"not_picked":["Prepared","Night Terror","Choke"],"picked":"Blade Dance","floor":14},{"not_picked":["Burst","Adrenaline","Die Die Die"],"picked":"Tools of the Trade","floor":16},{"not_picked":["Dagger Spray+1","Sucker Punch","Leg Sweep"],"picked":"Well Laid Plans","floor":18},{"not_picked":["Dash","Masterful Stab","Outmaneuver+1","Dodge and Roll+1"],"picked":"SKIP","floor":19},{"not_picked":["Blade Dance","Venomology","Dagger Spray+1"],"picked":"Escape Plan","floor":25},{"not_picked":["Bane+1","Predator","Tactician"],"picked":"Blade Dance","floor":28},{"not_picked":["Finisher+1","Heel Hook","Glass Knife"],"picked":"Cloak And Dagger","floor":29},{"not_picked":["Outmaneuver","Reflex","Eviscerate+1"],"picked":"Accuracy","floor":30},{"not_picked":["Well Laid Plans","Dagger Spray+1","Outmaneuver+1"],"picked":"Deflect","floor":31},{"not_picked":["Underhanded Strike","Dodge and Roll","Dagger Spray"],"picked":"Backflip","floor":34},{"not_picked":["Backflip+1","Bane+1","Outmaneuver+1"],"picked":"Catalyst","floor":35},{"not_picked":["Distraction+1","Slice","Backflip+1"],"picked":"A Thousand Cuts","floor":36},{"not_picked":["Dash+1","Backflip+1","Flying Knee"],"picked":"Deflect","floor":38}],"player_experience":100375,"relics_obtained":[{"floor":9,"key":"Dodecahedron"},{"floor":12,"key":"Question Card"},{"floor":21,"key":"Ninja Scroll"},{"floor":25,"key":"Incense Burner"},{"floor":26,"key":"Paper Crane"}],"event_choices":[{"damage_healed":0,"gold_gain":0,"player_choice":"Donut","damage_taken":0,"max_hp_gain":5,"max_hp_loss":0,"event_name":"Big Fish","floor":6,"gold_loss":0},{"damage_healed":0,"gold_gain":75,"player_choice":"Gather Gold","damage_taken":11,"max_hp_gain":0,"max_hp_loss":0,"event_name":"World of Goop","floor":8,"gold_loss":0},{"damage_healed":0,"gold_gain":0,"player_choice":"Ignored","damage_taken":0,"max_hp_gain":0,"max_hp_loss":0,"event_name":"Liars Game","floor":11,"gold_loss":0},{"damage_healed":0,"gold_gain":0,"player_choice":"Shed Blood","damage_taken":21,"max_hp_gain":5,"max_hp_loss":0,"event_name":"Forgotten Altar","floor":20,"gold_loss":0},{"cards_removed":["Blade Dance"],"damage_healed":0,"gold_gain":0,"player_choice":"Removed Skill","damage_taken":0,"max_hp_gain":0,"max_hp_loss":0,"event_name":"Falling","floor":37,"gold_loss":0},{"damage_healed":23,"gold_gain":0,"player_choice":"Writhe","damage_taken":0,"max_hp_gain":0,"max_hp_loss":0,"event_name":"Winding Halls","floor":39,"gold_loss":0,"cards_obtained":["Writhe"]}],"is_beta":false,"boss_relics":[{"not_picked":["Cursed Key","Orrery"],"picked":"WristBlade"},{"not_picked":["Calling Bell","Philosopher\u0027s Stone"],"picked":"Tiny House"}],"items_purged_floors":[13],"is_endless":false,"potions_floor_spawned":[3,12,16,19,25,29,30,33,35,36],"killed_by":"Giant Head","ascension_level":0}