{"gold_per_floor":[111,61,75,90,108,108,123,157,157,157,182,182,60,80,80,180,180,151,162,180,180],"floor_reached":21,"playtime":1134,"items_purged":["Strike_B"],"score":212,"play_id":"3fe37926-7198-4eaa-ab79-2d7bfa7cd36d","local_time":"20181021202440","is_ascension_mode":true,"campfire_choices":[{"data":"Zap","floor":6,"key":"SMITH"},{"data":"Defragment","floor":10,"key":"SMITH"},{"floor":15,"key":"REST"}],"neow_cost":"NONE","seed_source_timestamp":35291410817680,"circlet_count":0,"master_deck":["Strike_B","Defend_B","Defend_B","Defend_B","Defend_B","Zap+1","Dualcast","Reprogram","FTL","Turbo","Coolheaded","Defragment+1","Loop","FTL","Conserve Battery","Seek","Capacitor","White Noise","Hologram+1","Turbo+1","Static Discharge","Compile Driver"],"relics":["Cracked Core","Smiling Mask","Prayer Wheel","Matryoshka","Lantern","Black Star"],"potions_floor_usage":[8,8,11,18,19,21],"damage_taken":[{"damage":5,"enemies":"Small Slimes","floor":1,"turns":4},{"damage":2,"enemies":"Jaw Worm","floor":3,"turns":3},{"damage":4,"enemies":"2 Louse","floor":4,"turns":2},{"damage":9,"enemies":"Red Slaver","floor":5,"turns":2},{"damage":10,"enemies":"2 Fungi Beasts","floor":7,"turns":3},{"damage":7,"enemies":"Lagavulin","floor":8,"turns":7},{"damage":22,"enemies":"3 Sentries","floor":11,"turns":5},{"damage":3,"enemies":"Looter","floor":14,"turns":3},{"damage":15,"enemies":"Hexaghost","floor":16,"turns":12},{"damage":45,"enemies":"2 Thieves","floor":18,"turns":5},{"damage":0,"enemies":"3 Byrds","floor":19,"turns":2},{"damage":14,"enemies":"Cultist and Chosen","floor":20,"turns":10},{"damage":19,"enemies":"Snecko","floor":21,"turns":3}],"seed_played":"4847371257430895185","potions_obtained":[{"floor":1,"key":"GamblersBrew"},{"floor":3,"key":"Weak Potion"},{"floor":8,"key":"Explosive Potion"},{"floor":14,"key":"Dexterity Potion"},{"floor":16,"key":"FearPotion"},{"floor":18,"key":"AttackPotion"},{"floor":19,"key":"FocusPotion"}],"is_trial":false,"path_per_floor":["M","?","M","M","M","R","M","E","T","R","E","?","$","M","R","B",null,"M","M","M"],"character_chosen":"DEFECT","items_purchased":["FTL"],"campfire_rested":1,"item_purchase_floors":[13],"current_hp_per_floor":[70,70,68,64,55,55,45,38,38,38,16,16,16,13,35,20,75,30,30,16,0],"gold":180,"neow_bonus":"RANDOM_COMMON_RELIC","is_prod":false,"is_daily":false,"chose_seed":false,"campfire_upgraded":2,"win_rate":0,"timestamp":1540160680,"path_taken":["M","?","M","M","M","R","M","E","T","R","E","?","$","M","R","BOSS","M","M","M","M"],"build_version":"2018-10-18","purchased_purges":1,"victory":false,"max_hp_per_floor":[75,75,75,75,75,75,75,75,75,75,75,75,75,75,75,75,75,75,75,75,75],"card_choices":[{"not_picked":["Cold Snap","Beam Cell"],"picked":"Reprogram","floor":1},{"not_picked":["Compile Driver","Go for the Eyes"],"picked":"FTL","floor":3},{"not_picked":["Sweeping Beam","Compile Driver"],"picked":"Turbo","floor":4},{"not_picked":["Streamline","Beam Cell"],"picked":"Coolheaded","floor":5},{"not_picked":["Storm","Echo Form"],"picked":"Defragment","floor":7},{"not_picked":["White Noise","Leap"],"picked":"Loop","floor":8},{"not_picked":["Doom and Gloom","Rebound","Streamline"],"picked":"SKIP","floor":11},{"not_picked":["Doom and Gloom","Tempest"],"picked":"Conserve Battery","floor":14},{"not_picked":["Tempest","Chaos","Leap"],"picked":"SKIP","floor":14},{"not_picked":["Multi-Cast","Creative AI"],"picked":"Seek","floor":16},{"not_picked":["Self Repair","Melter"],"picked":"Capacitor","floor":18},{"not_picked":["Rebound","Reprogram"],"picked":"White Noise","floor":18},{"not_picked":["Darkness","Compile Driver"],"picked":"Hologram+1","floor":19},{"not_picked":["BootSequence","Redo"],"picked":"Turbo+1","floor":19},{"not_picked":["Self Repair","Hologram"],"picked":"Static Discharge","floor":20},{"not_picked":["Coolheaded","Ball Lightning"],"picked":"Compile Driver","floor":20}],"player_experience":107525,"relics_obtained":[{"floor":8,"key":"Prayer Wheel"},{"floor":9,"key":"Matryoshka"},{"floor":11,"key":"Lantern"}],"event_choices":[{"cards_removed":["Strike_B"],"damage_healed":0,"gold_gain":0,"player_choice":"Card Removal","damage_taken":0,"max_hp_gain":0,"max_hp_loss":0,"event_name":"The Cleric","floor":2,"gold_loss":50},{"cards_removed":["Strike_B"],"damage_healed":0,"gold_gain":0,"player_choice":"Purged","damage_taken":0,"max_hp_gain":0,"max_hp_loss":0,"event_name":"Purifier","floor":12,"gold_loss":0}],"is_beta":false,"boss_relics":[{"not_picked":["Velvet Choker","Calling Bell"],"picked":"Black Star"}],"items_purged_floors":[13],"is_endless":false,"potions_floor_spawned":[1,3,8,14,16,18,19],"killed_by":"Snecko","ascension_level":2}