{"gold_per_floor":[19,19,34,49,19,19,47,12,38,68,68,81,3,3,3,127,127,152,173,191,191],"floor_reached":21,"playtime":1342,"items_purged":[],"score":246,"play_id":"0b50ea06-7d4a-4dbf-a9b5-1aead0cff34c","local_time":"20190215180926","is_ascension_mode":true,"campfire_choices":[{"data":"Noxious Fumes","floor":6,"key":"SMITH"},{"floor":11,"key":"REST"},{"data":"Noxious Fumes","floor":15,"key":"SMITH"}],"neow_cost":"NO_GOLD","seed_source_timestamp":977734144276672,"circlet_count":0,"master_deck":["Defend_G","Defend_G+1","Defend_G","Defend_G","Defend_G","Strike_G","Strike_G","Strike_G","Survivor+1","Neutralize","Noxious Fumes+1","Noxious Fumes+1","Deflect","Crippling Poison","Blur","Calculated Gamble","Crippling Poison","Well Laid Plans","A Thousand Cuts","Well Laid Plans","Flechettes","Dodge and Roll","Endless Agony","Endless Agony+1","Dodge and Roll"],"relics":["Ring of the Snake","Centennial Puzzle","War Paint","Regal Pillow","Golden Idol","Orrery"],"potions_floor_usage":[7,21,21,21],"damage_taken":[{"damage":10,"enemies":"Jaw Worm","floor":1,"turns":11},{"damage":0,"enemies":"Small Slimes","floor":3,"turns":4},{"damage":3,"enemies":"2 Louse","floor":4,"turns":4},{"damage":0,"enemies":"Looter","floor":5,"turns":4},{"damage":23,"enemies":"Gremlin Nob","floor":7,"turns":5},{"damage":13,"enemies":"3 Sentries","floor":10,"turns":6},{"damage":9,"enemies":"Gremlin Gang","floor":12,"turns":3},{"damage":4,"enemies":"Slime Boss","floor":16,"turns":10},{"damage":8,"enemies":"Chosen","floor":18,"turns":7},{"damage":13,"enemies":"3 Byrds","floor":19,"turns":3},{"damage":15,"enemies":"Centurion and Healer","floor":20,"turns":6},{"damage":39,"enemies":"Masked Bandits","floor":21,"turns":3}],"seed_played":"-3428183151357591350","potions_obtained":[{"floor":3,"key":"Block Potion"},{"floor":7,"key":"GamblersBrew"},{"floor":12,"key":"AttackPotion"},{"floor":18,"key":"Energy Potion"},{"floor":20,"key":"GamblersBrew"}],"is_trial":false,"path_per_floor":["M","?","M","M","M","R","E","?","T","E","R","M","$","?","R","B",null,"M","M","M","?"],"character_chosen":"THE_SILENT","items_purchased":["Well Laid Plans"],"campfire_rested":1,"item_purchase_floors":[13],"current_hp_per_floor":[53,58,58,55,55,55,32,50,50,37,74,65,65,47,47,43,67,59,46,31,0],"gold":191,"neow_bonus":"REMOVE_TWO","is_prod":false,"is_daily":false,"chose_seed":false,"campfire_upgraded":2,"win_rate":0,"timestamp":1550232566,"path_taken":["M","?","M","M","M","R","E","?","T","E","R","M","$","?","R","BOSS","M","M","M","?"],"build_version":"2019-01-23","purchased_purges":0,"victory":false,"max_hp_per_floor":[70,75,75,75,75,75,75,75,75,75,75,75,75,75,75,75,75,75,75,75,75],"card_choices":[{"not_picked":["Dagger Spray","Outmaneuver"],"picked":"Noxious Fumes","floor":1},{"not_picked":["Deflect","Calculated Gamble"],"picked":"Noxious Fumes","floor":3},{"not_picked":["Flying Knee","Blade Dance"],"picked":"Deflect","floor":4},{"not_picked":["Escape Plan","Prepared"],"picked":"Crippling Poison","floor":5},{"not_picked":["Blade Dance","Choke"],"picked":"Blur","floor":7},{"not_picked":["Terror","Concentrate"],"picked":"Calculated Gamble","floor":10},{"not_picked":["Quick Slash","Bane"],"picked":"Crippling Poison","floor":12},{"not_picked":["Tools of the Trade","Die Die Die"],"picked":"A Thousand Cuts","floor":16},{"not_picked":["Blade Dance","Sucker Punch"],"picked":"Well Laid Plans","floor":17},{"not_picked":["Sucker Punch","Dagger Throw"],"picked":"Flechettes","floor":17},{"not_picked":["Tactician","Blade Dance"],"picked":"Dodge and Roll","floor":17},{"not_picked":["Underhanded Strike+1","Terror"],"picked":"Endless Agony","floor":18},{"not_picked":["Wraith Form v2","Dagger Spray+1"],"picked":"Endless Agony+1","floor":19},{"not_picked":["Slice","Masterful Stab"],"picked":"Dodge and Roll","floor":20}],"player_experience":814893,"relics_obtained":[{"floor":7,"key":"Centennial Puzzle"},{"floor":9,"key":"War Paint"},{"floor":10,"key":"Regal Pillow"}],"event_choices":[{"damage_healed":0,"gold_gain":0,"player_choice":"Donut","damage_taken":0,"max_hp_gain":5,"max_hp_loss":0,"event_name":"Big Fish","floor":2,"gold_loss":0},{"damage_healed":18,"gold_gain":0,"player_choice":"Healed","damage_taken":0,"max_hp_gain":0,"max_hp_loss":0,"event_name":"The Cleric","floor":8,"gold_loss":35},{"damage_healed":0,"gold_gain":0,"player_choice":"Take Damage","damage_taken":18,"relics_obtained":["Golden Idol"],"max_hp_gain":0,"max_hp_loss":0,"event_name":"Golden Idol","floor":14,"gold_loss":0},{"damage_healed":0,"gold_gain":0,"player_choice":"Fought Bandits","damage_taken":0,"max_hp_gain":0,"max_hp_loss":0,"event_name":"Masked Bandits","floor":21,"gold_loss":0}],"is_beta":false,"boss_relics":[{"not_picked":["Snecko Eye","Coffee Dripper"],"picked":"Orrery"}],"items_purged_floors":[],"is_endless":false,"potions_floor_spawned":[3,7,12,18,19,20],"killed_by":"Masked Bandits","ascension_level":6}