{"gold_per_floor":[117,131,144,144,144,144,176,176,222,222,222,241,241,26,26,97,97,110,110,126,136,36,36,86,86,86,86,86],"floor_reached":28,"playtime":920,"items_purged":["Strike_B","Aggregate+1"],"score":462,"play_id":"a387814d-fb46-47d7-adee-175145b2572a","local_time":"20180801215629","is_ascension_mode":true,"campfire_choices":[{"data":"Aggregate","floor":6,"key":"SMITH"},{"data":"Consume","floor":8,"key":"SMITH"},{"floor":10,"key":"REST"},{"data":"Dualcast","floor":13,"key":"SMITH"},{"data":"Defragment","floor":15,"key":"SMITH"},{"floor":23,"key":"REST"},{"data":"Buffer","floor":27,"key":"SMITH"}],"neow_cost":"TEN_PERCENT_HP_LOSS","seed_source_timestamp":648386585109657,"circlet_count":0,"master_deck":["Strike_B+1","Strike_B+1","Strike_B+1","Defend_B+1","Defend_B+1","Defend_B+1","Defend_B+1","Zap+1","Dualcast+1","AscendersBane","Seek+1","Cold Snap+1","Sweeping Beam","Consume+1","Sweeping Beam","Defragment+1","Gash","Buffer+1","Go for the Eyes","Biased Cognition","Sweeping Beam"],"relics":["Cracked Core","Art of War","Juzu Bracelet","Sozu","Emotion Chip"],"potions_floor_usage":[7,7,20,20],"damage_taken":[{"damage":8,"enemies":"Small Slimes","floor":1,"turns":3},{"damage":0,"enemies":"Cultist","floor":2,"turns":4},{"damage":2,"enemies":"2 Louse","floor":3,"turns":2},{"damage":20,"enemies":"Lagavulin","floor":7,"turns":7},{"damage":24,"enemies":"Gremlin Gang","floor":12,"turns":4},{"damage":0,"enemies":"The Guardian","floor":16,"turns":13},{"damage":10,"enemies":"Chosen","floor":18,"turns":5},{"damage":6,"enemies":"2 Thieves","floor":20,"turns":3},{"damage":30,"enemies":"Slaver and Parasite","floor":21,"turns":6},{"damage":0,"enemies":"Slavers","floor":28,"turns":1}],"seed_played":"811002756320498280","potions_obtained":[{"floor":1,"key":"EssenceOfSteel"},{"floor":3,"key":"FearPotion"},{"floor":16,"key":"Strength Potion"}],"is_trial":false,"path_per_floor":["M","M","M","?","?","R","E","R","T","R","?","M","R","$","R","B",null,"M","?","M","M","$","R","?","?","T","R"],"character_chosen":"DEFECT","items_purchased":["Defragment","Gash","Fire Potion"],"campfire_rested":2,"item_purchase_floors":[14,14,14],"current_hp_per_floor":[56,56,54,54,35,35,15,15,15,34,55,31,31,31,31,31,56,46,46,40,10,10,29,29,29,29,29,29],"gold":86,"neow_bonus":"THREE_RARE_CARDS","is_prod":false,"is_daily":false,"chose_seed":false,"campfire_upgraded":5,"win_rate":0,"timestamp":1533182189,"path_taken":["M","M","M","?","?","R","E","R","T","R","?","M","R","?","R","BOSS","M","?","M","M","$","R","?","?","T","R","E"],"build_version":"2018-07-31","purchased_purges":2,"victory":false,"max_hp_per_floor":[64,64,64,64,64,64,64,64,64,64,64,64,64,64,64,64,64,64,64,64,64,64,64,64,64,64,64,64],"card_choices":[{"not_picked":["Meteor Strike","Biased Cognition"],"picked":"Seek","floor":0},{"not_picked":["Storm","Gash"],"picked":"Cold Snap","floor":1},{"not_picked":["Rebound","Chaos"],"picked":"Sweeping Beam","floor":2},{"not_picked":["Barrage","Rebound"],"picked":"Aggregate","floor":3},{"not_picked":["Steam","Meteor Strike"],"picked":"Consume","floor":7},{"not_picked":["Heatsinks","Recycle"],"picked":"Sweeping Beam","floor":12},{"not_picked":["Hyperbeam","Thunder Strike"],"picked":"Buffer","floor":16},{"not_picked":["Turbo","Stack"],"picked":"Go for the Eyes","floor":18},{"not_picked":["Sweeping Beam","Reinforced Body"],"picked":"Biased Cognition","floor":20},{"not_picked":["Steam Power","Redo"],"picked":"Sweeping Beam","floor":21}],"player_experience":906161,"relics_obtained":[{"floor":7,"key":"Art of War"},{"floor":9,"key":"Juzu Bracelet"},{"floor":26,"key":"Emotion Chip"}],"event_choices":[{"event_name":"Accursed Blacksmith","player_choice":"Forge","floor":4,"damage_taken":0},{"event_name":"Shining Light","player_choice":"Entered Light","floor":5,"damage_taken":0},{"event_name":"Big Fish","player_choice":"Banana","floor":11,"damage_taken":0},{"event_name":"Back to Basics","player_choice":"Simplicity","floor":19,"damage_taken":0},{"event_name":"Nest","player_choice":"Stole From Cult","floor":24,"damage_taken":0},{"event_name":"Cursed Tome","player_choice":"Ignored","floor":25,"damage_taken":0}],"is_beta":true,"boss_relics":[{"not_picked":["Busted Crown","Lizard Tail"],"picked":"Sozu"}],"items_purged_floors":[14,22],"is_endless":false,"potions_floor_spawned":[1,3,16,20,21],"killed_by":"Slavers","ascension_level":15}