{"gold_per_floor":[118,193,107,47,67,67,100,65,65,94,94,108,108,123,123,195,195,172,6,6,25,43,43,74,74,97,97,116,116,135,161,161,232,232,249,267,267,277,292,292,292,292,292,312,341,360,360,32,32,32,32],"floor_reached":52,"playtime":2602,"items_purged":["Strike_B"],"score":1810,"play_id":"9cfa694a-f8ae-4873-967a-d93fd109e7bd","local_time":"20180922113716","is_ascension_mode":true,"campfire_choices":[{"data":"Zap","floor":6,"key":"SMITH"},{"floor":11,"key":"REST"},{"data":"Defragment","floor":13,"key":"SMITH"},{"data":"Auto Shields","floor":15,"key":"SMITH"},{"data":"Defragment","floor":23,"key":"SMITH"},{"floor":29,"key":"REST"},{"data":"Undo","floor":32,"key":"SMITH"},{"data":"Hologram","floor":40,"key":"SMITH"},{"data":"Skim","floor":42,"key":"SMITH"},{"floor":47,"key":"REST"},{"floor":49,"key":"REST"}],"neow_cost":"NONE","seed_source_timestamp":834252235104203,"circlet_count":0,"master_deck":["Strike_B","Strike_B","Defend_B+1","Defend_B","Defend_B+1","Defend_B","Zap+1","Dualcast","AscendersBane","Ball Lightning","Undo+1","Cold Snap","Defragment+1","BootSequence","Auto Shields+1","Electrodynamics","Glacier","Defragment+1","Undo+1","Coolheaded+1","Ball Lightning","Self Repair+1","Conserve Battery","Reinforced Body+1","Hologram+1","Skim+1","FTL","Undo","Capacitor","Cold Snap"],"relics":["Cracked Core","Art of War","Omamori","War Paint","Orichalcum","Runic Dome","Dodecahedron","Regal Pillow","Bottled Flame","Cursed Key","Ginger","Anchor","Runic Capacitor"],"potions_floor_usage":[6,16,18,28,31,33,33,35,44,51,51],"damage_taken":[{"damage":7,"enemies":"Jaw Worm","floor":1,"turns":3},{"damage":0,"enemies":"2 Louse","floor":5,"turns":3},{"damage":21,"enemies":"Lagavulin","floor":7,"turns":8},{"damage":29,"enemies":"Gremlin Nob","floor":10,"turns":4},{"damage":1,"enemies":"Cultist","floor":12,"turns":3},{"damage":10,"enemies":"3 Louse","floor":14,"turns":3},{"damage":22,"enemies":"Hexaghost","floor":16,"turns":13},{"damage":7,"enemies":"2 Thieves","floor":18,"turns":4},{"damage":11,"enemies":"Spheric Guardian","floor":21,"turns":5},{"damage":3,"enemies":"Chosen and Byrds","floor":22,"turns":4},{"damage":31,"enemies":"Book of Stabbing","floor":24,"turns":7},{"damage":0,"enemies":"Snake Plant","floor":28,"turns":4},{"damage":0,"enemies":"Snecko","floor":30,"turns":7},{"damage":5,"enemies":"Gremlin Leader","floor":31,"turns":6},{"damage":34,"enemies":"Collector","floor":33,"turns":16},{"damage":0,"enemies":"3 Darklings","floor":35,"turns":4},{"damage":0,"enemies":"Orb Walker","floor":36,"turns":5},{"damage":15,"enemies":"Transient","floor":38,"turns":6},{"damage":5,"enemies":"3 Darklings","floor":39,"turns":5},{"damage":12,"enemies":"Spire Growth","floor":44,"turns":7},{"damage":40,"enemies":"Nemesis","floor":45,"turns":13},{"damage":25,"enemies":"4 Shapes","floor":46,"turns":7},{"damage":21,"enemies":"Donu and Deca","floor":50,"turns":11},{"damage":41,"enemies":"Time Eater","floor":51,"turns":19}],"seed_played":"8954882870810121102","potions_obtained":[{"floor":5,"key":"Fruit Juice"},{"floor":7,"key":"SneckoOil"},{"floor":10,"key":"Energy Potion"},{"floor":24,"key":"LiquidBronze"},{"floor":25,"key":"EssenceOfSteel"},{"floor":25,"key":"Energy Potion"},{"floor":30,"key":"FocusPotion"},{"floor":31,"key":"SkillPotion"},{"floor":33,"key":"Regen Potion"},{"floor":36,"key":"SteroidPotion"},{"floor":38,"key":"Swift Potion"},{"floor":46,"key":"Swift Potion"}],"is_trial":false,"path_per_floor":["M","?","$","$","M","R","E","?","T","E","R","M","R","M","R","B",null,"M","$","$","M","M","R","E","?","T","?","M","R","M","E","R","B",null,"M","M","?","M","M","R","?","R","T","M","E","M","R","$","R","B","B"],"character_chosen":"DEFECT","items_purchased":["Undo","Cold Snap","Defragment","Capacitor","Runic Capacitor","Cold Snap"],"campfire_rested":4,"item_purchase_floors":[3,4,19,48,48,48],"current_hp_per_floor":[57,46,46,46,46,51,30,49,49,20,42,41,41,31,31,9,59,52,52,52,41,38,38,7,7,7,7,7,44,44,49,49,25,63,76,76,76,71,76,76,76,76,76,74,44,29,66,66,76,65,34],"gold":32,"neow_bonus":"RANDOM_COMMON_RELIC","is_prod":false,"is_daily":false,"chose_seed":false,"campfire_upgraded":7,"win_rate":0,"timestamp":1537637836,"path_taken":["M","?","?","$","M","R","E","?","T","E","R","M","R","M","R","BOSS","M","?","$","?","?","R","E","?","T","?","M","R","M","E","R","BOSS","M","?","?","M","M","R","?","R","T","M","E","M","R","$","R","BOSS","BOSS"],"build_version":"2018-09-20","purchased_purges":1,"victory":true,"max_hp_per_floor":[71,71,71,71,71,76,76,76,76,76,76,76,76,76,76,76,76,76,76,76,76,76,76,76,76,76,76,76,76,76,76,76,76,76,76,76,76,76,76,76,76,76,76,76,76,76,76,76,76,76,76],"card_choices":[{"not_picked":["Stack","Sweeping Beam"],"picked":"Ball Lightning","floor":1},{"not_picked":["Rebound","Recycle","Stack"],"picked":"SKIP","floor":5},{"not_picked":["Leap","Heatsinks"],"picked":"Defragment","floor":7},{"not_picked":["Buffer","Force Field"],"picked":"BootSequence","floor":10},{"not_picked":["Redo","Skim","Recycle"],"picked":"SKIP","floor":12},{"not_picked":["BootSequence","Coolheaded"],"picked":"Auto Shields","floor":14},{"not_picked":["Core Surge","Biased Cognition"],"picked":"Electrodynamics","floor":16},{"not_picked":["Reinforced Body","Sweeping Beam"],"picked":"Glacier","floor":18},{"not_picked":["Sweeping Beam+1","Gash"],"picked":"Undo+1","floor":21},{"not_picked":["Barrage","Sweeping Beam","Redo"],"picked":"SKIP","floor":22},{"not_picked":["Hologram","Streamline+1"],"picked":"Coolheaded+1","floor":24},{"not_picked":["Doom and Gloom","Rainbow"],"picked":"Ball Lightning","floor":28},{"not_picked":["Fusion","Lockon"],"picked":"Self Repair+1","floor":30},{"not_picked":["Turbo","Ball Lightning"],"picked":"Conserve Battery","floor":31},{"not_picked":["Blizzard","Redo"],"picked":"Reinforced Body+1","floor":35},{"not_picked":["Cold Snap","Rebound+1","Steam+1"],"picked":"SKIP","floor":36},{"not_picked":["Coolheaded","Streamline+1"],"picked":"Hologram","floor":38},{"not_picked":["Streamline","Lockon"],"picked":"Skim","floor":39},{"not_picked":["Heatsinks+1","Streamline"],"picked":"FTL","floor":44},{"not_picked":["Force Field","Aggregate"],"picked":"Undo","floor":45},{"not_picked":["Gash+1","Rip and Tear+1","Darkness"],"picked":"SKIP","floor":46}],"player_experience":1065311,"relics_obtained":[{"floor":7,"key":"Omamori"},{"floor":9,"key":"War Paint"},{"floor":10,"key":"Orichalcum"},{"floor":24,"key":"Dodecahedron"},{"floor":26,"key":"Regal Pillow"},{"floor":31,"key":"Bottled Flame"},{"floor":43,"key":"Ginger"},{"floor":45,"key":"Anchor"}],"event_choices":[{"event_name":"World of Goop","player_choice":"Gather Gold","floor":2,"damage_taken":0},{"event_name":"The Cleric","player_choice":"Healed","floor":8,"damage_taken":0},{"event_name":"The Lab","player_choice":"Got Potions","floor":25,"damage_taken":0},{"event_name":"Purifier","player_choice":"One Purge","floor":27,"damage_taken":0},{"event_name":"Tomb of Lord Red Mask","player_choice":"Ignored","floor":37,"damage_taken":0},{"event_name":"SensoryStone","player_choice":"Memory 1","floor":41,"damage_taken":0}],"is_beta":true,"boss_relics":[{"not_picked":["FrozenCore","Fusion Hammer"],"picked":"Runic Dome"},{"not_picked":["Philosopher\u0027s Stone","Nuclear Battery"],"picked":"Cursed Key"}],"items_purged_floors":[19],"is_endless":false,"potions_floor_spawned":[5,7,10,24,30,31,33,36,38,46],"ascension_level":20}