{"gold_per_floor":[112,112,129,129,147,147,322,348,348,364,364,421,434,451,451,451],"floor_reached":16,"playtime":537,"items_purged":[],"score":128,"play_id":"b84ccbd8-08c3-414c-b0f3-3bd14de48b32","local_time":"20190203193952","is_ascension_mode":true,"campfire_choices":[{"data":"Gash","floor":6,"key":"SMITH"},{"data":"Buffer","floor":15,"key":"SMITH"}],"neow_cost":"NONE","seed_source_timestamp":970231930036634,"circlet_count":0,"master_deck":["Strike_B","Strike_B","Strike_B","Defend_B","Defend_B","Defend_B","Zap","Dualcast","Go for the Eyes","Buffer+1","Reprogram+1","Gash+1","Doubt","Conserve Battery","Genetic Algorithm+1","Beam Cell","Coolheaded"],"relics":["Cracked Core","NeowsBlessing","Bronze Scales","Gremlin Horn","Tiny Chest"],"potions_floor_usage":[8,13,14,16],"damage_taken":[{"damage":0,"enemies":"Jaw Worm","floor":1,"turns":1},{"damage":0,"enemies":"Cultist","floor":3,"turns":1},{"damage":0,"enemies":"Small Slimes","floor":5,"turns":2},{"damage":30,"enemies":"3 Sentries","floor":8,"turns":6},{"damage":8,"enemies":"Gremlin Gang","floor":10,"turns":4},{"damage":0,"enemies":"Blue Slaver","floor":13,"turns":2},{"damage":0,"enemies":"3 Louse","floor":14,"turns":3},{"damage":27,"enemies":"Hexaghost","floor":16,"turns":12}],"seed_played":"-3212945873922330811","potions_obtained":[{"floor":3,"key":"Explosive Potion"},{"floor":8,"key":"Weak Potion"},{"floor":10,"key":"Explosive Potion"},{"floor":13,"key":"Swift Potion"}],"is_trial":false,"path_per_floor":["M","?","M","?","M","R","?","E","T","M","?","T","M","M","R","B"],"character_chosen":"DEFECT","items_purchased":[],"campfire_rested":0,"item_purchase_floors":[],"current_hp_per_floor":[75,75,75,75,75,75,75,45,45,37,22,22,22,22,22,0],"gold":451,"neow_bonus":"THREE_ENEMY_KILL","is_prod":false,"is_daily":false,"chose_seed":false,"campfire_upgraded":2,"win_rate":0,"timestamp":1549219192,"path_taken":["M","?","?","?","?","R","?","E","T","M","?","?","M","M","R","BOSS"],"build_version":"2019-01-23","purchased_purges":0,"victory":false,"max_hp_per_floor":[75,75,75,75,75,75,75,75,75,75,75,75,75,75,75,75],"card_choices":[{"not_picked":["Beam Cell","Barrage"],"picked":"Go for the Eyes","floor":1},{"not_picked":["Force Field","Streamline"],"picked":"Reprogram","floor":3},{"not_picked":["Glacier","Aggregate"],"picked":"Gash","floor":5},{"not_picked":["Chaos","Compile Driver"],"picked":"Conserve Battery","floor":8},{"not_picked":["Stack","Rebound"],"picked":"Genetic Algorithm","floor":10},{"not_picked":["Glacier","Redo"],"picked":"Beam Cell","floor":13},{"not_picked":["Chaos","Ball Lightning"],"picked":"Coolheaded","floor":14}],"player_experience":142707,"relics_obtained":[{"floor":8,"key":"Bronze Scales"},{"floor":9,"key":"Gremlin Horn"},{"floor":12,"key":"Tiny Chest"}],"event_choices":[{"damage_healed":0,"gold_gain":0,"cards_transformed":["Strike_B"],"player_choice":"Transformed","damage_taken":0,"max_hp_gain":0,"max_hp_loss":0,"event_name":"Transmorgrifier","floor":2,"gold_loss":0,"cards_obtained":["Buffer"]},{"cards_removed":["Defend_B"],"damage_healed":0,"gold_gain":0,"player_choice":"Purged","damage_taken":0,"max_hp_gain":0,"max_hp_loss":0,"event_name":"Purifier","floor":4,"gold_loss":0},{"damage_healed":0,"gold_gain":175,"player_choice":"AGREE","damage_taken":0,"max_hp_gain":0,"max_hp_loss":0,"event_name":"Liars Game","floor":7,"gold_loss":0,"cards_obtained":["Doubt"]},{"damage_healed":0,"gold_gain":0,"player_choice":"Entered Light","damage_taken":15,"max_hp_gain":0,"max_hp_loss":0,"event_name":"Shining Light","floor":11,"gold_loss":0,"cards_upgraded":["Reprogram","Genetic Algorithm"]}],"is_beta":false,"boss_relics":[],"items_purged_floors":[],"is_endless":false,"potions_floor_spawned":[3,8,10,13],"killed_by":"Hexaghost","ascension_level":5}