{"gold_per_floor":[110,110,39,39,49,49,79,99,177,177,208,268,268,278,278,278],"floor_reached":16,"playtime":1236,"items_purged":[],"score":138,"play_id":"6fe9d10e-1813-4d8f-8acb-be6ae9dcddba","local_time":"20190202210731","is_ascension_mode":true,"campfire_choices":[{"data":"Eviscerate","floor":6,"key":"SMITH"},{"data":"Calculated Gamble","floor":10,"key":"SMITH"},{"data":"Acrobatics","floor":15,"key":"SMITH"}],"neow_cost":"NONE","seed_source_timestamp":888388556954470,"circlet_count":0,"master_deck":["Defend_G","Defend_G","Defend_G","Defend_G","Defend_G","Strike_G","Strike_G","Strike_G","Strike_G","Strike_G","Survivor","Neutralize","Dagger Throw","Masterful Stab","Regret","Eviscerate+1","Blur","Calculated Gamble+1","Leg Sweep","Underhanded Strike","Parasite","Acrobatics+1"],"relics":["Ring of the Snake","Ancient Tea Set","Pear","Ornamental Fan","Shuriken","Boot","Blood Vial"],"potions_floor_usage":[7,11,14,16],"damage_taken":[{"damage":6,"enemies":"Jaw Worm","floor":1,"turns":5},{"damage":0,"enemies":"2 Louse","floor":5,"turns":2},{"damage":36,"enemies":"3 Sentries","floor":7,"turns":15},{"damage":1,"enemies":"Small Slimes","floor":8,"turns":4},{"damage":2,"enemies":"Gremlin Nob","floor":11,"turns":3},{"damage":45,"enemies":"3 Sentries","floor":12,"turns":16},{"damage":0,"enemies":"2 Fungi Beasts","floor":14,"turns":3},{"damage":37,"enemies":"Slime Boss","floor":16,"turns":9}],"seed_played":"-8533536970458897453","potions_obtained":[{"floor":1,"key":"Regen Potion"},{"floor":7,"key":"Fire Potion"},{"floor":12,"key":"AttackPotion"},{"floor":14,"key":"SkillPotion"}],"is_trial":false,"path_per_floor":["M","?","$","?","M","R","E","M","T","R","E","?","?","M","R","B"],"character_chosen":"THE_SILENT","items_purchased":["Masterful Stab"],"campfire_rested":0,"item_purchase_floors":[3],"current_hp_per_floor":[71,68,68,78,78,78,57,56,56,56,54,11,32,34,34,0],"gold":278,"neow_bonus":"TEN_PERCENT_HP_BONUS","is_prod":false,"is_daily":false,"chose_seed":false,"campfire_upgraded":3,"win_rate":0,"timestamp":1549138051,"path_taken":["M","?","$","?","?","R","E","M","T","R","E","?","?","M","R","BOSS"],"build_version":"2019-01-23","purchased_purges":0,"victory":false,"max_hp_per_floor":[77,77,77,87,87,87,87,87,87,87,87,87,87,87,87,87],"card_choices":[{"not_picked":["Deflect","Slice"],"picked":"Dagger Throw","floor":1},{"not_picked":["Sucker Punch","Endless Agony"],"picked":"Eviscerate","floor":5},{"not_picked":["Heel Hook","Backstab"],"picked":"Blur","floor":7},{"not_picked":["Eviscerate","Backflip"],"picked":"Calculated Gamble","floor":8},{"not_picked":["Quick Slash","Dagger Spray"],"picked":"Leg Sweep","floor":11},{"not_picked":["Backflip","Quick Slash"],"picked":"Underhanded Strike","floor":12},{"not_picked":["Outmaneuver","Reflex"],"picked":"Acrobatics","floor":14}],"player_experience":136681,"relics_obtained":[{"floor":7,"key":"Ornamental Fan"},{"floor":9,"key":"Shuriken"},{"floor":11,"key":"Boot"}],"event_choices":[{"damage_healed":0,"gold_gain":0,"player_choice":"Success","damage_taken":3,"relics_obtained":["Ancient Tea Set"],"max_hp_gain":0,"max_hp_loss":0,"event_name":"Scrap Ooze","floor":2,"gold_loss":0},{"damage_healed":0,"gold_gain":0,"player_choice":"Box","damage_taken":0,"relics_obtained":["Pear"],"max_hp_gain":0,"max_hp_loss":0,"event_name":"Big Fish","floor":4,"gold_loss":0,"cards_obtained":["Regret"]},{"damage_healed":0,"gold_gain":0,"player_choice":"Searched \u00273\u0027 times","damage_taken":0,"relics_obtained":["Blood Vial"],"max_hp_gain":0,"max_hp_loss":0,"event_name":"Dead Adventurer","floor":12,"gold_loss":0},{"damage_healed":21,"gold_gain":0,"player_choice":"Healed and dodged fight","damage_taken":0,"max_hp_gain":0,"max_hp_loss":0,"event_name":"Mushrooms","floor":13,"gold_loss":0,"cards_obtained":["Parasite"]}],"is_beta":false,"boss_relics":[],"items_purged_floors":[],"is_endless":false,"potions_floor_spawned":[1,7,12,14],"killed_by":"Slime Boss","ascension_level":1}