{"gold_per_floor":[119,99,111,111,130,130,164,164,214,247,274,285,40,40,40,113,113,130,130,150,5,5,5,30,49,72,34,45,45,45,58,58,135,135,154,154,207,9,24,24,59,79,105,105,121,132,165,27,27,27],"floor_reached":51,"playtime":2899,"items_purged":["Strike_B"],"score":1402,"play_id":"f6b9d9ff-30b9-4fbe-8d6f-0c17d8eb14e9","local_time":"20180730135016","is_ascension_mode":true,"campfire_choices":[{"data":"Zap","floor":6,"key":"SMITH"},{"data":"Go for the Eyes","floor":8,"key":"SMITH"},{"data":"Beam Cell","floor":15,"key":"SMITH"},{"data":"Steam","floor":23,"key":"SMITH"},{"data":"Coolheaded","floor":29,"key":"SMITH"},{"data":"Capacitor","floor":32,"key":"SMITH"},{"data":"Metamorphosis","floor":40,"key":"SMITH"},{"data":"Defragment","floor":44,"key":"SMITH"},{"data":"Defragment","floor":49,"key":"SMITH"}],"neow_cost":"NONE","seed_source_timestamp":444426080970573,"circlet_count":0,"master_deck":["Strike_B","Strike_B","Defend_B","Defend_B","Defend_B","Defend_B","Zap+1","Dualcast","AscendersBane","Go for the Eyes+1","Leap","Leap","Melter","Compile Driver","Coolheaded+1","Gash","All For One","Beam Cell+1","Cold Snap","All For One","Steam+1","Flash of Steel","Coolheaded","Capacitor+1","FTL","Self Repair","Cold Snap","Gash","Core Surge","Hologram","Metamorphosis+1","Reprogram","All For One","Defragment+1","BootSequence","Compile Driver","All For One","Defragment+1"],"relics":["FrozenCore","Centennial Puzzle","Anchor","Kunai","Odd Mushroom","Sundial","Ancient Tea Set","Sozu","Shovel","DollysMirror","Oddly Smooth Stone","Bronze Scales","Ornamental Fan"],"potions_floor_usage":[5,7,7,11,11,16,16,33,35,37],"damage_taken":[{"damage":10,"enemies":"Small Slimes","floor":1,"turns":3},{"damage":1,"enemies":"Cultist","floor":3,"turns":3},{"damage":3,"enemies":"2 Louse","floor":5,"turns":3},{"damage":0,"enemies":"Gremlin Nob","floor":7,"turns":3},{"damage":17,"enemies":"Lagavulin","floor":10,"turns":9},{"damage":14,"floor":11,"turns":5},{"damage":0,"enemies":"Blue Slaver","floor":12,"turns":4},{"damage":1,"enemies":"Slime Boss","floor":16,"turns":8},{"damage":0,"enemies":"Chosen","floor":18,"turns":4},{"damage":0,"enemies":"Spheric Guardian","floor":20,"turns":2},{"damage":0,"enemies":"Book of Stabbing","floor":24,"turns":6},{"damage":9,"enemies":"Snake Plant","floor":25,"turns":6},{"damage":13,"enemies":"3 Cultists","floor":28,"turns":7},{"damage":0,"enemies":"Snecko","floor":31,"turns":7},{"damage":18,"enemies":"Collector","floor":33,"turns":9},{"damage":0,"enemies":"Orb Walker","floor":35,"turns":4},{"damage":2,"floor":37,"turns":8},{"damage":0,"enemies":"Flame Bruiser 1 Orb","floor":39,"turns":3},{"damage":24,"enemies":"Giant Head","floor":41,"turns":6},{"damage":0,"enemies":"Maw","floor":42,"turns":6},{"damage":8,"enemies":"Flame Bruiser 2 Orb","floor":45,"turns":4},{"damage":1,"enemies":"Sphere and 2 Shapes","floor":46,"turns":6},{"damage":0,"enemies":"Nemesis","floor":47,"turns":5},{"damage":22,"enemies":"Awakened One","floor":50,"turns":13}],"seed_played":"-2960755098174394504","potions_obtained":[{"floor":1,"key":"SkillPotion"},{"floor":2,"key":"LiquidBronze"},{"floor":5,"key":"Fire Potion"},{"floor":7,"key":"PowerPotion"},{"floor":10,"key":"Weak Potion"},{"floor":12,"key":"EssenceOfSteel"},{"floor":24,"key":"PowerPotion"},{"floor":28,"key":"AttackPotion"},{"floor":33,"key":"Weak Potion"}],"is_trial":false,"path_per_floor":["M","?","M","?","M","R","E","R","T","E","?","M","$","?","R","B",null,"M","?","M","$","?","R","E","M","T","$","M","R","?","M","R","B",null,"M","?","?","$","M","R","E","M","T","R","M","M","E","$","R","B"],"character_chosen":"DEFECT","items_purchased":["All For One","Beam Cell","PowerPotion","Flash of Steel","Coolheaded","Self Repair","DollysMirror","All For One","Defragment"],"campfire_rested":0,"item_purchase_floors":[13,13,13,21,21,27,38,48,48],"current_hp_per_floor":[61,61,60,65,62,62,62,62,62,45,38,38,38,38,38,37,72,72,72,72,72,48,48,48,39,39,39,33,33,33,40,40,29,73,73,73,78,78,78,78,54,54,54,54,46,45,45,45,45,23],"gold":27,"neow_bonus":"TEN_PERCENT_HP_BONUS","is_prod":false,"is_daily":false,"chose_seed":false,"campfire_upgraded":9,"win_rate":0,"timestamp":1532980216,"path_taken":["M","?","M","?","M","R","E","R","T","E","?","?","$","?","R","BOSS","M","?","M","$","?","R","E","M","T","$","M","R","?","M","R","BOSS","M","?","?","?","M","R","E","?","T","R","?","M","E","$","R","BOSS"],"build_version":"2018-07-26","purchased_purges":1,"victory":true,"max_hp_per_floor":[78,78,78,83,83,83,83,83,83,83,83,83,83,83,83,83,83,83,83,83,83,88,88,88,88,88,88,88,88,88,88,88,88,88,88,88,88,88,88,88,88,88,88,88,88,88,88,88,88,88],"card_choices":[{"not_picked":["White Noise","Coolheaded"],"picked":"Go for the Eyes","floor":1},{"not_picked":["Blizzard","Reprogram"],"picked":"Leap","floor":3},{"not_picked":["Steam","Compile Driver"],"picked":"Leap","floor":5},{"not_picked":["Stack","Turbo"],"picked":"Melter","floor":7},{"not_picked":["Chaos","Steam"],"picked":"Compile Driver","floor":10},{"not_picked":["Beam Cell","Steam"],"picked":"Coolheaded","floor":11},{"not_picked":["Go for the Eyes","Scrape"],"picked":"Gash","floor":12},{"not_picked":["Lockon","Blizzard"],"picked":"Cold Snap","floor":18},{"not_picked":["Reprogram","Blizzard"],"picked":"Steam","floor":20},{"not_picked":["Rebound","Sunder"],"picked":"Capacitor","floor":24},{"not_picked":["Compile Driver+1","Heatsinks"],"picked":"FTL","floor":25},{"not_picked":["Redo","Reinforced Body"],"picked":"Cold Snap","floor":28},{"not_picked":["Conserve Battery+1","Ball Lightning"],"picked":"Gash","floor":31},{"not_picked":["Hyperbeam","Multi-Cast"],"picked":"Core Surge","floor":33},{"not_picked":["Compile Driver","Go for the Eyes"],"picked":"Hologram","floor":35},{"not_picked":["Discovery","PanicButton"],"picked":"Metamorphosis","floor":36},{"not_picked":["Genetic Algorithm","Turbo"],"picked":"Reprogram","floor":37},{"not_picked":["Coolheaded","Streamline+1","Doom and Gloom"],"picked":"SKIP","floor":39},{"not_picked":["Streamline","Static Discharge+1"],"picked":"Defragment","floor":41},{"not_picked":["Streamline","Cold Snap"],"picked":"BootSequence","floor":42},{"not_picked":["Storm","Ball Lightning"],"picked":"Compile Driver","floor":45},{"not_picked":["Rebound","Aggregate","Static Discharge"],"picked":"SKIP","floor":46},{"not_picked":["Compile Driver","Recycle","Redo"],"picked":"SKIP","floor":47}],"player_experience":872521,"relics_obtained":[{"floor":7,"key":"Centennial Puzzle"},{"floor":9,"key":"Anchor"},{"floor":10,"key":"Kunai"},{"floor":11,"key":"Odd Mushroom"},{"floor":24,"key":"Sundial"},{"floor":26,"key":"Ancient Tea Set"},{"floor":37,"key":"Shovel"},{"floor":41,"key":"Oddly Smooth Stone"},{"floor":43,"key":"Bronze Scales"},{"floor":47,"key":"Ornamental Fan"}],"event_choices":[{"event_name":"The Woman in Blue","player_choice":"Bought 1 Potion","floor":2,"damage_taken":0},{"event_name":"Big Fish","player_choice":"Donut","floor":4,"damage_taken":0},{"event_name":"Mushrooms","player_choice":"Fought Mushrooms","floor":11,"damage_taken":0},{"event_name":"Living Wall","player_choice":"Forget","floor":14,"damage_taken":0},{"event_name":"Duplicator","player_choice":"One dupe","floor":19,"damage_taken":0},{"event_name":"Forgotten Altar","player_choice":"Shed Blood","floor":22,"damage_taken":0},{"event_name":"The Mausoleum","player_choice":"No","floor":30,"damage_taken":0},{"event_name":"SensoryStone","player_choice":"Memory 1","floor":36,"damage_taken":0},{"event_name":"Mysterious Sphere","player_choice":"Fight","floor":37,"damage_taken":0}],"is_beta":true,"boss_relics":[{"not_picked":["Eternal Feather","Calling Bell"],"picked":"FrozenCore"},{"not_picked":["Empty Cage","Runic Dome"],"picked":"Sozu"}],"items_purged_floors":[13],"is_endless":false,"potions_floor_spawned":[1,5,7,10,12,24,28,33,41,42,45,46],"ascension_level":15}