{"gold_per_floor":[109,109,56,56,66,66,99,99,99,24,24,35,60,72,72,148,148,160,20,20,20,20,20,20,20,20,50,50,0,15,32,32,32],"floor_reached":33,"playtime":1181,"items_purged":["Strike_B"],"score":511,"play_id":"a1e7b4f1-26f0-4071-84ab-905e13b25d48","local_time":"20180918170545","is_ascension_mode":true,"campfire_choices":[{"data":"Sunder","floor":6,"key":"SMITH"},{"data":"Zap","floor":8,"key":"SMITH"},{"data":"Go for the Eyes","floor":11,"key":"SMITH"},{"data":"Hologram","floor":15,"key":"SMITH"},{"data":"Zap","floor":23,"key":"SMITH"},{"data":"Consume","floor":25,"key":"SMITH"},{"floor":28,"key":"REST"},{"floor":32,"key":"REST"}],"neow_cost":"NONE","seed_source_timestamp":510108822937440,"circlet_count":0,"master_deck":["Zap+1","Dualcast","AscendersBane","Sunder+1","Gash","Zap+1","Go for the Eyes+1","Ball Lightning+1","Hologram+1","Ball Lightning+1","Leap","All For One+1","Compile Driver+1","Cold Snap+1","Capacitor","Scrape+1","Consume+1","Tempest","Conserve Battery","FTL+1","Leap","Scrape+1","Gash+1","Cold Snap+1"],"relics":["Cracked Core","Molten Egg 2","Pen Nib","Lantern","Pandora\u0027s Box","Toxic Egg 2","DataDisk"],"potions_floor_usage":[7,16,18,18,27],"damage_taken":[{"damage":1,"enemies":"Cultist","floor":1,"turns":3},{"damage":1,"enemies":"2 Louse","floor":5,"turns":3},{"damage":6,"enemies":"Gremlin Nob","floor":7,"turns":3},{"damage":7,"enemies":"Jaw Worm","floor":12,"turns":2},{"damage":10,"enemies":"Lagavulin","floor":13,"turns":5},{"damage":24,"enemies":"Blue Slaver","floor":14,"turns":4},{"damage":15,"enemies":"Hexaghost","floor":16,"turns":6},{"damage":11,"enemies":"2 Thieves","floor":18,"turns":2},{"damage":0,"enemies":"Colosseum Slavers","floor":22,"turns":2},{"damage":50,"enemies":"Book of Stabbing","floor":27,"turns":5},{"damage":9,"enemies":"Shell Parasite","floor":30,"turns":2},{"damage":0,"enemies":"Sentry and Sphere","floor":31,"turns":2},{"damage":51,"enemies":"Champ","floor":33,"turns":8}],"seed_played":"-862065505939188264","potions_obtained":[{"floor":1,"key":"Energy Potion"},{"floor":13,"key":"Strength Potion"},{"floor":14,"key":"Explosive Potion"},{"floor":16,"key":"PowerPotion"},{"floor":18,"key":"Block Potion"}],"is_trial":false,"path_per_floor":["M","?","$","?","M","R","E","R","T","$","R","M","E","M","R","B",null,"M","$","?","?","?","R","$","R","T","E","R","?","M","M","R"],"character_chosen":"DEFECT","items_purchased":["Gash","FTL+1","Leap"],"campfire_rested":2,"item_purchase_floors":[3,19,19],"current_hp_per_floor":[63,81,81,81,80,80,74,74,74,74,74,67,57,33,33,18,65,54,54,54,54,54,54,54,54,54,4,28,28,19,19,43,0],"gold":32,"neow_bonus":"ONE_RANDOM_RARE_CARD","is_prod":false,"is_daily":false,"chose_seed":false,"campfire_upgraded":6,"win_rate":0,"timestamp":1537311945,"path_taken":["M","?","?","?","M","R","E","R","T","?","R","?","E","M","R","BOSS","M","$","?","?","?","R","$","R","T","E","R","?","?","M","R","BOSS"],"build_version":"2018-09-18","purchased_purges":1,"victory":false,"max_hp_per_floor":[71,81,81,81,81,81,81,81,81,81,81,81,81,81,81,81,81,81,81,81,81,81,81,81,81,81,81,81,81,81,81,81,81],"card_choices":[{"not_picked":["Self Repair","Barrage"],"picked":"Sunder","floor":1},{"not_picked":["Coolheaded","Melter"],"picked":"Go for the Eyes","floor":5},{"not_picked":["Chill","Chaos"],"picked":"Ball Lightning","floor":7},{"not_picked":["Storm","Redo"],"picked":"Hologram","floor":12},{"not_picked":["Compile Driver+1","Storm"],"picked":"Ball Lightning+1","floor":13},{"not_picked":["Rebound+1","Beam Cell+1"],"picked":"Leap","floor":14},{"not_picked":["Machine Learning","Biased Cognition"],"picked":"All For One+1","floor":16},{"not_picked":["Ball Lightning+1","Hologram"],"picked":"Conserve Battery","floor":18},{"not_picked":["Redo+1","Stack+1"],"picked":"Scrape+1","floor":27},{"not_picked":["Lockon+1","Beam Cell+1"],"picked":"Gash+1","floor":30},{"not_picked":["Ball Lightning+1","Compile Driver+1"],"picked":"Cold Snap+1","floor":31}],"player_experience":1027081,"relics_obtained":[{"floor":7,"key":"Molten Egg 2"},{"floor":9,"key":"Pen Nib"},{"floor":13,"key":"Lantern"},{"floor":26,"key":"Toxic Egg 2"},{"floor":27,"key":"DataDisk"}],"event_choices":[{"event_name":"Bonfire Elementals","player_choice":"RARE","floor":2,"damage_taken":0},{"event_name":"Match and Keep!","player_choice":"1 cards matched","floor":4,"damage_taken":0},{"event_name":"Wheel of Change","player_choice":"Card Removal","floor":20,"damage_taken":0},{"event_name":"Colosseum","player_choice":"Fight","floor":22,"damage_taken":0},{"event_name":"Colosseum","player_choice":"Fled From Nobs","floor":22,"damage_taken":0},{"event_name":"Masked Bandits","player_choice":"Paid Fearfully","floor":29,"damage_taken":0}],"is_beta":true,"boss_relics":[{"not_picked":["Coffee Dripper","Empty Cage"],"picked":"Pandora\u0027s Box"}],"items_purged_floors":[10],"is_endless":false,"potions_floor_spawned":[1,13,14,16,18],"killed_by":"Champ","ascension_level":18}