{"gold_per_floor":[114,125,125,141,153,153,13,38,62,62,88,146,176,193,193,264,264,277,192,205,205,216,216,235,235,235,235,266,266,278,45,45,119,119,130,130,130,146,160,160,15,48,48,0,0,14,49,66,66,66,66,66,66,9,44,44],"floor_reached":56,"playtime":2758,"items_purged":["Strike_R","Strike_R"],"score":1920,"play_id":"e34927b8-d6b0-4716-a2eb-fb845592952a","local_time":"20190117214054","is_ascension_mode":true,"campfire_choices":[{"data":"Whirlwind","floor":6,"key":"SMITH"},{"data":"Spot Weakness","floor":10,"key":"SMITH"},{"data":"True Grit","floor":15,"key":"SMITH"},{"data":"Uppercut","floor":23,"key":"SMITH"},{"data":"Flame Barrier","floor":25,"key":"SMITH"},{"data":"Spot Weakness","floor":29,"key":"SMITH"},{"floor":32,"key":"RECALL"},{"data":"Shrug It Off","floor":40,"key":"SMITH"},{"data":"Pommel Strike","floor":49,"key":"SMITH"},{"data":"Intimidate","floor":53,"key":"SMITH"}],"neow_cost":"NONE","seed_source_timestamp":702786140006394,"circlet_count":0,"master_deck":["AscendersBane","Strike_R","Strike_R","Defend_R","Defend_R","Defend_R+1","Defend_R+1","Bash+1","Intimidate+1","Shrug It Off+1","Whirlwind+1","Sword Boomerang+1","Spot Weakness+1","True Grit+1","Pommel Strike+1","Uppercut+1","Impervious","Offering","Flame Barrier+1","Pommel Strike+1","Spot Weakness+1","Shrug It Off+1","Reaper","Pummel","Disarm"],"relics":["Burning Blood","War Paint","Odd Mushroom","Orichalcum","Boot","Whetstone","Anchor","Snecko Eye","Kunai","Letter Opener","Pocketwatch","Vajra","Busted Crown","Gambling Chip","Bottled Lightning","Red Mask","Gremlin Horn","Bird Faced Urn","Blood Vial"],"potions_floor_usage":[5,11,12,13,28,28,39,42,46,47],"damage_taken":[{"damage":0,"enemies":"2 Louse","floor":1,"turns":3},{"damage":2,"enemies":"Small Slimes","floor":2,"turns":3},{"damage":0,"enemies":"Cultist","floor":4,"turns":3},{"damage":16,"enemies":"Exordium Thugs","floor":5,"turns":6},{"damage":23,"enemies":"The Mushroom Lair","floor":8,"turns":4},{"damage":8,"enemies":"Lagavulin","floor":11,"turns":6},{"damage":15,"enemies":"Gremlin Nob","floor":12,"turns":4},{"damage":5,"enemies":"Gremlin Nob","floor":13,"turns":3},{"damage":1,"enemies":"Blue Slaver","floor":14,"turns":3},{"damage":25,"enemies":"The Guardian","floor":16,"turns":9},{"damage":6,"enemies":"3 Byrds","floor":18,"turns":4},{"damage":2,"enemies":"Spheric Guardian","floor":20,"turns":3},{"damage":6,"enemies":"Snake Plant","floor":22,"turns":2},{"damage":5,"enemies":"Centurion and Healer","floor":24,"turns":4},{"damage":20,"enemies":"Book of Stabbing","floor":28,"turns":5},{"damage":0,"enemies":"Snecko","floor":30,"turns":4},{"damage":16,"enemies":"Champ","floor":33,"turns":7},{"damage":6,"enemies":"Orb Walker","floor":35,"turns":2},{"damage":1,"enemies":"3 Shapes","floor":38,"turns":3},{"damage":6,"enemies":"3 Darklings","floor":39,"turns":2},{"damage":43,"enemies":"Reptomancer","floor":42,"turns":5},{"damage":0,"enemies":"Jaw Worm Horde","floor":46,"turns":2},{"damage":22,"enemies":"Giant Head","floor":47,"turns":6},{"damage":0,"enemies":"Transient","floor":48,"turns":6},{"damage":6,"enemies":"Awakened One","floor":50,"turns":6},{"damage":13,"enemies":"Time Eater","floor":51,"turns":9},{"damage":68,"enemies":"Shield and Spear","floor":55,"turns":6},{"damage":36,"enemies":"The Heart","floor":56,"turns":3}],"seed_played":"-7053792213292419995","potions_obtained":[{"floor":1,"key":"PowerPotion"},{"floor":2,"key":"Poison Potion"},{"floor":12,"key":"AttackPotion"},{"floor":16,"key":"Block Potion"},{"floor":18,"key":"SpeedPotion"},{"floor":24,"key":"Energy Potion"},{"floor":30,"key":"Swift Potion"},{"floor":35,"key":"Strength Potion"},{"floor":42,"key":"AttackPotion"},{"floor":46,"key":"Strength Potion"}],"is_trial":false,"path_per_floor":["M","M","?","M","M","R","$","?","T","R","E","?","E","M","R","B",null,"M","?","M","?","M","R","M","R","T","T","E","R","M","$","R","B",null,"M","?","?","M","M","R","$","E","T","?","T","M","E","M","R","B","B",null,"R","$","E","B"],"character_chosen":"IRONCLAD","items_purchased":["Spot Weakness","PowerPotion","Vajra","Pummel","FearPotion"],"campfire_rested":0,"item_purchase_floors":[7,7,31,41,54],"current_hp_per_floor":[74,75,75,75,65,65,65,48,48,48,46,37,38,43,43,24,62,62,62,66,66,66,66,67,67,67,67,53,53,59,59,59,49,69,75,75,71,71,71,71,71,43,43,43,43,49,45,60,60,71,71,71,71,71,27,0],"gold":44,"neow_bonus":"RANDOM_COMMON_RELIC","is_prod":false,"is_daily":false,"chose_seed":false,"campfire_upgraded":9,"win_rate":0,"timestamp":1547786454,"path_taken":["M","M","?","M","M","R","$","?","T","R","E","?","E","M","R","BOSS","M","?","M","?","?","R","M","R","T","?","E","R","M","$","R","BOSS","M","?","?","M","M","R","$","E","T","?","?","M","E","M","R","BOSS","BOSS","R","$","E","BOSS"],"build_version":"2019-01-16","purchased_purges":2,"victory":false,"max_hp_per_floor":[75,75,75,75,75,75,75,75,75,75,75,75,75,75,75,75,75,75,75,75,75,75,75,75,75,75,75,75,75,75,75,75,75,75,75,75,71,71,71,71,71,71,71,71,71,71,71,71,71,71,71,71,71,71,71,71],"card_choices":[{"not_picked":["Second Wind","Power Through"],"picked":"Intimidate","floor":1},{"not_picked":["Sentinel","True Grit"],"picked":"Shrug It Off","floor":2},{"not_picked":["Entrench","Rampage"],"picked":"Whirlwind","floor":4},{"not_picked":["Reckless Charge","Feel No Pain"],"picked":"Sword Boomerang","floor":5},{"not_picked":["Blood for Blood","Iron Wave"],"picked":"True Grit","floor":11},{"not_picked":["Intimidate","Armaments"],"picked":"Pommel Strike","floor":12},{"not_picked":["Sword Boomerang","Fire Breathing"],"picked":"Uppercut","floor":13},{"not_picked":["Pommel Strike","Wild Strike"],"picked":"Impervious","floor":14},{"not_picked":["Impervious","Double Tap"],"picked":"Offering","floor":16},{"not_picked":["Clash","Ghostly Armor"],"picked":"Flame Barrier","floor":18},{"not_picked":["Thunderclap","Carnage","Reckless Charge"],"picked":"SKIP","floor":20},{"not_picked":["Thunderclap","Cleave"],"picked":"Pommel Strike+1","floor":22},{"not_picked":["Iron Wave","Sword Boomerang","Flex"],"picked":"SKIP","floor":24},{"not_picked":["Perfected Strike","True Grit"],"picked":"Spot Weakness","floor":28},{"not_picked":["Perfected Strike+1","Anger"],"picked":"Shrug It Off+1","floor":30},{"not_picked":["Immolate","Impervious"],"picked":"Reaper","floor":33},{"not_picked":["Carnage+1"],"picked":"SKIP","floor":35},{"not_picked":["Twin Strike+1"],"picked":"SKIP","floor":38},{"not_picked":["Clothesline"],"picked":"SKIP","floor":39},{"not_picked":["Anger"],"picked":"SKIP","floor":42},{"not_picked":["Infernal Blade+1"],"picked":"SKIP","floor":46},{"not_picked":["Twin Strike"],"picked":"SKIP","floor":47},{"not_picked":["Thunderclap+1"],"picked":"SKIP","floor":48},{"not_picked":[],"picked":"Disarm","floor":55}],"player_experience":1219788,"relics_obtained":[{"floor":8,"key":"Odd Mushroom"},{"floor":9,"key":"Orichalcum"},{"floor":11,"key":"Boot"},{"floor":12,"key":"Whetstone"},{"floor":13,"key":"Anchor"},{"floor":26,"key":"Letter Opener"},{"floor":28,"key":"Pocketwatch"},{"floor":42,"key":"Gambling Chip"},{"floor":43,"key":"Bottled Lightning"},{"floor":45,"key":"Gremlin Horn"},{"floor":47,"key":"Bird Faced Urn"},{"floor":55,"key":"Blood Vial"}],"event_choices":[{"damage_healed":0,"gold_gain":0,"player_choice":"Grow","damage_taken":0,"max_hp_gain":0,"max_hp_loss":0,"event_name":"Living Wall","floor":3,"gold_loss":0,"cards_upgraded":["Bash"]},{"damage_healed":0,"gold_gain":0,"player_choice":"Fought Mushrooms","damage_taken":0,"max_hp_gain":0,"max_hp_loss":0,"event_name":"Mushrooms","floor":8,"gold_loss":0},{"damage_healed":0,"gold_gain":0,"player_choice":"Searched \u00271\u0027 times","damage_taken":0,"max_hp_gain":0,"max_hp_loss":0,"event_name":"Dead Adventurer","floor":12,"gold_loss":0},{"damage_healed":0,"gold_gain":0,"player_choice":"Obtained Relic","damage_taken":0,"relics_obtained":["Kunai"],"max_hp_gain":0,"max_hp_loss":0,"event_name":"Addict","floor":19,"gold_loss":85},{"damage_healed":0,"gold_gain":0,"player_choice":"Ignored","damage_taken":0,"max_hp_gain":0,"max_hp_loss":0,"event_name":"N\u0027loth","floor":21,"gold_loss":0},{"cards_removed":["Strike_R"],"damage_healed":0,"gold_gain":0,"player_choice":"Removed Attack","damage_taken":0,"max_hp_gain":0,"max_hp_loss":0,"event_name":"Falling","floor":36,"gold_loss":0},{"damage_healed":0,"gold_gain":0,"player_choice":"Max HP","damage_taken":0,"max_hp_gain":0,"max_hp_loss":4,"event_name":"Winding Halls","floor":37,"gold_loss":0},{"damage_healed":0,"gold_gain":0,"player_choice":"Paid","damage_taken":0,"relics_obtained":["Red Mask"],"max_hp_gain":0,"max_hp_loss":0,"event_name":"Tomb of Lord Red Mask","floor":44,"gold_loss":48}],"is_beta":true,"boss_relics":[{"not_picked":["Runic Cube","Orrery"],"picked":"Snecko Eye"},{"not_picked":["Black Star","Empty Cage"],"picked":"Busted Crown"}],"items_purged_floors":[31,41],"is_endless":false,"potions_floor_spawned":[1,2,8,12,16,18,24,30,35,42,46],"killed_by":"The Heart","ascension_level":20}