{"gold_per_floor":[112,122,122,135,151,182,155,175,202,214,245,292,304,329,341,353],"floor_reached":16,"playtime":1058,"items_purged":[],"score":114,"play_id":"2c03f771-fc48-4522-ae54-6002b52d9541","local_time":"20181012193043","is_ascension_mode":false,"campfire_choices":[{"data":"Twin Strike","floor":10,"key":"SMITH"},{"floor":13,"key":"REST"},{"data":"Flex","floor":15,"key":"SMITH"}],"neow_cost":"NONE","seed_source_timestamp":19838309227035,"circlet_count":0,"master_deck":["Strike_R","Strike_R","Strike_R","Strike_R","Strike_R","Defend_R","Defend_R","Defend_R","Bash","Heavy Blade","Pommel Strike","Twin Strike+1","Flex+1","Burning Pact","Flex","Intimidate","Shrug It Off","Rampage"],"relics":["Burning Blood","Lantern","Calipers","MawBank","Centennial Puzzle"],"potions_floor_usage":[6,12,16,16],"damage_taken":[{"damage":5,"enemies":"Small Slimes","floor":1,"turns":3},{"damage":0,"enemies":"2 Louse","floor":2,"turns":2},{"damage":1,"enemies":"Cultist","floor":4,"turns":3},{"damage":15,"enemies":"Gremlin Gang","floor":5,"turns":5},{"damage":11,"enemies":"Gremlin Nob","floor":6,"turns":3},{"damage":7,"enemies":"3 Louse","floor":8,"turns":3},{"damage":11,"enemies":"Exordium Thugs","floor":11,"turns":4},{"damage":31,"enemies":"Lagavulin","floor":12,"turns":8},{"damage":7,"enemies":"Looter","floor":14,"turns":2},{"damage":59,"enemies":"The Guardian","floor":16,"turns":8}],"seed_played":"5448366617120387954","potions_obtained":[{"floor":4,"key":"Explosive Potion"},{"floor":5,"key":"Strength Potion"},{"floor":11,"key":"PowerPotion"},{"floor":12,"key":"GamblersBrew"}],"is_trial":false,"path_per_floor":["M","M","?","M","M","E","?","M","T","R","M","E","R","M","R"],"character_chosen":"IRONCLAD","items_purchased":[],"campfire_rested":1,"item_purchase_floors":[],"current_hp_per_floor":[80,80,73,78,69,64,64,63,63,63,58,33,57,56,56,0],"gold":353,"neow_bonus":"RANDOM_COMMON_RELIC","is_prod":false,"is_daily":false,"chose_seed":false,"campfire_upgraded":2,"win_rate":0.0,"timestamp":1539383443,"path_taken":["M","M","?","M","M","E","?","M","T","R","M","E","R","M","R","BOSS"],"build_version":"2018-10-11","purchased_purges":0,"victory":false,"max_hp_per_floor":[80,80,80,80,80,80,80,80,80,80,80,80,80,80,80,80],"card_choices":[{"not_picked":["Cleave","Rage"],"picked":"Heavy Blade","floor":1},{"not_picked":["Perfected Strike","Sword Boomerang"],"picked":"Pommel Strike","floor":2},{"not_picked":["Flame Barrier","Uppercut"],"picked":"Twin Strike","floor":4},{"not_picked":["Heavy Blade","Headbutt"],"picked":"Flex","floor":5},{"not_picked":["Disarm","Combust"],"picked":"Burning Pact","floor":6},{"not_picked":["Body Slam","Second Wind"],"picked":"Flex","floor":8},{"not_picked":["Power Through","Uppercut"],"picked":"Intimidate","floor":11},{"not_picked":["Flex","Shockwave"],"picked":"Shrug It Off","floor":12},{"not_picked":["Iron Wave","True Grit"],"picked":"Rampage","floor":14}],"player_experience":13500,"relics_obtained":[{"floor":6,"key":"Calipers"},{"floor":9,"key":"MawBank"},{"floor":12,"key":"Centennial Puzzle"}],"event_choices":[{"event_name":"Golden Wing","player_choice":"Card Removal","floor":3,"damage_taken":0},{"event_name":"World of Goop","player_choice":"Left","floor":7,"damage_taken":0}],"is_beta":false,"boss_relics":[],"items_purged_floors":[],"is_endless":false,"potions_floor_spawned":[4,5,11,12],"killed_by":"The Guardian","ascension_level":0}