{"gold_per_floor":[112,112,112,112,132,132,162,182,206,224,224,244,276,107,107,209,209,221,12,12,12,22,22,42,73,127,127,156,171,234,247,247,352,352,365,172,184,184,284,297,309,341,341,341,367,383,35,35,35,35],"floor_reached":50,"playtime":2411,"items_purged":["Strike_B","Regret"],"score":831,"play_id":"b450f174-34b5-420d-acb8-07d17ebd0d48","local_time":"20190213024621","is_ascension_mode":true,"campfire_choices":[{"data":"Ball Lightning","floor":6.0,"key":"SMITH"},{"data":"Blizzard","floor":15.0,"key":"SMITH"},{"data":"Seek","floor":23.0,"key":"SMITH"},{"data":"Ball Lightning","floor":32.0,"key":"SMITH"},{"floor":44.0,"key":"REST"},{"floor":49.0,"key":"REST"}],"neow_cost":"NONE","seed_source_timestamp":134049828715839,"circlet_count":0,"master_deck":["Strike_B","Strike_B","Strike_B","Defend_B","Defend_B","Defend_B","Defend_B","Zap","Dualcast","Cold Snap","Ball Lightning+1","Cold Snap","Steam","Go for the Eyes","Blizzard+1","Bandage Up","Seek+1","Injury","Injury","FTL+1","Shame","Ball Lightning+1","Hologram+1","Go for the Eyes","Turbo","Conserve Battery","Leap","Biased Cognition","Discovery","Biased Cognition","Hologram","Seek","Ball Lightning+1","Conserve Battery+1","Decay","Leap+1"],"special_seed":0,"relics":["Nuclear Battery","PreservedInsect","Pantograph","Bag of Marbles","Art of War","Meat on the Bone","Calling Bell","DataDisk","Mercury Hourglass","StoneCalendar","Sling","Pen Nib","Shuriken","Question Card","Tiny Chest","Cursed Key","Gambling Chip","Regal Pillow","Sundial","Kunai","Potion Belt","Cauldron"],"potions_floor_usage":[50,50,50],"damage_taken":[{"damage":2.0,"enemies":"Jaw Worm","floor":1.0,"turns":3.0},{"damage":5.0,"enemies":"2 Louse","floor":5.0,"turns":2.0},{"damage":17.0,"enemies":"Lagavulin","floor":7.0,"turns":4.0},{"damage":0.0,"enemies":"Small Slimes","floor":8.0,"turns":3.0},{"damage":0.0,"enemies":"Red Slaver","floor":10.0,"turns":1.0},{"damage":5.0,"enemies":"2 Fungi Beasts","floor":12.0,"turns":3.0},{"damage":10.0,"enemies":"3 Sentries","floor":13.0,"turns":7.0},{"damage":32.0,"enemies":"The Guardian","floor":16.0,"turns":12.0},{"damage":16.0,"enemies":"Chosen","floor":18.0,"turns":6.0},{"damage":14.0,"enemies":"Spheric Guardian","floor":22.0,"turns":5.0},{"damage":37.0,"enemies":"Cultist and Chosen","floor":24.0,"turns":5.0},{"damage":18.0,"enemies":"Book of Stabbing","floor":25.0,"turns":4.0},{"damage":0.0,"enemies":"Gremlin Leader","floor":28.0,"turns":4.0},{"damage":31.0,"enemies":"3 Cultists","floor":29.0,"turns":5.0},{"damage":17.0,"enemies":"Book of Stabbing","floor":30.0,"turns":5.0},{"damage":20.0,"enemies":"Centurion and Healer","floor":31.0,"turns":4.0},{"damage":86.0,"enemies":"Champ","floor":33.0,"turns":10.0},{"damage":2.0,"enemies":"Orb Walker","floor":35.0,"turns":3.0},{"damage":8.0,"enemies":"3 Shapes","floor":37.0,"turns":4.0},{"damage":17.0,"enemies":"Mind Bloom Boss Battle","floor":39.0,"turns":7.0},{"damage":22.0,"enemies":"Spire Growth","floor":40.0,"turns":5.0},{"damage":20.0,"enemies":"4 Shapes","floor":41.0,"turns":4.0},{"damage":32.0,"enemies":"Nemesis","floor":42.0,"turns":5.0},{"damage":55.0,"enemies":"Giant Head","floor":45.0,"turns":7.0},{"damage":20.0,"enemies":"Transient","floor":46.0,"turns":5.0},{"damage":0.0,"enemies":"Sphere and 2 Shapes","floor":48.0,"turns":1.0},{"damage":92,"enemies":"Donu and Deca","floor":50,"turns":8}],"seed_played":"-7259038450563384313","potions_obtained":[{"floor":5.0,"key":"SkillPotion"},{"floor":12.0,"key":"EssenceOfSteel"},{"floor":16.0,"key":"Energy Potion"},{"floor":22.0,"key":"FairyPotion"},{"floor":25.0,"key":"PowerPotion"},{"floor":29.0,"key":"Fruit Juice"},{"floor":30.0,"key":"Energy Potion"},{"floor":37.0,"key":"Energy Potion"},{"floor":40.0,"key":"SteroidPotion"},{"floor":41.0,"key":"Weak Potion"},{"floor":47.0,"key":"SteroidPotion"},{"floor":47.0,"key":"EssenceOfSteel"},{"floor":47.0,"key":"SneckoOil"},{"floor":47.0,"key":"SmokeBomb"}],"is_trial":false,"path_per_floor":["M","?","?","$","M","R","E","M","T","M","?","M","E","$","R","B",null,"M","$","?","?","M","R","M","E","T","?","E","M","E","M","R","B",null,"M","$","M","?","?","M","M","E","T","R","E","M","$","M","R","B"],"character_chosen":"DEFECT","items_purchased":["Bandage Up","Sling","Discovery","Potion Belt","Cauldron"],"campfire_rested":2,"item_purchase_floors":[14,19,36,47,47],"current_hp_per_floor":[66,66,66,66,61,61,44,44,44,44,44,39,29,29,29,38,66,54,54,54,54,44,44,23,21,21,46,50,40,39,35,35,20,65,63,63,59,59,63,45,41,25,25,64,25,17,17,29,68,0],"gold":35,"neow_bonus":"BOSS_RELIC","is_prod":false,"is_daily":false,"chose_seed":false,"campfire_upgraded":4,"win_rate":0,"timestamp":1550022381,"path_taken":["M","?","?","$","M","R","E","M","T","M","?","M","E","$","R","BOSS","M","$","?","?","M","R","M","E","T","?","E","M","E","?","R","BOSS","M","$","M","?","?","M","M","E","T","R","E","M","$","M","R","BOSS"],"build_version":"2019-01-23","purchased_purges":2,"victory":false,"max_hp_per_floor":[75,75,75,75,75,75,75,75,75,75,75,75,75,75,75,75,75,75,75,75,75,75,75,75,75,75,75,75,80,80,80,80,80,80,80,80,80,80,80,80,80,80,80,80,80,80,80,80,80,80],"card_choices":[{"not_picked":["Stack","Blizzard"],"picked":"Cold Snap","floor":1.0},{"not_picked":["Compile Driver","Gash"],"picked":"Ball Lightning","floor":5.0},{"not_picked":["Streamline","Buffer"],"picked":"Cold Snap","floor":7.0},{"not_picked":["Scrape","Aggregate"],"picked":"Steam","floor":8.0},{"not_picked":["Sunder","Compile Driver"],"picked":"Steam","floor":10.0},{"not_picked":["Beam Cell","Scrape"],"picked":"Go for the Eyes","floor":12.0},{"not_picked":["Fusion","Coolheaded"],"picked":"Blizzard","floor":13.0},{"not_picked":["Meteor Strike","Reboot"],"picked":"Seek","floor":16.0},{"not_picked":["Go for the Eyes","Ball Lightning"],"picked":"FTL+1","floor":18.0},{"not_picked":["Lockon+1","Capacitor"],"picked":"Ball Lightning","floor":22.0},{"not_picked":["Doom and Gloom","Leap"],"picked":"Hologram+1","floor":24.0},{"not_picked":["Lockon","Rip and Tear"],"picked":"Go for the Eyes","floor":25.0},{"not_picked":["Ball Lightning+1","Barrage"],"picked":"Turbo","floor":28.0},{"not_picked":["Force Field","Skim","Consume+1"],"picked":"Conserve Battery","floor":29.0},{"not_picked":["Darkness+1","Force Field+1","Turbo","Meteor Strike"],"picked":"SKIP","floor":30.0},{"not_picked":["Rebound+1","Barrage+1","Hologram"],"picked":"Leap","floor":31.0},{"not_picked":["Meteor Strike","All For One","Rainbow"],"picked":"Biased Cognition","floor":33.0},{"not_picked":["Beam Cell+1","Gash","Reprogram"],"picked":"Loop+1","floor":35.0},{"not_picked":["Go for the Eyes+1","Sweeping Beam","Steam"],"picked":"Biased Cognition","floor":37.0},{"not_picked":["Steam","Go for the Eyes","Gash+1"],"picked":"Hologram","floor":39.0},{"not_picked":["Self Repair+1","Hologram+1","Recycle+1"],"picked":"Seek","floor":40.0},{"not_picked":["Streamline","Genetic Algorithm","Turbo"],"picked":"Ball Lightning+1","floor":41.0},{"not_picked":["Storm","Doom and Gloom","Consume+1"],"picked":"Conserve Battery+1","floor":42.0},{"not_picked":["Redo+1","Go for the Eyes","Streamline+1","Conserve Battery"],"picked":"SKIP","floor":45.0},{"not_picked":["Sunder","Genetic Algorithm+1","Turbo"],"picked":"Leap+1","floor":46.0}],"player_experience":164443,"relics_obtained":[{"floor":7.0,"key":"Pantograph"},{"floor":9.0,"key":"Bag of Marbles"},{"floor":13.0,"key":"Meat on the Bone"},{"floor":17.0,"key":"DataDisk"},{"floor":17.0,"key":"Mercury Hourglass"},{"floor":17.0,"key":"StoneCalendar"},{"floor":25.0,"key":"Shuriken"},{"floor":28.0,"key":"Question Card"},{"floor":30.0,"key":"Tiny Chest"},{"floor":39.0,"key":"Gambling Chip"},{"floor":42.0,"key":"Regal Pillow"},{"floor":43.0,"key":"Sundial"},{"floor":45.0,"key":"Kunai"}],"event_choices":[{"damage_healed":0.0,"max_hp_gain":0.0,"max_hp_loss":0.0,"gold_gain":0.0,"event_name":"Big Fish","player_choice":"Box","floor":2.0,"gold_loss":0.0,"damage_taken":0.0,"relics_obtained":["PreservedInsect"],"cards_obtained":["Regret"]},{"cards_removed":["Regret"],"damage_healed":0.0,"max_hp_gain":0.0,"max_hp_loss":0.0,"gold_gain":0.0,"event_name":"Living Wall","player_choice":"Forget","floor":3.0,"gold_loss":0.0,"damage_taken":0.0},{"cards_removed":["Steam"],"damage_healed":0.0,"max_hp_gain":0.0,"max_hp_loss":0.0,"gold_gain":0.0,"event_name":"WeMeetAgain","player_choice":"Gave Card","floor":11.0,"gold_loss":0.0,"damage_taken":0.0,"relics_obtained":["Art of War"]},{"damage_healed":0.0,"max_hp_gain":0.0,"max_hp_loss":0.0,"gold_gain":0.0,"event_name":"Ghosts","player_choice":"Ignored","floor":20.0,"gold_loss":0.0,"damage_taken":0.0},{"damage_healed":0.0,"max_hp_gain":0.0,"max_hp_loss":0.0,"gold_gain":0.0,"event_name":"Addict","player_choice":"Stole Relic","floor":21.0,"gold_loss":0.0,"damage_taken":0.0,"relics_obtained":["Pen Nib"],"cards_obtained":["Shame"]},{"damage_healed":25.0,"max_hp_gain":0.0,"max_hp_loss":0.0,"gold_gain":0.0,"event_name":"The Library","player_choice":"Heal","floor":27.0,"gold_loss":0.0,"damage_taken":0.0},{"cards_removed":["Loop"],"damage_healed":0.0,"max_hp_gain":0.0,"max_hp_loss":0.0,"gold_gain":0.0,"event_name":"Falling","player_choice":"Removed Power","floor":38.0,"gold_loss":0.0,"damage_taken":0.0},{"damage_healed":0.0,"max_hp_gain":0.0,"max_hp_loss":0.0,"gold_gain":0.0,"event_name":"MindBloom","player_choice":"Fight","floor":39.0,"gold_loss":0.0,"damage_taken":0.0}],"is_beta":false,"boss_relics":[{"not_picked":["Inserter","Lizard Tail"],"picked":"Calling Bell"},{"not_picked":["Fusion Hammer","Sozu"],"picked":"Cursed Key"}],"items_purged_floors":[14,36],"is_endless":false,"potions_floor_spawned":[5,12,16,22,25,29,30,37,40,41,48],"killed_by":"Donu and Deca","ascension_level":7}