{"gold_per_floor":[115,165,176,193,205,205,23,23,23,35,63,124,142,167,167,245,245,262,242,262,37,52,52,52],"floor_reached":24,"playtime":1225,"items_purged":["Strike_R","Strike_R"],"score":443,"play_id":"0af2e389-4a38-4ded-a396-314efea97a57","local_time":"20181203184707","is_ascension_mode":true,"campfire_choices":[{"data":"Bash","floor":6,"key":"SMITH"},{"data":"Twin Strike","floor":8,"key":"SMITH"},{"data":"Anger","floor":15,"key":"SMITH"},{"data":"True Grit","floor":23,"key":"SMITH"}],"neow_cost":"NONE","seed_source_timestamp":1729031705639505,"circlet_count":0,"master_deck":["AscendersBane","Strike_R","Strike_R","Strike_R","Defend_R","Defend_R","Defend_R","Defend_R","Bash+1","Twin Strike+1","Ghostly Armor","Ghostly Armor","Pommel Strike","Shrug It Off","Battle Trance","Feed","Barricade","Shockwave","Anger+1","Bludgeon","Shrug It Off","True Grit+1","Evolve","Uppercut"],"relics":["Burning Blood","Omamori","Pen Nib","Self Forming Clay","Pantograph","Mark of Pain"],"potions_floor_usage":[4,5,16,16,20,24],"damage_taken":[{"damage":1,"enemies":"2 Louse","floor":1,"turns":2},{"damage":1,"enemies":"Cultist","floor":3,"turns":3},{"damage":2,"enemies":"Small Slimes","floor":4,"turns":2},{"damage":35,"enemies":"Exordium Wildlife","floor":5,"turns":9},{"damage":3,"enemies":"Red Slaver","floor":10,"turns":4},{"damage":19,"enemies":"3 Sentries","floor":11,"turns":10},{"damage":0,"enemies":"3 Louse","floor":13,"turns":3},{"damage":0,"enemies":"Lagavulin","floor":14,"turns":8},{"damage":7,"enemies":"Slime Boss","floor":16,"turns":13},{"damage":21,"enemies":"Chosen","floor":18,"turns":5},{"damage":10,"enemies":"Spheric Guardian","floor":20,"turns":5},{"damage":8,"enemies":"Snake Plant","floor":22,"turns":4},{"damage":55,"enemies":"Gremlin Leader","floor":24,"turns":7}],"seed_played":"2745643065454487193","potions_obtained":[{"floor":1,"key":"SkillPotion"},{"floor":4,"key":"Dexterity Potion"},{"floor":13,"key":"Explosive Potion"},{"floor":14,"key":"Block Potion"},{"floor":19,"key":"AttackPotion"},{"floor":20,"key":"Dexterity Potion"}],"is_trial":false,"path_per_floor":["M","?","M","M","M","R","$","R","T","M","E","?","M","E","R","B",null,"M","?","M","$","M","R","E"],"character_chosen":"IRONCLAD","items_purchased":["Shrug It Off","Battle Trance","Evolve","Uppercut"],"campfire_rested":0,"item_purchase_floors":[7,7,21,21],"current_hp_per_floor":[73,73,75,75,46,46,46,46,46,49,36,36,42,51,51,75,77,62,62,58,58,56,56,1],"gold":52,"neow_bonus":"RANDOM_COMMON_RELIC","is_prod":false,"is_daily":false,"chose_seed":false,"campfire_upgraded":4,"win_rate":0,"timestamp":1543888027,"path_taken":["M","?","M","?","M","R","$","R","T","M","E","?","M","E","R","BOSS","M","?","M","$","M","R","E"],"build_version":"2018-11-15","purchased_purges":2,"victory":false,"max_hp_per_floor":[75,75,75,75,75,75,75,75,75,75,75,75,75,78,78,78,78,78,78,78,78,78,78,78],"card_choices":[{"not_picked":["Evolve","Power Through"],"picked":"Twin Strike","floor":1},{"not_picked":["Feel No Pain","Headbutt"],"picked":"Ghostly Armor","floor":3},{"not_picked":["Dropkick","Thunderclap"],"picked":"Ghostly Armor","floor":4},{"not_picked":["Twin Strike","Flex"],"picked":"Pommel Strike","floor":5},{"not_picked":["Cleave","Flex"],"picked":"Feed","floor":10},{"not_picked":["Pommel Strike","Sword Boomerang"],"picked":"Barricade","floor":11},{"not_picked":["Body Slam","Wild Strike"],"picked":"Shockwave","floor":13},{"not_picked":["Reaper","Cleave"],"picked":"Anger","floor":14},{"not_picked":["Double Tap","Fiend Fire"],"picked":"Bludgeon","floor":16},{"not_picked":["Pommel Strike","Carnage"],"picked":"Shrug It Off","floor":18},{"not_picked":["Warcry","Reckless Charge"],"picked":"True Grit","floor":20},{"not_picked":["Sword Boomerang","Clash","True Grit"],"picked":"SKIP","floor":22}],"player_experience":1160354,"relics_obtained":[{"floor":9,"key":"Pen Nib"},{"floor":11,"key":"Self Forming Clay"},{"floor":14,"key":"Pantograph"}],"event_choices":[{"damage_healed":0,"gold_gain":50,"player_choice":"Pray","damage_taken":0,"max_hp_gain":0,"max_hp_loss":0,"event_name":"Golden Shrine","floor":2,"gold_loss":0},{"damage_healed":0,"gold_gain":61,"player_choice":"Gained Gold","damage_taken":0,"max_hp_gain":0,"max_hp_loss":0,"event_name":"Golden Wing","floor":12,"gold_loss":0},{"damage_healed":0,"gold_gain":0,"player_choice":"Bought 1 Potion","damage_taken":0,"max_hp_gain":0,"max_hp_loss":0,"event_name":"The Woman in Blue","floor":19,"gold_loss":0}],"is_beta":true,"boss_relics":[{"not_picked":["Busted Crown","Empty Cage"],"picked":"Mark of Pain"}],"items_purged_floors":[7,21],"is_endless":false,"potions_floor_spawned":[1,4,13,14,20],"killed_by":"Gremlin Leader","ascension_level":18}