{"path_per_floor":["M","?","?","M","M","R","$","E","T","R","M","R","E","M","R","B",null,"M","?","?","M","$","R","E"],"character_chosen":"DEFECT","items_purchased":["Coolheaded","All For One","Echo Form","Ball Lightning","Chill"],"gold_per_floor":[112,112,112,122,138,138,38,70,94,94,114,114,170,189,189,263,263,277,277,527,537,67,67,93,93],"floor_reached":25,"campfire_rested":1,"playtime":956,"item_purchase_floors":[7,22,22,22,22],"current_hp_per_floor":[64,59,59,57,53,53,53,38,45,45,31,69,52,41,41,35,67,51,67,67,51,51,51,7,0],"items_purged":["Strike_B","Regret"],"gold":93,"score":401,"play_id":"1384b6f6-c768-4898-a3d9-de791a76b1ae","local_time":"20180529145153","is_prod":false,"is_daily":false,"chose_seed":false,"is_ascension_mode":true,"campfire_upgraded":4,"win_rate":0,"timestamp":1527627113,"campfire_choices":[{"data":"Loop","floor":6,"key":"SMITH"},{"data":"Redo","floor":10,"key":"SMITH"},{"floor":12,"key":"REST"},{"data":"Redo","floor":15,"key":"SMITH"},{"data":"Electrodynamics","floor":23,"key":"SMITH"}],"path_taken":["M","?","?","M","M","R","$","E","T","R","M","R","E","?","R","BOSS","M","?","?","M","$","R","E","M"],"build_version":"2018-05-28","seed_source_timestamp":431446297176935,"purchased_purges":2,"victory":false,"master_deck":["Strike_B","Strike_B","Defend_B","Defend_B","Defend_B","Defend_B","Zap+1","Dualcast","AscendersBane","Cold Snap","Loop+1","Redo+1","Coolheaded","Ball Lightning","Ball Lightning","Redo+1","All For One","Electrodynamics+1","Compile Driver","Steam","All For One","Echo Form","Ball Lightning","Chill","White Noise+1"],"max_hp_per_floor":[71,71,71,71,71,71,71,71,78,78,78,78,78,78,78,78,78,78,78,78,78,78,78,78,78],"relics":["Cracked Core","Dream Catcher","Matryoshka","Strawberry","Regal Pillow","Tiny Chest","Runic Dome","Bottled Tornado"],"card_choices":[{"not_picked":["Sweeping Beam","Steam"],"picked":"Cold Snap","floor":1},{"not_picked":["Go for the Eyes","Cold Snap"],"picked":"Loop","floor":4},{"not_picked":["Hologram","Skim"],"picked":"Redo","floor":5},{"not_picked":["Streamline","Redo"],"picked":"Ball Lightning","floor":8},{"not_picked":["Blizzard","Reprogram"],"picked":"Ball Lightning","floor":11},{"not_picked":["Hello World","Stack"],"picked":"Redo","floor":12},{"not_picked":["Aggregate","Streamline","Gash"],"picked":"SKIP","floor":13},{"not_picked":["Beam Cell","Turbo"],"picked":"All For One","floor":14},{"not_picked":["Echo Form","Core Surge"],"picked":"Electrodynamics","floor":16},{"not_picked":["Stack","Beam Cell"],"picked":"Compile Driver","floor":18},{"not_picked":["Redo","Turbo+1"],"picked":"Steam","floor":21},{"not_picked":["Beam Cell","Ball Lightning"],"picked":"White Noise+1","floor":24}],"player_experience":636716,"potions_floor_usage":[8,11,16,21],"damage_taken":[{"damage":0,"enemies":"2 Louse","floor":1,"turns":2},{"damage":2,"enemies":"Jaw Worm","floor":4,"turns":3},{"damage":4,"enemies":"Small Slimes","floor":5,"turns":3},{"damage":15,"enemies":"Lagavulin","floor":8,"turns":8},{"damage":14,"enemies":"Exordium Thugs","floor":11,"turns":3},{"damage":17,"enemies":"3 Sentries","floor":13,"turns":6},{"damage":11,"enemies":"Large Slime","floor":14,"turns":4},{"damage":6,"enemies":"Hexaghost","floor":16,"turns":7},{"damage":16,"enemies":"Chosen","floor":18,"turns":3},{"damage":16,"enemies":"Shell Parasite","floor":21,"turns":4},{"damage":44,"enemies":"Slavers","floor":24,"turns":5},{"damage":14,"enemies":"Snake Plant","floor":25,"turns":1}],"relics_obtained":[{"floor":8,"key":"Matryoshka"},{"floor":9,"key":"Strawberry"},{"floor":9,"key":"Regal Pillow"},{"floor":13,"key":"Tiny Chest"},{"floor":24,"key":"Bottled Tornado"}],"event_choices":[{"event_name":"Scrap Ooze","player_choice":"success","floor":2,"damage_taken":5},{"event_name":"Living Wall","player_choice":"Forget","floor":3,"damage_taken":0},{"event_name":"The Library","player_choice":"Heal","floor":19,"damage_taken":0},{"event_name":"Golden Shrine","player_choice":"Desecrate","floor":20,"damage_taken":0}],"boss_relics":[{"not_picked":["Black Star","White Beast Statue"],"picked":"Runic Dome"}],"items_purged_floors":[7,22],"potions_floor_spawned":[5,8,14,18],"seed_played":"7519708454046330350","killed_by":"Snake Plant","ascension_level":15,"potions_obtained":[{"floor":5,"key":"Poison Potion"},{"floor":8,"key":"SkillPotion"},{"floor":14,"key":"PowerPotion"},{"floor":18,"key":"Poison Potion"}],"is_trial":false}