{"gold_per_floor":[209,57,71,89,89,101,101,118,188,252,285,6,32,32,32,127,127,144,157,175,75,75,75,108,119,119,144,43,43,58,76,76,175,175,193,193,208,10,26,26,60,60,60,60,79,98,98,112,112,112],"floor_reached":51,"playtime":2415,"items_purged":["Strike_G","Strike_G"],"score":854,"play_id":"7104ab9f-3153-4a88-8ba0-b200c66df891","local_time":"20190131195947","is_ascension_mode":false,"campfire_choices":[{"data":"Survivor","floor":7.0,"key":"SMITH"},{"data":"Deadly Poison","floor":15.0,"key":"SMITH"},{"data":"Deadly Poison","floor":23.0,"key":"SMITH"},{"data":"Backflip","floor":29.0,"key":"SMITH"},{"floor":32.0,"key":"REST"},{"data":"Cloak And Dagger","floor":40.0,"key":"SMITH"},{"floor":47,"key":"REST"},{"floor":49,"key":"REST"}],"neow_cost":"NONE","seed_source_timestamp":86956966336803,"circlet_count":0,"master_deck":["Defend_G+1","Defend_G","Defend_G","Defend_G","Defend_G","Strike_G+1","Survivor+1","Neutralize+1","Flying Knee+1","Acrobatics","Deadly Poison+1","Deadly Poison+1","PiercingWail+1","Dodge and Roll+1","Poisoned Stab+1","PiercingWail","Backflip+1","Deadly Poison+1","Prepared+1","Quick Slash+1","Deadly Poison+1","Cloak And Dagger+1","Deflect+1","Backflip+1"],"special_seed":0,"relics":["Ring of the Snake","Bronze Scales","Pear","Dead Branch","Regal Pillow","Sling","Art of War","Black Star","Pen Nib","Oddly Smooth Stone","Matryoshka","Whetstone","Centennial Puzzle","Singing Bowl","Bottled Lightning","Empty Cage","War Paint","Tingsha","Snake Skull","Potion Belt","Mercury Hourglass","Boot"],"potions_floor_usage":[46],"damage_taken":[{"damage":1.0,"enemies":"Cultist","floor":1.0,"turns":4.0},{"damage":3.0,"enemies":"Jaw Worm","floor":3.0,"turns":5.0},{"damage":0.0,"enemies":"Small Slimes","floor":4.0,"turns":3.0},{"damage":0.0,"enemies":"Exordium Wildlife","floor":6.0,"turns":4.0},{"damage":0.0,"enemies":"3 Louse","floor":8.0,"turns":4.0},{"damage":10.0,"enemies":"Gremlin Nob","floor":10.0,"turns":3.0},{"damage":11.0,"enemies":"3 Sentries","floor":11.0,"turns":8.0},{"damage":20.0,"enemies":"Lagavulin","floor":13.0,"turns":5.0},{"damage":21.0,"enemies":"Hexaghost","floor":16.0,"turns":8.0},{"damage":2.0,"enemies":"Chosen","floor":18.0,"turns":5.0},{"damage":0.0,"enemies":"3 Byrds","floor":19.0,"turns":4.0},{"damage":6.0,"enemies":"Snake Plant","floor":20.0,"turns":4.0},{"damage":24.0,"enemies":"Slavers","floor":24.0,"turns":5.0},{"damage":8.0,"enemies":"Shelled Parasite and Fungi","floor":25.0,"turns":4.0},{"damage":4.0,"enemies":"Book of Stabbing","floor":27.0,"turns":5.0},{"damage":11.0,"enemies":"Chosen and Byrds","floor":30.0,"turns":5.0},{"damage":2.0,"enemies":"Snake Plant","floor":31.0,"turns":3.0},{"damage":58.0,"enemies":"Automaton","floor":33.0,"turns":14.0},{"damage":0.0,"enemies":"3 Shapes","floor":35.0,"turns":5.0},{"damage":21.0,"enemies":"3 Darklings","floor":37.0,"turns":14.0},{"damage":25.0,"enemies":"Spire Growth","floor":39.0,"turns":6.0},{"damage":34.0,"enemies":"Reptomancer","floor":41.0,"turns":7.0},{"damage":1,"enemies":"4 Shapes","floor":45,"turns":6},{"damage":0,"enemies":"Maw","floor":46,"turns":6},{"damage":16,"enemies":"Transient","floor":48,"turns":5},{"damage":54,"enemies":"Donu and Deca","floor":50,"turns":8}],"seed_played":"-2777126297723591260","potions_obtained":[{"floor":1.0,"key":"FearPotion"},{"floor":10.0,"key":"SkillPotion"},{"floor":16.0,"key":"Explosive Potion"},{"floor":18.0,"key":"GhostInAJar"},{"floor":25.0,"key":"SteroidPotion"},{"floor":31.0,"key":"SneckoOil"},{"floor":33.0,"key":"PowerPotion"},{"floor":39.0,"key":"Poison Potion"},{"floor":41.0,"key":"Regen Potion"},{"floor":48,"key":"Fire Potion"}],"is_trial":false,"path_per_floor":["M","$","M","M","?","M","R","M","T","?","E","$","E","?","R","B",null,"M","M","M","$","?","R","E","M","T","E","$","R","M","M","R","B",null,"M","?","M","$","M","R","E","T","T","?","M","M","R","M","R","B",null],"character_chosen":"THE_SILENT","items_purchased":["Bronze Scales","Sling","Backflip","SkillPotion","Cloak And Dagger","War Paint"],"campfire_rested":3,"item_purchase_floors":[2,12,28,28,38,38],"current_hp_per_floor":[69,69,66,66,66,66,66,66,76,66,55,55,35,40,40,19,85,83,83,77,77,77,77,53,45,45,41,41,41,30,28,68,12,87,87,87,66,66,43,43,11,11,11,11,10,25,67,53,93,39],"gold":112,"neow_bonus":"HUNDRED_GOLD","is_prod":false,"is_daily":false,"chose_seed":false,"campfire_upgraded":5,"win_rate":0,"timestamp":1548989987,"path_taken":["M","$","M","?","?","M","R","M","T","?","E","?","E","?","R","BOSS","M","M","M","$","?","R","E","M","T","E","$","R","M","M","R","BOSS","M","?","?","$","?","R","E","?","T","?","M","M","R","M","R","BOSS"],"build_version":"2019-01-23","purchased_purges":2,"victory":true,"max_hp_per_floor":[70,70,70,70,70,70,70,70,80,80,80,80,80,85,85,85,85,85,85,85,85,85,85,85,85,85,85,85,85,85,85,85,87,87,87,87,87,87,89,89,91,91,91,91,91,91,91,93,93,93],"card_choices":[{"not_picked":["Flechettes","Bouncing Flask","Footwork"],"picked":"SKIP","floor":1.0},{"not_picked":["Bane","Underhanded Strike"],"picked":"Flying Knee","floor":3.0},{"not_picked":["Doppelganger","Expertise","Deflect"],"picked":"SKIP","floor":4.0},{"not_picked":["Acrobatics","Footwork"],"picked":"Slice","floor":6.0},{"not_picked":["Underhanded Strike","A Thousand Cuts","Well Laid Plans"],"picked":"SKIP","floor":8.0},{"not_picked":["Sucker Punch","Flying Knee"],"picked":"Acrobatics","floor":10.0},{"not_picked":["Flying Knee","Sucker Punch"],"picked":"Deadly Poison","floor":11.0},{"not_picked":["Flechettes","Outmaneuver"],"picked":"Deadly Poison","floor":13.0},{"not_picked":["Dagger Spray","Quick Slash+1"],"picked":"PiercingWail+1","floor":18.0},{"not_picked":["Bane","Phantasmal Killer"],"picked":"Dodge and Roll+1","floor":19.0},{"not_picked":["Setup","Acrobatics"],"picked":"Poisoned Stab+1","floor":20.0},{"not_picked":["Setup","Flying Knee+1","Prepared"],"picked":"SKIP","floor":24.0},{"not_picked":["Backstab","Setup","Noxious Fumes"],"picked":"SKIP","floor":25.0},{"not_picked":["Doppelganger","Choke+1"],"picked":"PiercingWail","floor":27.0},{"not_picked":["Blade Dance+1","Underhanded Strike"],"picked":"Deadly Poison","floor":30.0},{"not_picked":["Outmaneuver+1","Poisoned Stab"],"picked":"Prepared+1","floor":31.0},{"not_picked":["Venomology","After Image","Wraith Form v2"],"picked":"Singing Bowl","floor":33.0},{"not_picked":["All Out Attack","Tactician+1"],"picked":"Quick Slash+1","floor":35.0},{"not_picked":["Deflect+1","Prepared+1"],"picked":"Deadly Poison+1","floor":37.0},{"not_picked":["PiercingWail+1","All Out Attack","Infinite Blades"],"picked":"Singing Bowl","floor":39.0},{"not_picked":["Quick Slash","Wraith Form v2","Slice"],"picked":"Singing Bowl","floor":41.0},{"not_picked":["Poisoned Stab+1","Bane+1"],"picked":"Deflect+1","floor":45},{"not_picked":["Infinite Blades","Deadly Poison"],"picked":"Backflip+1","floor":46},{"not_picked":["Slice+1","Dagger Spray","After Image"],"picked":"Singing Bowl","floor":48}],"player_experience":1283774,"relics_obtained":[{"floor":9.0,"key":"Pear"},{"floor":10.0,"key":"Dead Branch"},{"floor":11.0,"key":"Regal Pillow"},{"floor":13.0,"key":"Art of War"},{"floor":24.0,"key":"Oddly Smooth Stone"},{"floor":24.0,"key":"Matryoshka"},{"floor":26.0,"key":"Whetstone"},{"floor":26.0,"key":"Centennial Puzzle"},{"floor":27.0,"key":"Singing Bowl"},{"floor":27.0,"key":"Bottled Lightning"},{"floor":41.0,"key":"Tingsha"},{"floor":41.0,"key":"Snake Skull"},{"floor":42.0,"key":"Potion Belt"},{"floor":42.0,"key":"Mercury Hourglass"},{"floor":43.0,"key":"Boot"}],"event_choices":[{"damage_healed":0.0,"max_hp_gain":0.0,"max_hp_loss":0.0,"gold_gain":0.0,"event_name":"Living Wall","player_choice":"Grow","floor":5.0,"gold_loss":0.0,"damage_taken":0.0,"cards_upgraded":["Neutralize"]},{"damage_healed":0.0,"max_hp_gain":0.0,"max_hp_loss":0.0,"gold_gain":0.0,"event_name":"Dead Adventurer","player_choice":"Searched \u00272\u0027 times","floor":10.0,"gold_loss":0.0,"damage_taken":0.0},{"damage_healed":0.0,"max_hp_gain":5.0,"max_hp_loss":0.0,"gold_gain":0.0,"event_name":"Big Fish","player_choice":"Donut","floor":14.0,"gold_loss":0.0,"damage_taken":0.0},{"damage_healed":0.0,"max_hp_gain":0.0,"max_hp_loss":0.0,"gold_gain":0.0,"event_name":"The Mausoleum","player_choice":"Opened","floor":22.0,"gold_loss":0.0,"damage_taken":0.0,"relics_obtained":["Pen Nib"]},{"cards_removed":["Slice"],"damage_healed":5.0,"max_hp_gain":0.0,"max_hp_loss":0.0,"gold_gain":0.0,"event_name":"Bonfire Elementals","player_choice":"Offered Common","floor":36.0,"gold_loss":0.0,"damage_taken":0.0},{"cards_removed":["Slice"],"damage_healed":5.0,"max_hp_gain":0.0,"max_hp_loss":0.0,"gold_gain":0.0,"event_name":"Bonfire Elementals","player_choice":"Offered Special","floor":36.0,"gold_loss":0.0,"damage_taken":0.0},{"damage_healed":0,"gold_gain":0,"player_choice":"Ignored","damage_taken":0,"max_hp_gain":0,"max_hp_loss":0,"event_name":"Transmorgrifier","floor":44,"gold_loss":0}],"is_beta":true,"boss_relics":[{"not_picked":["Coffee Dripper","Fusion Hammer"],"picked":"Black Star"},{"not_picked":["Calling Bell","White Beast Statue"],"picked":"Empty Cage"}],"items_purged_floors":[12,21],"is_endless":false,"potions_floor_spawned":[1,10,16,18,25,31,33,39,41,48],"ascension_level":0}