{"gold_per_floor":[13,33,47,66,79,79,106,126,126,140,140,155,27,27,27,106,106,121,121,21,39,52,52,52,52,52,52,68,87,101,111,111,185,185,202,41,59,72,83,83,118,129,129,129,148,148,0,33,33,33,33],"floor_reached":52,"playtime":3771,"items_purged":["Strike_B","Strike_B"],"score":2194,"play_id":"58d354b7-dc7b-4af6-9dd4-74154607c103","local_time":"20190127175750","is_ascension_mode":true,"campfire_choices":[{"data":"Defragment","floor":6,"key":"SMITH"},{"data":"Buffer","floor":11,"key":"SMITH"},{"floor":15,"key":"REST"},{"data":"Zap","floor":23,"key":"SMITH"},{"data":"Consume","floor":25,"key":"SMITH"},{"data":"Hologram","floor":27,"key":"SMITH"},{"floor":32,"key":"REST"},{"floor":40,"key":"REST"},{"data":"Buffer","floor":44,"key":"SMITH"},{"floor":49,"key":"REST"}],"neow_cost":"NO_GOLD","seed_source_timestamp":1552380620180540,"circlet_count":0,"master_deck":["AscendersBane","Strike_B","Defend_B","Defend_B","Defend_B","Defend_B","Zap+1","Dualcast","Leap","Ball Lightning","Cold Snap","Gash","Seek","Defragment+1","Conserve Battery","Ball Lightning","Hologram+1","Cold Snap","Hologram","Buffer+1","Conserve Battery","Cold Snap","Conserve Battery","Gash","All For One","White Noise","Lockon","Consume+1","Conserve Battery","Hologram+1","Undo","All For One","All For One","Ball Lightning+1","Reinforced Body","Electrodynamics","Glacier","Hologram","Buffer+1","Glacier+1"],"relics":["Cracked Core","Prayer Wheel","Turnip","Singing Bowl","Inserter","Question Card","Snecko Eye","Art of War","PreservedInsect","Du-Vu Doll","Red Mask","Sundial"],"potions_floor_usage":[5,7,16,16,29,30,31,35,38,41,50,51],"damage_taken":[{"damage":1,"enemies":"Cultist","floor":1,"turns":3},{"damage":7,"enemies":"Jaw Worm","floor":2,"turns":3},{"damage":0,"enemies":"Small Slimes","floor":3,"turns":3},{"damage":6,"enemies":"Blue Slaver","floor":4,"turns":4},{"damage":4,"enemies":"2 Fungi Beasts","floor":5,"turns":3},{"damage":6,"enemies":"Lagavulin","floor":7,"turns":6},{"damage":9,"enemies":"Exordium Wildlife","floor":8,"turns":4},{"damage":0,"enemies":"Large Slime","floor":10,"turns":3},{"damage":9,"enemies":"2 Fungi Beasts","floor":12,"turns":3},{"damage":0,"enemies":"Slime Boss","floor":16,"turns":9},{"damage":0,"enemies":"Chosen","floor":18,"turns":5},{"damage":21,"enemies":"Shell Parasite","floor":21,"turns":5},{"damage":7,"enemies":"Centurion and Healer","floor":22,"turns":7},{"damage":19,"enemies":"Snake Plant","floor":28,"turns":4},{"damage":13,"enemies":"Shelled Parasite and Fungi","floor":29,"turns":6},{"damage":8,"enemies":"Centurion and Healer","floor":30,"turns":8},{"damage":4,"enemies":"Snake Plant","floor":31,"turns":6},{"damage":7,"enemies":"Champ","floor":33,"turns":11},{"damage":20,"enemies":"3 Shapes","floor":35,"turns":6},{"damage":0,"enemies":"Orb Walker","floor":37,"turns":3},{"damage":24,"enemies":"Spire Growth","floor":38,"turns":5},{"damage":0,"enemies":"Transient","floor":39,"turns":6},{"damage":0,"enemies":"Reptomancer","floor":41,"turns":4},{"damage":7,"enemies":"Jaw Worm Horde","floor":42,"turns":5},{"damage":15,"enemies":"Spire Growth","floor":45,"turns":4},{"damage":0,"enemies":"Giant Head","floor":48,"turns":7},{"damage":33,"enemies":"Donu and Deca","floor":50,"turns":13},{"damage":0,"enemies":"Time Eater","floor":51,"turns":16}],"seed_played":"-3306390797686887098","potions_obtained":[{"floor":1,"key":"SkillPotion"},{"floor":4,"key":"SteroidPotion"},{"floor":8,"key":"Ancient Potion"},{"floor":12,"key":"Regen Potion"},{"floor":14,"key":"Explosive Potion"},{"floor":21,"key":"GamblersBrew"},{"floor":22,"key":"FearPotion"},{"floor":29,"key":"Energy Potion"},{"floor":30,"key":"Weak Potion"},{"floor":37,"key":"EssenceOfSteel"},{"floor":39,"key":"PowerPotion"},{"floor":41,"key":"LiquidBronze"},{"floor":45,"key":"Energy Potion"}],"is_trial":false,"path_per_floor":["M","M","M","M","M","R","E","M","T","M","R","M","$","?","R","B",null,"M","?","$","M","M","R","$","R","T","R","M","M","M","M","R","B",null,"M","$","M","M","M","R","E","M","T","R","M","?","?","E","R","B","B",null],"character_chosen":"DEFECT","items_purchased":["Gash","Art of War"],"campfire_rested":4,"item_purchase_floors":[13,36],"current_hp_per_floor":[63,56,56,50,46,46,40,31,31,31,31,22,22,22,43,58,68,70,70,70,49,44,44,44,44,44,44,29,18,12,10,35,28,71,55,55,55,33,33,60,62,57,57,57,44,44,44,46,75,42,42],"gold":33,"neow_bonus":"ONE_RARE_RELIC","is_prod":false,"is_daily":false,"chose_seed":false,"campfire_upgraded":6,"win_rate":0,"timestamp":1548637070,"path_taken":["M","M","M","M","M","R","E","?","T","M","R","M","$","?","R","BOSS","M","?","$","M","M","R","?","R","T","R","M","?","M","M","R","BOSS","M","$","M","M","M","R","E","M","T","R","M","?","?","E","R","BOSS","BOSS"],"build_version":"2019-01-23","purchased_purges":2,"victory":true,"max_hp_per_floor":[71,71,71,71,71,71,71,71,71,71,71,71,71,71,71,71,71,73,73,73,73,75,75,75,75,75,75,79,81,83,85,85,85,85,89,89,89,91,91,91,93,95,95,95,97,97,97,99,99,99,99],"card_choices":[{"not_picked":["Coolheaded","Rebound"],"picked":"Leap","floor":1},{"not_picked":["Reinforced Body","Stack"],"picked":"Ball Lightning","floor":1},{"not_picked":["Lockon","Streamline"],"picked":"Cold Snap","floor":2},{"not_picked":["Sweeping Beam","Leap"],"picked":"Gash","floor":2},{"not_picked":["Redo","Turbo","Static Discharge"],"picked":"SKIP","floor":3},{"not_picked":["Rebound","Heatsinks","Hello World"],"picked":"SKIP","floor":3},{"not_picked":["Capacitor","Turbo"],"picked":"Seek","floor":4},{"not_picked":["Gash","Leap"],"picked":"Defragment","floor":4},{"not_picked":["Streamline","White Noise"],"picked":"Conserve Battery","floor":5},{"not_picked":["Turbo","Beam Cell"],"picked":"Ball Lightning","floor":5},{"not_picked":["Force Field","Doom and Gloom"],"picked":"Hologram","floor":7},{"not_picked":["Go for the Eyes","Reinforced Body"],"picked":"Cold Snap","floor":8},{"not_picked":["Leap","Compile Driver"],"picked":"Hologram","floor":8},{"not_picked":["Beam Cell","Leap"],"picked":"Buffer","floor":10},{"not_picked":["White Noise","Heatsinks"],"picked":"Conserve Battery","floor":10},{"not_picked":["Blizzard","Leap"],"picked":"Cold Snap","floor":12},{"not_picked":["Darkness","Barrage"],"picked":"Conserve Battery","floor":12},{"not_picked":["Creative AI","Reboot"],"picked":"All For One","floor":16},{"not_picked":["Turbo+1","Beam Cell","Streamline"],"picked":"Singing Bowl","floor":18},{"not_picked":["Capacitor","Coolheaded"],"picked":"White Noise","floor":18},{"not_picked":["Conserve Battery","Cold Snap"],"picked":"Consume","floor":21},{"not_picked":["Go for the Eyes","Steam Power"],"picked":"Conserve Battery","floor":21},{"not_picked":["Reprogram","Undo+1"],"picked":"Hologram+1","floor":22},{"not_picked":["Chill+1","Conserve Battery","Chaos"],"picked":"Singing Bowl","floor":22},{"not_picked":["Skim","Rebound+1","Leap","Darkness"],"picked":"Singing Bowl","floor":28},{"not_picked":["Redo","Leap","Ball Lightning","Turbo"],"picked":"Singing Bowl","floor":28},{"not_picked":["Ball Lightning","Coolheaded","Melter","Go for the Eyes"],"picked":"Singing Bowl","floor":29},{"not_picked":["Loop+1","Sweeping Beam","Rebound"],"picked":"Undo","floor":29},{"not_picked":["Tempest","Leap","Redo","Coolheaded"],"picked":"Singing Bowl","floor":30},{"not_picked":["Leap","Turbo","Melter+1"],"picked":"All For One","floor":30},{"not_picked":["Consume","Beam Cell","Redo"],"picked":"Go for the Eyes","floor":31},{"not_picked":["Recycle","Coolheaded","Doom and Gloom","Rebound"],"picked":"Singing Bowl","floor":31},{"not_picked":["Creative AI","Buffer","Thunder Strike"],"picked":"All For One","floor":33},{"not_picked":["Barrage","Darkness","Storm","Consume"],"picked":"Singing Bowl","floor":35},{"not_picked":["Barrage+1","Melter","Sweeping Beam","Stack"],"picked":"Singing Bowl","floor":35},{"not_picked":["Capacitor","Rebound","Conserve Battery"],"picked":"Ball Lightning+1","floor":37},{"not_picked":["Cold Snap+1","BootSequence","Turbo"],"picked":"Reinforced Body","floor":37},{"not_picked":["Defragment+1","Double Energy","Melter"],"picked":"Electrodynamics","floor":38},{"not_picked":["BootSequence","Beam Cell","Force Field","FTL"],"picked":"SKIP","floor":38},{"not_picked":["BootSequence","Beam Cell","Force Field","FTL"],"picked":"Singing Bowl","floor":38},{"not_picked":["Steam Power","Consume","Beam Cell"],"picked":"Glacier","floor":39},{"not_picked":["Coolheaded+1","Conserve Battery","Turbo"],"picked":"Hologram","floor":39},{"not_picked":["Blizzard","Skim","Gash","Rainbow"],"picked":"Singing Bowl","floor":41},{"not_picked":["Cold Snap","Recycle+1","Auto Shields","Skim"],"picked":"Singing Bowl","floor":42},{"not_picked":["Coolheaded","Redo","Reinforced Body+1"],"picked":"Buffer","floor":42},{"not_picked":["Conserve Battery","Sweeping Beam","Steam"],"picked":"Glacier+1","floor":45},{"not_picked":["Double Energy+1","Beam Cell","Redo","Darkness+1"],"picked":"Singing Bowl","floor":45},{"not_picked":["Lockon+1","Cold Snap","Double Energy+1","Steam"],"picked":"Singing Bowl","floor":48}],"player_experience":1270445,"relics_obtained":[{"floor":7,"key":"Turnip"},{"floor":9,"key":"Singing Bowl"},{"floor":26,"key":"Question Card"},{"floor":41,"key":"PreservedInsect"},{"floor":43,"key":"Du-Vu Doll"},{"floor":48,"key":"Sundial"}],"event_choices":[{"damage_healed":0,"gold_gain":0,"player_choice":"Got Potions","damage_taken":0,"max_hp_gain":0,"max_hp_loss":0,"event_name":"Lab","floor":14,"gold_loss":0},{"damage_healed":0,"gold_gain":0,"cards_transformed":["Strike_B"],"player_choice":"Transformed","damage_taken":0,"max_hp_gain":0,"max_hp_loss":0,"event_name":"Transmorgrifier","floor":19,"gold_loss":0,"cards_obtained":["Lockon"]},{"cards_removed":["Go for the Eyes"],"damage_healed":0,"gold_gain":0,"player_choice":"Removed Attack","damage_taken":0,"max_hp_gain":0,"max_hp_loss":0,"event_name":"Falling","floor":46,"gold_loss":0},{"damage_healed":0,"gold_gain":0,"player_choice":"Paid","damage_taken":0,"relics_obtained":["Red Mask"],"max_hp_gain":0,"max_hp_loss":0,"event_name":"Tomb of Lord Red Mask","floor":47,"gold_loss":148}],"is_beta":true,"boss_relics":[{"not_picked":["Ectoplasm","Nuclear Battery"],"picked":"Inserter"},{"not_picked":["Black Star","Cursed Key"],"picked":"Snecko Eye"}],"items_purged_floors":[13,20],"is_endless":false,"potions_floor_spawned":[1,4,8,12,21,22,29,30,37,39,41,45],"ascension_level":20}