{"gold_per_floor":[119,131,149,159,159,159,190,40,40,67,79,106,126,146,146,244,244,260,185,201,201,217,246,257,257,257,257,89,102,113,133,133,233,233,245,245,261,7,7,7,19,50,50,50,103,121,154,168,168,168,168,168,17,51,51],"floor_reached":56,"playtime":3826,"items_purged":["Strike_G","Normality"],"score":1385,"play_id":"6ffd926a-5fdd-47c2-90da-03bfe1f794d8","local_time":"20181104232214","is_ascension_mode":true,"campfire_choices":[{"data":"Cloak And Dagger","floor":6,"key":"SMITH"},{"data":"Noxious Fumes","floor":15,"key":"SMITH"},{"floor":25,"key":"RECALL"},{"data":"Infinite Blades","floor":27,"key":"SMITH"},{"data":"Cloak And Dagger","floor":32,"key":"SMITH"},{"data":"Madness","floor":40,"key":"SMITH"},{"data":"Madness","floor":44,"key":"SMITH"},{"data":"PiercingWail","floor":49,"key":"SMITH"},{"data":"Dodge and Roll","floor":52,"key":"SMITH"}],"neow_cost":"NONE","seed_source_timestamp":732616356436957,"circlet_count":0,"master_deck":["Defend_G","Defend_G","Defend_G","Defend_G","Defend_G","Strike_G","Strike_G","Strike_G","Survivor","Neutralize+1","Poisoned Stab","Cloak And Dagger+1","Dagger Spray","Infinite Blades+1","PiercingWail+1","Blur","Noxious Fumes+1","Well Laid Plans+1","Writhe","PiercingWail+1","Slice","Slice","Crippling Poison","Cloak And Dagger+1","Backstab","Endless Agony","Cloak And Dagger+1","Endless Agony","Dodge and Roll+1","Slice","Madness+1","Madness+1","Backstab+1","Blade Dance+1","Dodge and Roll+1","Burst+1","Backflip+1","Doppelganger+1"],"relics":["Ring of the Snake","Singing Bowl","Dead Branch","Blue Candle","Blood Vial","Lantern","Cursed Key","Kunai","Shuriken","Orrery","Ninja Scroll","Bag of Marbles","Nunchaku","Toxic Egg 2","Snake Skull","Bag of Preparation"],"potions_floor_usage":[10,16,16,16,18,23,31,45,55,55],"damage_taken":[{"damage":0,"enemies":"2 Louse","floor":1,"turns":3},{"damage":0,"enemies":"Jaw Worm","floor":2,"turns":4},{"damage":0,"enemies":"Cultist","floor":3,"turns":4},{"damage":0,"enemies":"2 Fungi Beasts","floor":4,"turns":4},{"damage":15,"enemies":"Gremlin Nob","floor":7,"turns":5},{"damage":5,"enemies":"3 Sentries","floor":10,"turns":4},{"damage":8,"enemies":"Exordium Wildlife","floor":11,"turns":5},{"damage":3,"enemies":"Lagavulin","floor":12,"turns":7},{"damage":0,"enemies":"Looter","floor":13,"turns":2},{"damage":0,"enemies":"2 Fungi Beasts","floor":14,"turns":2},{"damage":16,"enemies":"Slime Boss","floor":16,"turns":10},{"damage":0,"enemies":"2 Thieves","floor":18,"turns":4},{"damage":9,"enemies":"Shell Parasite","floor":20,"turns":5},{"damage":12,"enemies":"Snake Plant","floor":22,"turns":5},{"damage":13,"enemies":"Gremlin Leader","floor":23,"turns":6},{"damage":12,"enemies":"Shelled Parasite and Fungi","floor":24,"turns":5},{"damage":1,"enemies":"Sentry and Sphere","floor":29,"turns":5},{"damage":1,"enemies":"3 Cultists","floor":30,"turns":4},{"damage":8,"enemies":"Snake Plant","floor":31,"turns":5},{"damage":17,"enemies":"Champ","floor":33,"turns":6},{"damage":1,"enemies":"3 Shapes","floor":35,"turns":3},{"damage":1,"enemies":"3 Darklings","floor":37,"turns":3},{"damage":1,"enemies":"Transient","floor":41,"turns":5},{"damage":1,"enemies":"Giant Head","floor":42,"turns":2},{"damage":1,"enemies":"2 Orb Walkers","floor":45,"turns":2},{"damage":1,"enemies":"Spire Growth","floor":46,"turns":2},{"damage":8,"enemies":"Nemesis","floor":47,"turns":3},{"damage":1,"enemies":"Maw","floor":48,"turns":4},{"damage":8,"enemies":"Awakened One","floor":50,"turns":8},{"damage":1,"enemies":"Shield and Spear","floor":54,"turns":6},{"damage":36,"enemies":"The Heart","floor":55,"turns":8}],"seed_played":"-932466726578247642","potions_obtained":[{"floor":3,"key":"Explosive Potion"},{"floor":11,"key":"Weak Potion"},{"floor":12,"key":"GamblersBrew"},{"floor":13,"key":"EntropicBrew"},{"floor":16,"key":"SkillPotion"},{"floor":22,"key":"Energy Potion"},{"floor":24,"key":"SkillPotion"},{"floor":29,"key":"Dexterity Potion"},{"floor":37,"key":"GamblersBrew"},{"floor":45,"key":"GamblersBrew"},{"floor":46,"key":"SpeedPotion"}],"is_trial":false,"path_per_floor":["M","M","M","M","?","R","E","$","T","E","M","E","M","M","R","B",null,"M","?","M","?","M","E","M","R","T","R","$","M","M","M","R","B",null,"M","?","M","$","?","R","M","E","T","R","?","M","E","M","R","B",null,"R","$","E","B",null],"character_chosen":"THE_SILENT","items_purchased":["Infinite Blades","Crippling Poison","Ninja Scroll","Snake Skull"],"campfire_rested":0,"item_purchase_floors":[8,28,38,53],"current_hp_per_floor":[70,70,70,70,67,67,52,52,52,47,43,42,44,48,48,36,76,76,76,69,69,59,48,38,38,38,38,38,39,40,46,46,33,82,83,72,75,75,75,75,76,77,77,77,78,81,75,76,76,70,88,88,88,87,52],"gold":51,"neow_bonus":"UPGRADE_CARD","is_prod":false,"is_daily":false,"chose_seed":false,"campfire_upgraded":8,"win_rate":0,"timestamp":1541398934,"path_taken":["M","M","M","M","?","R","E","$","T","E","M","E","M","M","R","BOSS","M","?","M","?","M","E","M","R","T","R","$","M","M","M","R","BOSS","M","?","M","$","?","R","?","E","T","R","?","M","E","M","R","BOSS","R","$","E","BOSS"],"build_version":"2018-11-02","purchased_purges":2,"victory":true,"max_hp_per_floor":[70,70,70,70,70,70,70,70,70,70,72,72,72,74,74,76,76,76,76,78,78,78,78,78,78,78,78,78,78,78,78,78,80,82,84,84,86,86,86,86,86,86,86,86,86,88,88,88,88,88,88,88,88,88,88],"card_choices":[{"not_picked":["Deadly Poison","Outmaneuver"],"picked":"Poisoned Stab","floor":1},{"not_picked":["Blade Dance","Accuracy","Bane"],"picked":"SKIP","floor":2},{"not_picked":["Acrobatics","Caltrops"],"picked":"Cloak And Dagger","floor":3},{"not_picked":["Outmaneuver","Expertise","Deflect"],"picked":"SKIP","floor":4},{"not_picked":["Flying Knee","Escape Plan"],"picked":"Dagger Spray","floor":7},{"not_picked":["Backflip","Setup"],"picked":"PiercingWail","floor":10},{"not_picked":["Choke","Dagger Spray","Masterful Stab"],"picked":"Singing Bowl","floor":11},{"not_picked":["Skewer","Underhanded Strike"],"picked":"Blur","floor":12},{"not_picked":["All Out Attack","Acrobatics"],"picked":"Noxious Fumes","floor":13},{"not_picked":["Storm of Steel","Slice","Acrobatics"],"picked":"Singing Bowl","floor":14},{"not_picked":["Venomology","Envenom","Bullet Time"],"picked":"Singing Bowl","floor":16},{"not_picked":["Finisher+1","Slice+1"],"picked":"Well Laid Plans+1","floor":18},{"not_picked":["Setup","Well Laid Plans","Deadly Poison+1"],"picked":"Singing Bowl","floor":20},{"not_picked":["Infinite Blades","Underhanded Strike+1"],"picked":"PiercingWail+1","floor":22},{"not_picked":["Outmaneuver","Underhanded Strike"],"picked":"Slice","floor":23},{"not_picked":["Tactician","Backflip"],"picked":"Slice","floor":24},{"not_picked":["Deadly Poison+1","Tactician"],"picked":"Cloak And Dagger","floor":29},{"not_picked":["Wraith Form v2","Prepared+1"],"picked":"Backstab","floor":30},{"not_picked":["Dagger Spray","Acrobatics"],"picked":"Endless Agony","floor":31},{"not_picked":["Tools of the Trade","A Thousand Cuts","Bullet Time"],"picked":"Singing Bowl","floor":33},{"not_picked":["Terror","Riddle With Holes"],"picked":"Cloak And Dagger+1","floor":34},{"not_picked":["Flying Knee+1","Setup"],"picked":"Endless Agony","floor":34},{"not_picked":["Flying Knee+1","Predator","Blade Dance"],"picked":"Singing Bowl","floor":34},{"not_picked":["Dagger Spray","Envenom"],"picked":"Dodge and Roll","floor":34},{"not_picked":["Quick Slash+1","All Out Attack"],"picked":"Slice","floor":34},{"not_picked":["Riddle With Holes","Outmaneuver","Dodge and Roll"],"picked":"Singing Bowl","floor":35},{"not_picked":["Tactician","Flechettes+1","Slice"],"picked":"Singing Bowl","floor":37},{"not_picked":["Deadly Poison","Outmaneuver+1"],"picked":"Backstab+1","floor":41},{"not_picked":["All Out Attack","Storm of Steel"],"picked":"Blade Dance+1","floor":42},{"not_picked":["Eviscerate+1","Dagger Throw"],"picked":"Dodge and Roll+1","floor":45},{"not_picked":["Deadly Poison","Dagger Throw+1","Bane"],"picked":"Singing Bowl","floor":46},{"not_picked":["Prepared","Setup+1"],"picked":"Burst","floor":47},{"not_picked":["Flying Knee","Deflect+1"],"picked":"Backflip+1","floor":48},{"not_picked":["Blur+1","Sucker Punch+1"],"picked":"Doppelganger+1","floor":54}],"player_experience":1107399,"relics_obtained":[{"floor":7,"key":"Dead Branch"},{"floor":9,"key":"Blue Candle"},{"floor":10,"key":"Blood Vial"},{"floor":12,"key":"Lantern"},{"floor":23,"key":"Shuriken"},{"floor":42,"key":"Bag of Marbles"},{"floor":45,"key":"Nunchaku"},{"floor":47,"key":"Toxic Egg 2"},{"floor":54,"key":"Bag of Preparation"}],"event_choices":[{"damage_healed":0,"gold_gain":0,"player_choice":"Success","damage_taken":3,"relics_obtained":["Singing Bowl"],"max_hp_gain":0,"max_hp_loss":0,"event_name":"Scrap Ooze","floor":5,"gold_loss":0},{"cards_removed":["Strike_G"],"damage_healed":0,"gold_gain":0,"player_choice":"Gave Gold","damage_taken":0,"max_hp_gain":0,"max_hp_loss":0,"event_name":"Beggar","floor":19,"gold_loss":75},{"damage_healed":0,"gold_gain":0,"player_choice":"Opened","damage_taken":0,"relics_obtained":["Kunai"],"max_hp_gain":0,"max_hp_loss":0,"event_name":"The Mausoleum","floor":21,"gold_loss":0,"cards_obtained":["Writhe"]},{"damage_healed":0,"gold_gain":0,"player_choice":"Embrace Madness","damage_taken":11,"max_hp_gain":0,"max_hp_loss":0,"event_name":"Winding Halls","floor":36,"gold_loss":0,"cards_obtained":["Madness","Madness"]},{"damage_healed":0,"gold_gain":0,"player_choice":"Ignored","damage_taken":0,"max_hp_gain":0,"max_hp_loss":0,"event_name":"SecretPortal","floor":39,"gold_loss":0},{"damage_healed":0,"gold_gain":0,"player_choice":"Fight","damage_taken":0,"max_hp_gain":0,"max_hp_loss":0,"event_name":"Mysterious Sphere","floor":45,"gold_loss":0}],"is_beta":true,"boss_relics":[{"not_picked":["Black Star","Philosopher\u0027s Stone"],"picked":"Cursed Key"},{"not_picked":["Velvet Choker","Calling Bell"],"picked":"Orrery"}],"items_purged_floors":[8,28],"is_endless":false,"potions_floor_spawned":[3,11,12,13,16,22,24,29,30,37,45,46,48],"ascension_level":1}