{"gold_per_floor":[111,211,139,157,167,196,210,210,210,227,246,319,319,345,345,446,446,464,464,389,403,403,436,454,468,539,539,539,539,539,555,555,555],"floor_reached":33,"playtime":4036,"items_purged":[],"score":292,"play_id":"4d1774ef-82e9-48ad-98ca-41090046fd63","local_time":"20190201222415","is_ascension_mode":false,"campfire_choices":[{"floor":8,"key":"REST"},{"data":"Combust","floor":13,"key":"SMITH"},{"data":"Clothesline","floor":15,"key":"SMITH"},{"data":"Intimidate","floor":28,"key":"SMITH"},{"floor":32,"key":"REST"}],"neow_cost":"NONE","seed_source_timestamp":1172224028882966,"circlet_count":0,"master_deck":["Defend_R","Defend_R","Bash","Battle Trance","Combust+1","Combust","Intimidate+1","Cleave","Juggernaut","Flex","Anger","Clothesline+1","Offering","Dual Wield+1","Bite","Bite","Bite","Bite","Bite","Ghostly Armor","Infernal Blade+1","Headbutt","Shrug It Off","Dropkick","Sword Boomerang+1"],"relics":["Burning Blood","Orichalcum","Mummified Hand","Ancient Tea Set","Sozu","Meat on the Bone","Pear"],"potions_floor_usage":[23],"damage_taken":[{"damage":1,"enemies":"Jaw Worm","floor":1,"turns":4},{"damage":3,"enemies":"Cultist","floor":4,"turns":3},{"damage":5,"enemies":"Small Slimes","floor":5,"turns":4},{"damage":41,"enemies":"Gremlin Nob","floor":6,"turns":5},{"damage":1,"enemies":"Exordium Wildlife","floor":7,"turns":2},{"damage":8,"enemies":"Large Slime","floor":10,"turns":3},{"damage":4,"enemies":"3 Louse","floor":11,"turns":2},{"damage":33,"enemies":"Hexaghost","floor":16,"turns":7},{"damage":3,"enemies":"Chosen","floor":18,"turns":3},{"damage":24,"enemies":"2 Thieves","floor":21,"turns":3},{"damage":35,"enemies":"Book of Stabbing","floor":23,"turns":4},{"damage":23,"enemies":"3 Cultists","floor":24,"turns":5},{"damage":13,"enemies":"Snecko","floor":25,"turns":3},{"damage":22,"enemies":"Snake Plant","floor":31,"turns":4},{"damage":77,"enemies":"Collector","floor":33,"turns":7}],"seed_played":"1999764785693154817","potions_obtained":[{"floor":5,"key":"AttackPotion"},{"floor":6,"key":"FearPotion"},{"floor":7,"key":"Regen Potion"},{"floor":10,"key":"Block Potion"}],"is_trial":false,"path_per_floor":["M","?","$","M","M","E","M","R","T","M","M","?","R","T","R","B",null,"M","?","?","M","?","E","M","M","T","?","R","?","$","M","R","B"],"character_chosen":"IRONCLAD","items_purchased":["Combust"],"campfire_rested":2,"item_purchase_floors":[3],"current_hp_per_floor":[80,80,80,80,80,45,50,74,74,72,74,74,74,74,74,47,80,80,56,56,38,38,19,30,41,51,51,51,45,45,49,66,0],"gold":555,"neow_bonus":"THREE_CARDS","is_prod":false,"is_daily":false,"chose_seed":false,"campfire_upgraded":3,"win_rate":0.0,"timestamp":1549059855,"path_taken":["M","?","$","M","M","E","M","R","T","M","?","?","R","?","R","BOSS","M","?","?","M","?","E","M","?","T","?","R","?","$","M","R","BOSS"],"build_version":"2019-01-23","purchased_purges":0,"victory":false,"max_hp_per_floor":[80,80,80,80,80,80,80,80,80,80,80,80,80,80,80,80,80,80,56,56,56,56,56,56,56,66,66,66,66,66,66,66,66],"card_choices":[{"not_picked":["Clash","Clothesline"],"picked":"Battle Trance","floor":0},{"not_picked":["Twin Strike","Reckless Charge"],"picked":"Combust","floor":1},{"not_picked":["Clothesline","Reckless Charge"],"picked":"Intimidate","floor":4},{"not_picked":["Body Slam","Flame Barrier"],"picked":"Cleave","floor":5},{"not_picked":["Spot Weakness","Armaments"],"picked":"Juggernaut","floor":6},{"not_picked":["Clothesline","Searing Blow"],"picked":"Flex","floor":7},{"not_picked":["Whirlwind","Perfected Strike"],"picked":"Anger","floor":10},{"not_picked":["Thunderclap","Ghostly Armor"],"picked":"Clothesline","floor":11},{"not_picked":["Barricade","Brutality"],"picked":"Offering","floor":16},{"not_picked":["Flame Barrier","True Grit"],"picked":"Dual Wield+1","floor":18},{"not_picked":["Clothesline","Carnage"],"picked":"Ghostly Armor","floor":21},{"not_picked":["Anger+1","Second Wind"],"picked":"Infernal Blade+1","floor":23},{"not_picked":["Reckless Charge","Heavy Blade+1"],"picked":"Headbutt","floor":24},{"not_picked":["Clothesline","Headbutt"],"picked":"Shrug It Off","floor":25},{"not_picked":["Combust","Clothesline"],"picked":"Sword Boomerang+1","floor":31}],"player_experience":50574,"relics_obtained":[{"floor":6,"key":"Orichalcum"},{"floor":9,"key":"Mummified Hand"},{"floor":14,"key":"Ancient Tea Set"},{"floor":23,"key":"Meat on the Bone"},{"floor":26,"key":"Pear"}],"event_choices":[{"damage_healed":0,"gold_gain":100,"player_choice":"Pray","damage_taken":0,"max_hp_gain":0,"max_hp_loss":0,"event_name":"Golden Shrine","floor":2,"gold_loss":0},{"damage_healed":0,"gold_gain":73,"player_choice":"Gained Gold","damage_taken":0,"max_hp_gain":0,"max_hp_loss":0,"event_name":"Golden Wing","floor":12,"gold_loss":0},{"damage_healed":0,"gold_gain":0,"player_choice":"Became a vampire","damage_taken":0,"max_hp_gain":0,"max_hp_loss":24,"event_name":"Vampires","floor":19,"gold_loss":0,"cards_obtained":["Bite","Bite","Bite","Bite","Bite"]},{"cards_removed":["Defend_R"],"damage_healed":0,"gold_gain":0,"player_choice":"Gave Gold","damage_taken":0,"max_hp_gain":0,"max_hp_loss":0,"event_name":"Beggar","floor":20,"gold_loss":75},{"cards_removed":["Defend_R"],"damage_healed":0,"gold_gain":0,"player_choice":"Purged","damage_taken":0,"max_hp_gain":0,"max_hp_loss":0,"event_name":"Purifier","floor":22,"gold_loss":0},{"damage_healed":0,"gold_gain":0,"player_choice":"Read","damage_taken":0,"max_hp_gain":0,"max_hp_loss":0,"event_name":"The Library","floor":27,"gold_loss":0,"cards_obtained":["Dropkick"]},{"damage_healed":0,"gold_gain":0,"player_choice":"Damaged","damage_taken":6,"max_hp_gain":0,"max_hp_loss":0,"event_name":"Wheel of Change","floor":29,"gold_loss":0}],"is_beta":false,"boss_relics":[{"not_picked":["Ectoplasm","Runic Cube"],"picked":"Sozu"}],"items_purged_floors":[],"is_endless":false,"potions_floor_spawned":[5,6,7,10,23,24,25],"killed_by":"Collector","ascension_level":0}