{"gold_per_floor":[118,135,155,155,167,167,180,180,231,231,250,38,93,103,103,208,208,226,237,0,99,118,118,151,151,151,151,164,87,102,121,121,218,218,236,236,247,247],"floor_reached":38,"playtime":3769,"items_purged":["Strike_B","Strike_B"],"score":415,"play_id":"d5f9d700-ffe9-43be-9556-bb0a091ed327","local_time":"20181013181222","is_ascension_mode":false,"campfire_choices":[{"data":"Coolheaded","floor":6,"key":"SMITH"},{"data":"Creative AI","floor":8,"key":"SMITH"},{"data":"Defragment","floor":10,"key":"SMITH"},{"floor":15,"key":"REST"},{"data":"Amplify","floor":23,"key":"SMITH"},{"floor":25,"key":"REST"},{"data":"White Noise","floor":27,"key":"SMITH"},{"floor":32,"key":"REST"}],"neow_cost":"NONE","seed_source_timestamp":8675289724418,"circlet_count":0,"master_deck":["Defend_B","Defend_B","Zap","Dualcast+1","Gash+1","Defragment+1","Turbo","Creative AI+1","Coolheaded+1","Defragment","White Noise+1","All For One","Double Energy","Cold Snap+1","Amplify+1","Defragment","Chill","Blizzard","Glacier","FTL","Reboot","Reprogram+1","FTL","Capacitor","Compile Driver+1","Barrage+1","Electrodynamics","Echo Form+1","Ball Lightning+1","Loop+1","Double Energy+1","Loop+1"],"relics":["Cracked Core","Strawberry","Darkstone Periapt","Orrery","Whetstone","Pear","Astrolabe","Shovel"],"potions_floor_usage":[14,16,22,24,24,30,36],"damage_taken":[{"damage":1,"enemies":"Cultist","floor":1,"turns":3},{"damage":2,"enemies":"Small Slimes","floor":2,"turns":4},{"damage":1,"enemies":"Jaw Worm","floor":3,"turns":2},{"damage":26,"enemies":"Exordium Thugs","floor":5,"turns":6},{"damage":5,"enemies":"Lots of Slimes","floor":7,"turns":4},{"damage":10,"enemies":"Looter","floor":11,"turns":4},{"damage":23,"enemies":"Gremlin Nob","floor":13,"turns":4},{"damage":5,"enemies":"3 Louse","floor":14,"turns":2},{"damage":8,"enemies":"Hexaghost","floor":16,"turns":7},{"damage":10,"enemies":"3 Byrds","floor":18,"turns":2},{"damage":8,"enemies":"Chosen","floor":19,"turns":13},{"damage":12,"enemies":"Snake Plant","floor":22,"turns":7},{"damage":50,"enemies":"Slavers","floor":24,"turns":8},{"damage":4,"enemies":"Centurion and Healer","floor":28,"turns":10},{"damage":25,"enemies":"Snecko","floor":30,"turns":7},{"damage":0,"enemies":"Sentry and Sphere","floor":31,"turns":8},{"damage":22,"enemies":"Collector","floor":33,"turns":10},{"damage":17,"enemies":"3 Darklings","floor":35,"turns":3},{"damage":15,"enemies":"Mind Bloom Boss Battle","floor":36,"turns":8},{"damage":7,"enemies":"Orb Walker","floor":37,"turns":4},{"damage":53,"enemies":"Spire Growth","floor":38,"turns":3}],"seed_played":"-1735728848331936592","potions_obtained":[{"floor":1,"key":"Dexterity Potion"},{"floor":2,"key":"SmokeBomb"},{"floor":3,"key":"Poison Potion"},{"floor":13,"key":"Explosive Potion"},{"floor":18,"key":"Explosive Potion"},{"floor":22,"key":"Fire Potion"},{"floor":28,"key":"Swift Potion"},{"floor":33,"key":"Poison Potion"},{"floor":35,"key":"Block Potion"}],"is_trial":false,"path_per_floor":["M","M","M","?","M","R","M","R","T","R","M","$","?","M","R","B",null,"M","M","$","?","M","R","E","R","T","R","M","$","M","M","R","B",null,"M","?","M"],"character_chosen":"DEFECT","items_purchased":["All For One","Reboot","Capacitor"],"campfire_rested":3,"item_purchase_floors":[12,20,29],"current_hp_per_floor":[74,72,71,71,45,45,40,40,47,47,37,37,14,9,33,25,82,72,64,64,64,52,52,2,26,36,36,32,32,7,7,34,12,92,75,60,53,0],"gold":247,"neow_bonus":"UPGRADE_CARD","is_prod":false,"is_daily":false,"chose_seed":false,"campfire_upgraded":5,"win_rate":0,"timestamp":1539465142,"path_taken":["M","?","M","?","M","R","M","R","T","R","M","$","?","M","R","BOSS","M","M","$","?","M","R","E","R","T","R","?","?","M","M","R","BOSS","M","?","M","M"],"build_version":"2018-10-11","purchased_purges":2,"victory":false,"max_hp_per_floor":[75,75,75,75,75,75,75,75,82,82,82,82,82,82,82,82,82,82,82,82,82,82,82,82,82,92,92,92,92,92,92,92,92,92,92,92,92,92],"card_choices":[{"not_picked":["Sweeping Beam","Stack"],"picked":"Gash","floor":1},{"not_picked":["Aggregate","Steam"],"picked":"Defragment","floor":2},{"not_picked":["Go for the Eyes","Genetic Algorithm"],"picked":"Turbo","floor":3},{"not_picked":["Scrape","Leap"],"picked":"Coolheaded","floor":5},{"not_picked":["Reprogram","Consume"],"picked":"Defragment","floor":7},{"not_picked":["Conserve Battery","Reprogram"],"picked":"White Noise","floor":11},{"not_picked":["Stack","Scrape"],"picked":"Double Energy","floor":13},{"not_picked":["Skim","Multi-Cast"],"picked":"Cold Snap","floor":14},{"not_picked":["Seek","All For One"],"picked":"Amplify","floor":16},{"not_picked":["Ball Lightning","FTL"],"picked":"Defragment","floor":17},{"not_picked":["Barrage","Streamline"],"picked":"Chill","floor":17},{"not_picked":["Aggregate","Streamline"],"picked":"Blizzard","floor":17},{"not_picked":["Hello World+1","Redo"],"picked":"Glacier","floor":18},{"not_picked":["Leap+1","Steam"],"picked":"FTL","floor":19},{"not_picked":["Steam Power","Stack"],"picked":"Reprogram+1","floor":22},{"not_picked":["Go for the Eyes","Hello World","Multi-Cast"],"picked":"SKIP","floor":24},{"not_picked":["Ball Lightning+1","Storm"],"picked":"FTL","floor":28},{"not_picked":["Sweeping Beam","Coolheaded"],"picked":"Compile Driver+1","floor":30},{"not_picked":["Sweeping Beam","Hologram"],"picked":"Barrage+1","floor":31},{"not_picked":["Meteor Strike","Amplify"],"picked":"Electrodynamics","floor":33},{"not_picked":["Compile Driver+1","Redo"],"picked":"Double Energy+1","floor":35},{"not_picked":["BootSequence","Force Field"],"picked":"Loop+1","floor":36},{"not_picked":["Ball Lightning+1","BootSequence","Hologram"],"picked":"SKIP","floor":37}],"player_experience":42944,"relics_obtained":[{"floor":9,"key":"Strawberry"},{"floor":13,"key":"Darkstone Periapt"},{"floor":24,"key":"Whetstone"},{"floor":26,"key":"Pear"},{"floor":36,"key":"Shovel"}],"event_choices":[{"event_name":"Transmorgrifier","player_choice":"Transform","floor":4,"damage_taken":0},{"event_name":"Dead Adventurer","player_choice":"Searched \u00271\u0027 times","floor":13,"damage_taken":0},{"event_name":"Nest","player_choice":"Stole From Cult","floor":21,"damage_taken":0},{"event_name":"MindBloom","player_choice":"Fight","floor":36,"damage_taken":0}],"is_beta":false,"boss_relics":[{"not_picked":["Cursed Key","Sozu"],"picked":"Orrery"},{"not_picked":["Snecko Eye","Velvet Choker"],"picked":"Astrolabe"}],"items_purged_floors":[12,20],"is_endless":false,"potions_floor_spawned":[1,2,3,13,18,22,28,33,35],"killed_by":"Spire Growth","ascension_level":0}