{"gold_per_floor":[110,110,130,142,142,173,197,237,284,305,329,329,342,355,355,483,483,508,533,554,578,578,578],"floor_reached":23,"playtime":2667,"items_purged":[],"score":219,"play_id":"30c6bab9-450d-4962-9663-5bf2b1495d8c","local_time":"20190215004249","is_ascension_mode":true,"campfire_choices":[{"floor":15,"key":"REST"}],"neow_cost":"NONE","seed_source_timestamp":2305123397111345,"circlet_count":0,"master_deck":["Defend_G","Defend_G","Defend_G","Defend_G","Defend_G","Strike_G","Strike_G","Strike_G","Strike_G","Survivor","Neutralize","Footwork","Riddle With Holes","All Out Attack","Night Terror","Underhanded Strike","Footwork","Backflip","Blur","Bouncing Flask","Bullet Time","Terror","Crippling Poison","Footwork","Setup+1"],"relics":["Snecko Eye","Golden Idol","Singing Bowl","Gremlin Horn","Eternal Feather","Potion Belt"],"potions_floor_usage":[6,11,19,21,23,23],"damage_taken":[{"damage":0,"enemies":"Jaw Worm","floor":1,"turns":5},{"damage":1,"enemies":"Small Slimes","floor":3,"turns":5},{"damage":6,"enemies":"2 Louse","floor":4,"turns":4},{"damage":11,"enemies":"Gremlin Nob","floor":6,"turns":5},{"damage":0,"enemies":"Exordium Thugs","floor":7,"turns":4},{"damage":28,"enemies":"3 Sentries","floor":8,"turns":12},{"damage":6,"enemies":"Red Slaver","floor":10,"turns":4},{"damage":2,"enemies":"3 Louse","floor":11,"turns":3},{"damage":2,"enemies":"Looter","floor":13,"turns":5},{"damage":3,"enemies":"Red Slaver","floor":14,"turns":4},{"damage":19,"enemies":"Hexaghost","floor":16,"turns":10},{"damage":0,"enemies":"Spheric Guardian","floor":18,"turns":4},{"damage":8,"enemies":"3 Byrds","floor":19,"turns":4},{"damage":0,"enemies":"Snecko","floor":20,"turns":6},{"damage":18,"enemies":"Shelled Parasite and Fungi","floor":21,"turns":7},{"damage":55,"enemies":"Slavers","floor":23,"turns":3}],"seed_played":"-3399820303098647211","potions_obtained":[{"floor":4,"key":"GhostInAJar"},{"floor":8,"key":"Weak Potion"},{"floor":13,"key":"Fire Potion"},{"floor":14,"key":"Regen Potion"},{"floor":19,"key":"PowerPotion"},{"floor":21,"key":"LiquidBronze"}],"is_trial":false,"path_per_floor":["M","?","M","M","?","E","M","E","T","M","M","?","M","M","R","B",null,"M","M","M","M","T","E"],"character_chosen":"THE_SILENT","items_purchased":[],"campfire_rested":1,"item_purchase_floors":[],"current_hp_per_floor":[70,63,62,56,56,45,45,17,17,11,9,9,9,6,26,7,67,67,59,59,41,41,0],"gold":578,"neow_bonus":"BOSS_RELIC","is_prod":false,"is_daily":false,"chose_seed":false,"campfire_upgraded":0,"win_rate":0,"timestamp":1550191369,"path_taken":["M","?","M","M","?","E","M","E","T","M","M","?","M","?","R","BOSS","M","M","M","M","?","E"],"build_version":"2019-01-23","purchased_purges":0,"victory":false,"max_hp_per_floor":[70,70,70,70,65,65,65,65,65,65,65,65,67,67,67,67,67,67,67,67,67,67,67],"card_choices":[{"not_picked":["Cloak And Dagger","Crippling Poison"],"picked":"Footwork","floor":1},{"not_picked":["Endless Agony","Dodge and Roll"],"picked":"Riddle With Holes","floor":3},{"not_picked":["Deflect","Expertise"],"picked":"All Out Attack","floor":4},{"not_picked":["Finisher","Deflect"],"picked":"Night Terror","floor":6},{"not_picked":["Outmaneuver","Bouncing Flask"],"picked":"Underhanded Strike","floor":7},{"not_picked":["Deadly Poison","Accuracy"],"picked":"Footwork","floor":8},{"not_picked":["Slice","Sucker Punch"],"picked":"Backflip","floor":10},{"not_picked":["Accuracy","Backstab"],"picked":"Blur","floor":11},{"not_picked":["Outmaneuver","Endless Agony","Masterful Stab"],"picked":"Singing Bowl","floor":13},{"not_picked":["Dodge and Roll","Prepared"],"picked":"Bouncing Flask","floor":14},{"not_picked":["Wraith Form v2","Doppelganger"],"picked":"Bullet Time","floor":16},{"not_picked":["Flechettes","Underhanded Strike"],"picked":"Terror","floor":18},{"not_picked":["Cloak And Dagger","Dagger Spray"],"picked":"Crippling Poison","floor":19},{"not_picked":["Underhanded Strike","Terror"],"picked":"Footwork","floor":20},{"not_picked":["Slice","Deflect"],"picked":"Setup+1","floor":21}],"player_experience":667620,"relics_obtained":[{"floor":6,"key":"Singing Bowl"},{"floor":8,"key":"Gremlin Horn"},{"floor":22,"key":"Potion Belt"}],"event_choices":[{"cards_removed":["Strike_G"],"damage_healed":0,"gold_gain":0,"player_choice":"Card Removal","damage_taken":7,"max_hp_gain":0,"max_hp_loss":0,"event_name":"Golden Wing","floor":2,"gold_loss":0},{"damage_healed":0,"gold_gain":0,"player_choice":"Lose Max HP","damage_taken":0,"relics_obtained":["Golden Idol"],"max_hp_gain":0,"max_hp_loss":5,"event_name":"Golden Idol","floor":5,"gold_loss":0},{"damage_healed":0,"gold_gain":0,"player_choice":"Ignored","damage_taken":0,"max_hp_gain":0,"max_hp_loss":0,"event_name":"Liars Game","floor":12,"gold_loss":0}],"is_beta":false,"boss_relics":[{"not_picked":["HoveringKite","Runic Dome"],"picked":"Eternal Feather"}],"items_purged_floors":[],"is_endless":false,"potions_floor_spawned":[4,8,13,14,19,21],"killed_by":"Slavers","ascension_level":1}