{"gold_per_floor":[111,126,126,51,66,96,96,42,69,34,63,63,92,111,111,182,182,202,213,213,27,39,39,57,57,57,17,32,44,44,64,64,138,138,152,166,166,166,41,41,41],"floor_reached":41,"playtime":1501,"items_purged":["Strike_B","Strike_B","Strike_B"],"score":822,"play_id":"7f675db7-6b50-485d-8b33-55c7a83cc2ce","local_time":"20190218111006","is_ascension_mode":true,"campfire_choices":[{"data":"Zap","floor":7,"key":"SMITH"},{"data":"Buffer","floor":12,"key":"SMITH"},{"data":"Darkness","floor":15,"key":"SMITH"},{"floor":23,"key":"REST"},{"data":"Darkness","floor":25,"key":"SMITH"},{"floor":30,"key":"REST"},{"data":"Redo","floor":32,"key":"SMITH"},{"floor":40,"key":"REST"}],"neow_cost":"NONE","seed_source_timestamp":401764904716100,"circlet_count":0,"master_deck":["AscendersBane","Defend_B","Defend_B","Defend_B","Defend_B+1","Zap+1","Dualcast","Gash","Ball Lightning","Darkness+1","Leap+1","Conserve Battery","Buffer+1","Darkness+1","Redo+1","All For One","Gash","Steam","Defragment+1","Defragment","Coolheaded+1","Defragment","FTL","Echo Form","Hologram","BootSequence"],"relics":["Cracked Core","NeowsBlessing","Bronze Scales","Vajra","War Paint","Potion Belt","Philosopher\u0027s Stone","Enchiridion","Sundial","Fusion Hammer"],"potions_floor_usage":[11,11,13,16,28,29,33],"damage_taken":[{"damage":0,"enemies":"2 Louse","floor":1,"turns":1},{"damage":0,"enemies":"Cultist","floor":2,"turns":1},{"damage":0,"enemies":"Small Slimes","floor":5,"turns":1},{"damage":32,"enemies":"3 Sentries","floor":6,"turns":7},{"damage":9,"enemies":"Lagavulin","floor":11,"turns":5},{"damage":5,"enemies":"3 Sentries","floor":13,"turns":4},{"damage":0,"enemies":"Blue Slaver","floor":14,"turns":3},{"damage":38,"enemies":"Slime Boss","floor":16,"turns":7},{"damage":20,"enemies":"Chosen","floor":18,"turns":4},{"damage":0,"enemies":"Spheric Guardian","floor":19,"turns":3},{"damage":11,"enemies":"Snecko","floor":22,"turns":5},{"damage":10,"enemies":"Centurion and Healer","floor":24,"turns":4},{"damage":11,"enemies":"3 Cultists","floor":28,"turns":4},{"damage":3,"enemies":"Snake Plant","floor":29,"turns":4},{"damage":0,"enemies":"Centurion and Healer","floor":31,"turns":5},{"damage":10,"enemies":"Automaton","floor":33,"turns":6},{"damage":43,"enemies":"3 Darklings","floor":35,"turns":6},{"damage":0,"enemies":"3 Shapes","floor":36,"turns":4},{"damage":36,"enemies":"3 Darklings","floor":41,"turns":2}],"seed_played":"3668860312685223408","potions_obtained":[{"floor":6,"key":"Ancient Potion"},{"floor":11,"key":"AttackPotion"},{"floor":13,"key":"Regen Potion"},{"floor":27,"key":"GamblersBrew"},{"floor":27,"key":"FearPotion"},{"floor":27,"key":"Ancient Potion"},{"floor":28,"key":"SkillPotion"},{"floor":31,"key":"SteroidPotion"},{"floor":36,"key":"FearPotion"}],"is_trial":false,"path_per_floor":["M","M","?","$","M","E","R","$","T","?","E","R","E","M","R","B",null,"M","M","?","$","M","R","M","R","T","?","M","M","R","M","R","B",null,"M","M","?","?","$","R","M"],"character_chosen":"DEFECT","items_purchased":["PowerPotion","FocusPotion"],"campfire_rested":3,"item_purchase_floors":[8,21],"current_hp_per_floor":[64,64,64,64,64,32,32,32,32,49,40,40,35,35,35,12,56,36,36,15,15,4,25,15,15,15,15,4,1,22,22,22,12,56,13,13,13,13,13,34,0],"gold":41,"neow_bonus":"THREE_ENEMY_KILL","is_prod":false,"is_daily":false,"chose_seed":false,"campfire_upgraded":5,"win_rate":0,"timestamp":1550513406,"path_taken":["M","M","?","$","?","E","R","$","T","?","E","R","E","M","R","BOSS","M","M","?","$","M","R","M","R","T","?","?","M","R","M","R","BOSS","M","M","?","?","$","R","?"],"build_version":"2019-02-06","purchased_purges":3,"victory":false,"max_hp_per_floor":[71,71,71,71,71,71,71,71,71,71,71,71,71,71,71,71,71,71,71,71,71,71,71,71,71,71,71,71,71,71,71,71,71,71,71,71,71,71,71,71,71],"card_choices":[{"not_picked":["Steam","Aggregate"],"picked":"Gash","floor":1},{"not_picked":["Static Discharge","White Noise"],"picked":"Ball Lightning","floor":2},{"not_picked":["Beam Cell","Redo"],"picked":"Leap","floor":5},{"not_picked":["Sweeping Beam","Redo"],"picked":"Conserve Battery","floor":6},{"not_picked":["Static Discharge","Go for the Eyes"],"picked":"Buffer","floor":11},{"not_picked":["Static Discharge","Beam Cell"],"picked":"Darkness","floor":13},{"not_picked":["Leap","BootSequence"],"picked":"Redo","floor":14},{"not_picked":["Biased Cognition","Machine Learning"],"picked":"All For One","floor":16},{"not_picked":["Rebound","Double Energy"],"picked":"Gash","floor":18},{"not_picked":["Genetic Algorithm","Darkness"],"picked":"Steam","floor":19},{"not_picked":["Rip and Tear","Conserve Battery"],"picked":"Defragment+1","floor":22},{"not_picked":["Aggregate","Force Field"],"picked":"Defragment","floor":24},{"not_picked":["Gash","Aggregate"],"picked":"Coolheaded+1","floor":28},{"not_picked":["Sweeping Beam","Go for the Eyes"],"picked":"Defragment","floor":29},{"not_picked":["Go for the Eyes","Defragment"],"picked":"FTL","floor":31},{"not_picked":["Creative AI","Electrodynamics"],"picked":"Echo Form","floor":33},{"not_picked":["Turbo","Rip and Tear+1"],"picked":"Hologram","floor":35},{"not_picked":["Go for the Eyes","Turbo"],"picked":"BootSequence","floor":36}],"player_experience":1336679,"relics_obtained":[{"floor":6,"key":"Bronze Scales"},{"floor":9,"key":"Vajra"},{"floor":11,"key":"War Paint"},{"floor":13,"key":"Potion Belt"},{"floor":20,"key":"Enchiridion"},{"floor":26,"key":"Sundial"}],"event_choices":[{"damage_healed":0,"gold_gain":0,"player_choice":"1 cards matched","damage_taken":0,"max_hp_gain":0,"max_hp_loss":0,"event_name":"Match and Keep!","floor":3,"gold_loss":0,"cards_obtained":["Darkness"]},{"damage_healed":17,"gold_gain":0,"player_choice":"Healed","damage_taken":0,"max_hp_gain":0,"max_hp_loss":0,"event_name":"The Cleric","floor":10,"gold_loss":35},{"damage_healed":0,"gold_gain":0,"player_choice":"Obtained Book","damage_taken":21,"max_hp_gain":0,"max_hp_loss":0,"event_name":"Cursed Tome","floor":20,"gold_loss":0},{"damage_healed":0,"gold_gain":0,"player_choice":"Bought 3 Potions","damage_taken":0,"max_hp_gain":0,"max_hp_loss":0,"event_name":"The Woman in Blue","floor":27,"gold_loss":0},{"damage_healed":0,"gold_gain":0,"player_choice":"Ignored","damage_taken":0,"max_hp_gain":0,"max_hp_loss":0,"event_name":"Tomb of Lord Red Mask","floor":37,"gold_loss":0},{"cards_removed":["Strike_B"],"damage_healed":0,"gold_gain":0,"player_choice":"Purged","damage_taken":0,"max_hp_gain":0,"max_hp_loss":0,"event_name":"Purifier","floor":38,"gold_loss":0}],"is_beta":true,"boss_relics":[{"not_picked":["Runic Pyramid","Runic Dome"],"picked":"Philosopher\u0027s Stone"},{"not_picked":["Pandora\u0027s Box","Eternal Feather"],"picked":"Fusion Hammer"}],"items_purged_floors":[4,21,39],"is_endless":false,"potions_floor_spawned":[6,11,13,28,31,36],"killed_by":"3 Darklings","ascension_level":20}