{"gold_per_floor":[213,226,326,337,348,377,377,74,153,153,164,17,49,49,49,150,150,163,88,105,105,120,146,165,200,248,248,262,262,70,105,105,200,200,215,215,215,232,249,249],"floor_reached":40,"playtime":2436,"items_purged":[],"score":656,"play_id":"2705e6dd-279e-4d52-b8d7-54abc258d778","local_time":"20181225222706","is_ascension_mode":true,"campfire_choices":[{"data":"Zap","floor":7,"key":"SMITH"},{"data":"Dualcast","floor":10,"key":"SMITH"},{"data":"Go for the Eyes","floor":15,"key":"SMITH"},{"floor":29,"key":"REST"},{"floor":32,"key":"REST"}],"neow_cost":"NONE","seed_source_timestamp":21742725428785,"circlet_count":0,"master_deck":["Zap+1","Dualcast+1","Coolheaded","Conserve Battery","Gash","Steam","Core Surge","Go for the Eyes+1","Glacier","Capacitor","Fission","Buffer","Cold Snap","Reboot","Genetic Algorithm","Sweeping Beam","Steam Power","Leap","Gash+1","Sunder","Scrape+1","Coolheaded","Reboot","Reprogram","BootSequence+1","Barrage+1","Leap","Meteor Strike","Steam","Normality","Glacier","Compile Driver+1"],"relics":["Cracked Core","Bird Faced Urn","Medical Kit","Kunai","Bronze Scales","Centennial Puzzle","Pandora\u0027s Box","Anchor","Red Mask","Blood Vial","HandDrill","Sundial","Cursed Key","Pantograph"],"potions_floor_usage":[6,16,23,23,23,23,23,23],"damage_taken":[{"damage":2,"enemies":"Jaw Worm","floor":1,"turns":3},{"damage":0,"enemies":"Cultist","floor":2,"turns":3},{"damage":2,"enemies":"2 Louse","floor":4,"turns":2},{"damage":2,"enemies":"Blue Slaver","floor":5,"turns":5},{"damage":15,"enemies":"3 Sentries","floor":6,"turns":10},{"damage":0,"enemies":"Large Slime","floor":11,"turns":6},{"damage":18,"enemies":"Gremlin Nob","floor":13,"turns":5},{"damage":23,"enemies":"Slime Boss","floor":16,"turns":13},{"damage":2,"enemies":"Shell Parasite","floor":18,"turns":5},{"damage":24,"enemies":"2 Thieves","floor":19,"turns":5},{"damage":17,"enemies":"Snake Plant","floor":20,"turns":6},{"damage":16,"enemies":"Colosseum Slavers","floor":21,"turns":2},{"damage":6,"enemies":"Shelled Parasite and Fungi","floor":22,"turns":3},{"damage":0,"enemies":"Gremlin Leader","floor":23,"turns":5},{"damage":0,"enemies":"Cultist and Chosen","floor":24,"turns":6},{"damage":13,"enemies":"Masked Bandits","floor":25,"turns":4},{"damage":4,"enemies":"Snake Plant","floor":28,"turns":4},{"damage":21,"enemies":"Book of Stabbing","floor":31,"turns":7},{"damage":40,"enemies":"Champ","floor":33,"turns":15},{"damage":0,"enemies":"Orb Walker","floor":35,"turns":5},{"damage":0,"enemies":"3 Shapes","floor":38,"turns":5},{"damage":0,"enemies":"Jaw Worm Horde","floor":39,"turns":5},{"damage":109,"enemies":"Giant Head","floor":40,"turns":11}],"seed_played":"5879046936808382793","potions_obtained":[{"floor":4,"key":"Swift Potion"},{"floor":6,"key":"FearPotion"},{"floor":13,"key":"Block Potion"},{"floor":20,"key":"SteroidPotion"},{"floor":22,"key":"EntropicBrew"},{"floor":33,"key":"SpeedPotion"}],"is_trial":false,"path_per_floor":["M","M","?","M","M","E","R","$","T","R","M","$","E","?","R","B",null,"M","M","M","?","M","E","M","?","T","?","M","R","$","E","R","B",null,"M","?","T","M","M","E"],"character_chosen":"DEFECT","items_purchased":["Medical Kit","Go for the Eyes","Sweeping Beam","Bronze Scales","HandDrill"],"campfire_rested":2,"item_purchase_floors":[8,8,8,12,30],"current_hp_per_floor":[66,66,66,64,62,47,47,47,47,47,47,47,29,54,54,33,65,67,45,32,16,10,28,32,19,19,19,19,41,41,26,48,14,60,64,64,64,68,74,0],"gold":249,"neow_bonus":"HUNDRED_GOLD","is_prod":false,"is_daily":false,"chose_seed":false,"campfire_upgraded":3,"win_rate":0,"timestamp":1545784026,"path_taken":["M","M","?","?","?","E","R","$","T","R","M","$","E","?","R","BOSS","M","M","M","?","M","E","M","?","T","?","M","R","$","E","R","BOSS","M","?","?","M","?","E"],"build_version":"2018-12-20","purchased_purges":0,"victory":false,"max_hp_per_floor":[75,75,75,75,75,75,75,75,75,75,75,75,75,75,75,75,75,75,75,75,75,75,75,75,75,75,75,75,75,75,75,75,75,75,75,75,75,75,75,75],"card_choices":[{"not_picked":["Static Discharge","Steam Power"],"picked":"Coolheaded","floor":1},{"not_picked":["Hello World","Steam"],"picked":"Conserve Battery","floor":2},{"not_picked":["Storm","White Noise"],"picked":"Gash","floor":4},{"not_picked":["Stack","Static Discharge"],"picked":"Steam","floor":5},{"not_picked":["Stack","Streamline"],"picked":"Core Surge","floor":6},{"not_picked":["Undo","Loop"],"picked":"Glacier","floor":11},{"not_picked":["Force Field","Double Energy"],"picked":"Capacitor","floor":13},{"not_picked":["Biased Cognition","Reboot"],"picked":"Fission","floor":16},{"not_picked":["Steam Power","Stack"],"picked":"Gash+1","floor":18},{"not_picked":["Lockon","Skim"],"picked":"Sunder","floor":19},{"not_picked":["Blizzard+1","Genetic Algorithm"],"picked":"Scrape+1","floor":20},{"not_picked":["Tempest","Scrape"],"picked":"Coolheaded","floor":22},{"not_picked":["Hello World","Streamline+1"],"picked":"Reboot","floor":23},{"not_picked":["Undo","Blizzard"],"picked":"Reprogram","floor":24},{"not_picked":["Conserve Battery","Cold Snap"],"picked":"BootSequence+1","floor":25},{"not_picked":["Conserve Battery+1","Coolheaded+1"],"picked":"Barrage+1","floor":28},{"not_picked":["Chill","Lockon"],"picked":"Leap","floor":31},{"not_picked":["Reboot","Amplify"],"picked":"Meteor Strike","floor":33},{"not_picked":["Rebound","Coolheaded"],"picked":"Steam","floor":35},{"not_picked":["Leap","Blizzard+1"],"picked":"Glacier","floor":38},{"not_picked":["Sweeping Beam+1","Redo"],"picked":"Compile Driver+1","floor":39}],"player_experience":271991,"relics_obtained":[{"floor":6,"key":"Bird Faced Urn"},{"floor":9,"key":"Kunai"},{"floor":13,"key":"Centennial Puzzle"},{"floor":23,"key":"Anchor"},{"floor":25,"key":"Red Mask"},{"floor":26,"key":"Blood Vial"},{"floor":31,"key":"Sundial"},{"floor":37,"key":"Pantograph"}],"event_choices":[{"damage_healed":0,"gold_gain":100,"player_choice":"Pray","damage_taken":0,"max_hp_gain":0,"max_hp_loss":0,"event_name":"Golden Shrine","floor":3,"gold_loss":0},{"damage_healed":25,"gold_gain":0,"player_choice":"Banana","damage_taken":0,"max_hp_gain":0,"max_hp_loss":0,"event_name":"Big Fish","floor":14,"gold_loss":0},{"damage_healed":0,"gold_gain":0,"player_choice":"Fight","damage_taken":0,"max_hp_gain":0,"max_hp_loss":0,"event_name":"Colosseum","floor":21,"gold_loss":0},{"damage_healed":0,"gold_gain":0,"player_choice":"Fled From Nobs","damage_taken":0,"max_hp_gain":0,"max_hp_loss":0,"event_name":"Colosseum","floor":21,"gold_loss":0},{"damage_healed":0,"gold_gain":0,"player_choice":"Fought Bandits","damage_taken":0,"max_hp_gain":0,"max_hp_loss":0,"event_name":"Masked Bandits","floor":25,"gold_loss":0},{"cards_removed":["Recycle"],"damage_healed":0,"gold_gain":0,"player_choice":"Elegance","damage_taken":0,"max_hp_gain":0,"max_hp_loss":0,"event_name":"Back to Basics","floor":27,"gold_loss":0},{"cards_removed":["Sweeping Beam"],"damage_healed":0,"gold_gain":0,"player_choice":"Removed Attack","damage_taken":0,"max_hp_gain":0,"max_hp_loss":0,"event_name":"Falling","floor":36,"gold_loss":0}],"is_beta":false,"boss_relics":[{"not_picked":["White Beast Statue","Busted Crown"],"picked":"Pandora\u0027s Box"},{"not_picked":["Inserter","Black Star"],"picked":"Cursed Key"}],"items_purged_floors":[],"is_endless":false,"potions_floor_spawned":[4,6,13,20,22,33],"killed_by":"Giant Head","ascension_level":7}