{"gold_per_floor":[114,130,130,80,99,99,117,134,134,147,181,11,11,31,31,133,133,152,170,24,24,0,32,32,43,100,111,111],"floor_reached":28,"playtime":2944,"items_purged":["Strike_G"],"score":242,"play_id":"d099458b-4c9b-4fd6-8278-1592afd84bb0","local_time":"20190206005706","is_ascension_mode":false,"campfire_choices":[{"data":"Leg Sweep","floor":6,"key":"SMITH"},{"floor":13,"key":"REST"},{"data":"Crippling Poison","floor":15,"key":"SMITH"},{"floor":24,"key":"REST"}],"neow_cost":"NONE","seed_source_timestamp":20371112907900,"circlet_count":0,"master_deck":["Defend_G","Defend_G","Defend_G","Defend_G","Defend_G","Strike_G","Survivor","Neutralize","Sucker Punch","Leg Sweep+1","Sucker Punch","Dash","Crippling Poison+1","Noxious Fumes","Escape Plan+1","Flying Knee","Poisoned Stab","Tools of the Trade","Acrobatics+1","Deflect+1","Noxious Fumes","Acrobatics+1","Poisoned Stab","Backstab"],"relics":["Ring of the Snake","NeowsBlessing","Toxic Egg 2","FossilizedHelix","Snake Skull","Black Star","Bottled Flame","Smiling Mask","Tiny Chest"],"potions_floor_usage":[8,10,23,25,28,28],"damage_taken":[{"damage":0,"enemies":"Jaw Worm","floor":1,"turns":1},{"damage":0,"enemies":"Small Slimes","floor":2,"turns":1},{"damage":0,"enemies":"2 Louse","floor":5,"turns":1},{"damage":0,"enemies":"2 Fungi Beasts","floor":7,"turns":4},{"damage":0,"enemies":"3 Louse","floor":8,"turns":4},{"damage":15,"enemies":"Gremlin Gang","floor":10,"turns":3},{"damage":19,"enemies":"3 Sentries","floor":11,"turns":9},{"damage":0,"enemies":"Blue Slaver","floor":14,"turns":4},{"damage":3,"enemies":"Hexaghost","floor":16,"turns":8},{"damage":2,"enemies":"Spheric Guardian","floor":18,"turns":4},{"damage":6,"enemies":"Chosen","floor":19,"turns":6},{"damage":39,"enemies":"Gremlin Leader","floor":23,"turns":7},{"damage":11,"enemies":"Snake Plant","floor":25,"turns":6},{"damage":20,"enemies":"Cultist and Chosen","floor":27,"turns":5},{"damage":14,"enemies":"Slavers","floor":28,"turns":1}],"seed_played":"4971597187867102795","potions_obtained":[{"floor":1,"key":"PowerPotion"},{"floor":2,"key":"SneckoOil"},{"floor":8,"key":"PowerPotion"},{"floor":11,"key":"Weak Potion"},{"floor":14,"key":"Weak Potion"},{"floor":23,"key":"EssenceOfSteel"},{"floor":27,"key":"AttackPotion"}],"is_trial":false,"path_per_floor":["M","M","?","?","M","R","M","M","T","M","E","$","R","M","R","B",null,"M","M","$","?","?","E","R","M","T","M","E"],"character_chosen":"THE_SILENT","items_purchased":["Snake Skull","Flying Knee","Noxious Fumes"],"campfire_rested":2,"item_purchase_floors":[12,12,20],"current_hp_per_floor":[70,70,70,70,70,70,70,70,70,55,36,36,57,57,57,54,70,68,62,62,62,62,23,44,33,33,13,0],"gold":111,"neow_bonus":"THREE_ENEMY_KILL","is_prod":false,"is_daily":false,"chose_seed":false,"campfire_upgraded":2,"win_rate":0.0,"timestamp":1549443426,"path_taken":["M","M","?","?","M","R","M","M","T","M","E","$","R","M","R","BOSS","M","M","$","?","?","E","R","M","T","M","E"],"build_version":"2019-01-23","purchased_purges":1,"victory":false,"max_hp_per_floor":[70,70,70,70,70,70,70,70,70,70,70,70,70,70,70,70,70,70,70,70,70,70,70,70,70,70,70,70],"card_choices":[{"not_picked":["Acrobatics","Masterful Stab"],"picked":"Sucker Punch","floor":1},{"not_picked":["Reflex","Backflip"],"picked":"Leg Sweep","floor":2},{"not_picked":["Die Die Die","Reflex"],"picked":"Sucker Punch","floor":5},{"not_picked":["Slice","Quick Slash"],"picked":"Dash","floor":7},{"not_picked":["Heel Hook","Underhanded Strike"],"picked":"Crippling Poison","floor":8},{"not_picked":["Slice","All Out Attack"],"picked":"Noxious Fumes","floor":10},{"not_picked":["Masterful Stab","Night Terror+1"],"picked":"Escape Plan+1","floor":11},{"not_picked":["Well Laid Plans","Predator"],"picked":"Poisoned Stab","floor":14},{"not_picked":["Venomology+1","Wraith Form v2"],"picked":"Tools of the Trade","floor":16},{"not_picked":["Underhanded Strike","Tactician+1"],"picked":"Acrobatics+1","floor":18},{"not_picked":["Backstab","Bane"],"picked":"Deflect+1","floor":19},{"not_picked":["Dagger Spray+1","Flechettes+1"],"picked":"Acrobatics+1","floor":23},{"not_picked":["Reflex+1","Slice"],"picked":"Poisoned Stab","floor":25},{"not_picked":["Slice","Underhanded Strike+1"],"picked":"Backstab","floor":27}],"player_experience":76674,"relics_obtained":[{"floor":9,"key":"Toxic Egg 2"},{"floor":11,"key":"FossilizedHelix"},{"floor":23,"key":"Bottled Flame"},{"floor":23,"key":"Smiling Mask"},{"floor":26,"key":"Tiny Chest"}],"event_choices":[{"cards_removed":["Strike_G"],"damage_healed":0,"gold_gain":0,"player_choice":"Forget","damage_taken":0,"max_hp_gain":0,"max_hp_loss":0,"event_name":"Living Wall","floor":3,"gold_loss":0},{"cards_removed":["Strike_G"],"damage_healed":0,"gold_gain":0,"player_choice":"Card Removal","damage_taken":0,"max_hp_gain":0,"max_hp_loss":0,"event_name":"The Cleric","floor":4,"gold_loss":50},{"cards_removed":["Strike_G"],"damage_healed":0,"gold_gain":0,"player_choice":"Elegance","damage_taken":0,"max_hp_gain":0,"max_hp_loss":0,"event_name":"Back to Basics","floor":21,"gold_loss":0},{"damage_healed":0,"gold_gain":0,"player_choice":"Paid Fearfully","damage_taken":0,"max_hp_gain":0,"max_hp_loss":0,"event_name":"Masked Bandits","floor":22,"gold_loss":24}],"is_beta":false,"boss_relics":[{"not_picked":["Sozu","Philosopher\u0027s Stone"],"picked":"Black Star"}],"items_purged_floors":[20],"is_endless":false,"potions_floor_spawned":[1,2,8,11,14,23,27],"killed_by":"Slavers","ascension_level":0}