{"gold_per_floor":[118,43,43,118,135,135,167,137,160,160,178,195,229,244,244,345,345,355,367,169,189,289,289,320,320,320,349,363,377,390,32,32,131,131,145,158,171,171,185,185,214,233,256,281,67,92,103,114,114,114],"floor_reached":50,"playtime":14214,"items_purged":["Strike_R","Strike_R"],"score":642,"play_id":"f94ba97d-a1b2-4cf9-993c-320e4d75760b","local_time":"20190217172523","is_ascension_mode":true,"campfire_choices":[{"data":"Cleave","floor":6,"key":"SMITH"},{"data":"Disarm","floor":10,"key":"SMITH"},{"data":"Inflame","floor":15,"key":"SMITH"},{"floor":23,"key":"RECALL"},{"floor":25,"key":"REST"},{"floor":32,"key":"REST"},{"floor":40,"key":"REST"},{"floor":49,"key":"REST"}],"neow_cost":"NONE","seed_source_timestamp":2526490870302364,"circlet_count":0,"master_deck":["Strike_R","Strike_R","Defend_R","Defend_R","Defend_R","Defend_R","Bash","Disarm+1","Cleave+1","Heavy Blade+1","Cleave","Spot Weakness","Inflame+1","Armaments+1","Twin Strike","Shrug It Off","Rage","Heavy Blade","Flame Barrier","Entrench","Metallicize+1","Limit Break","Metallicize+1","Master of Strategy","Demon Form","Battle Trance+1","Metallicize","Heavy Blade+1","Flex+1","Thinking Ahead+1","Flex+1","Pummel","Clothesline+1"],"relics":["Burning Blood","Strawberry","Art of War","Centennial Puzzle","Bronze Scales","Fusion Hammer","Boot","Question Card","Happy Flower","DollysMirror","Busted Crown","Ancient Tea Set","Toxic Egg 2","Orichalcum"],"potions_floor_usage":[13,13,16,16,16,19,19,33,41,42,42,46,47,50],"damage_taken":[{"damage":5,"enemies":"Cultist","floor":1,"turns":4},{"damage":6,"enemies":"2 Louse","floor":5,"turns":3},{"damage":26,"enemies":"Gremlin Nob","floor":7,"turns":5},{"damage":3,"enemies":"Jaw Worm","floor":11,"turns":4},{"damage":0,"enemies":"Gremlin Gang","floor":12,"turns":3},{"damage":21,"enemies":"Lagavulin","floor":13,"turns":7},{"damage":0,"enemies":"Large Slime","floor":14,"turns":3},{"damage":2,"enemies":"Slime Boss","floor":16,"turns":7},{"damage":8,"enemies":"3 Byrds","floor":18,"turns":3},{"damage":0,"enemies":"Spheric Guardian","floor":19,"turns":3},{"damage":4,"enemies":"3 Cultists","floor":21,"turns":4},{"damage":19,"enemies":"Slavers","floor":24,"turns":3},{"damage":4,"enemies":"Book of Stabbing","floor":27,"turns":5},{"damage":7,"enemies":"Shelled Parasite and Fungi","floor":28,"turns":5},{"damage":9,"enemies":"Cultist and Chosen","floor":29,"turns":6},{"damage":25,"enemies":"Chosen and Byrds","floor":30,"turns":5},{"damage":15,"enemies":"Collector","floor":33,"turns":9},{"damage":0,"enemies":"3 Darklings","floor":35,"turns":5},{"damage":13,"enemies":"Orb Walker","floor":36,"turns":4},{"damage":3,"enemies":"3 Darklings","floor":37,"turns":4},{"damage":18,"enemies":"4 Shapes","floor":39,"turns":3},{"damage":18,"enemies":"Nemesis","floor":41,"turns":5},{"damage":30,"enemies":"Transient","floor":42,"turns":5},{"damage":7,"enemies":"Giant Head","floor":44,"turns":5},{"damage":26,"enemies":"Nemesis","floor":46,"turns":3},{"damage":16,"enemies":"Writhing Mass","floor":47,"turns":5},{"damage":26,"enemies":"Jaw Worm Horde","floor":48,"turns":5},{"damage":54,"enemies":"Donu and Deca","floor":50,"turns":5}],"seed_played":"7624503319924866347","potions_obtained":[{"floor":5,"key":"Fire Potion"},{"floor":8,"key":"Regen Potion"},{"floor":8,"key":"EntropicBrew"},{"floor":13,"key":"SteroidPotion"},{"floor":21,"key":"SpeedPotion"},{"floor":24,"key":"SpeedPotion"},{"floor":33,"key":"FearPotion"},{"floor":35,"key":"GamblersBrew"},{"floor":41,"key":"Ancient Potion"},{"floor":44,"key":"Block Potion"},{"floor":46,"key":"BloodPotion"},{"floor":47,"key":"FairyPotion"}],"is_trial":false,"path_per_floor":["M","$","?","?","M","R","E","?","T","R","M","M","E","M","R","B",null,"M","M","$","M","?","R","E","R","T","E","M","M","M","$","R","B",null,"M","M","M","?","M","R","E","M","T","E","$","E","M","M","R","B"],"character_chosen":"IRONCLAD","items_purchased":["Shrug It Off","Rage","DollysMirror","Master of Strategy","Thinking Ahead+1","Flex+1"],"campfire_rested":4,"item_purchase_floors":[20,20,31,31,45,45],"current_hp_per_floor":[87,87,80,69,69,69,49,49,49,49,52,58,58,64,64,68,87,85,87,87,87,87,87,74,87,87,87,86,83,64,64,87,78,87,87,80,83,83,71,87,75,51,51,50,50,30,28,8,34,0],"gold":114,"neow_bonus":"RANDOM_COMMON_RELIC","is_prod":false,"is_daily":false,"chose_seed":false,"campfire_upgraded":3,"win_rate":0,"timestamp":1550424323,"path_taken":["M","$","?","?","M","R","E","?","T","R","M","?","E","M","R","BOSS","M","M","$","M","?","R","E","R","T","E","M","?","M","$","R","BOSS","M","?","M","?","M","R","E","M","T","E","$","E","?","M","R","BOSS"],"build_version":"2019-01-23","purchased_purges":2,"victory":false,"max_hp_per_floor":[87,87,87,87,87,87,87,87,87,87,87,87,87,87,87,87,87,87,87,87,87,87,87,87,87,87,87,87,87,87,87,87,87,87,87,87,87,87,87,87,87,87,87,87,87,87,87,87,87,87],"card_choices":[{"not_picked":["True Grit","Dual Wield"],"picked":"Disarm","floor":1},{"not_picked":["True Grit","Fire Breathing"],"picked":"Cleave","floor":5},{"not_picked":["Berserk","Clash","Sword Boomerang"],"picked":"SKIP","floor":7},{"not_picked":["Thunderclap","Havoc"],"picked":"Heavy Blade","floor":11},{"not_picked":["Uppercut","Flex"],"picked":"Cleave","floor":12},{"not_picked":["Ghostly Armor","True Grit"],"picked":"Spot Weakness","floor":13},{"not_picked":["Iron Wave","Shrug It Off"],"picked":"Inflame","floor":14},{"not_picked":["Anger","Fire Breathing"],"picked":"Armaments+1","floor":18},{"not_picked":["Havoc","Cleave"],"picked":"Twin Strike","floor":19},{"not_picked":["Armaments","Sword Boomerang"],"picked":"Heavy Blade","floor":21},{"not_picked":["Exhume","Sentinel","Second Wind"],"picked":"SKIP","floor":24},{"not_picked":["Headbutt","Anger","Bloodletting"],"picked":"Flame Barrier","floor":27},{"not_picked":["Uppercut","Armaments","Havoc+1"],"picked":"Entrench","floor":28},{"not_picked":["Perfected Strike","Inflame+1","Spot Weakness"],"picked":"Metallicize+1","floor":29},{"not_picked":["Pommel Strike+1","Fire Breathing","True Grit"],"picked":"Limit Break","floor":30},{"not_picked":["Immolate","Juggernaut","Dark Embrace"],"picked":"Demon Form","floor":33},{"not_picked":["Wild Strike","Havoc"],"picked":"SKIP","floor":35},{"not_picked":["Havoc+1","Blood for Blood"],"picked":"SKIP","floor":36},{"not_picked":["Infernal Blade"],"picked":"Battle Trance+1","floor":37},{"not_picked":["Armaments+1"],"picked":"Metallicize","floor":39},{"not_picked":["Anger"],"picked":"Heavy Blade+1","floor":41},{"not_picked":["Rage+1"],"picked":"Flex+1","floor":42},{"not_picked":["Power Through","Armaments+1"],"picked":"SKIP","floor":44},{"not_picked":["Entrench+1"],"picked":"Pummel","floor":46},{"not_picked":["Pommel Strike","Clash"],"picked":"SKIP","floor":47},{"not_picked":["Fiend Fire"],"picked":"Clothesline+1","floor":48}],"player_experience":847036,"relics_obtained":[{"floor":7,"key":"Art of War"},{"floor":9,"key":"Centennial Puzzle"},{"floor":13,"key":"Bronze Scales"},{"floor":24,"key":"Boot"},{"floor":26,"key":"Question Card"},{"floor":27,"key":"Happy Flower"},{"floor":41,"key":"Ancient Tea Set"},{"floor":44,"key":"Toxic Egg 2"},{"floor":46,"key":"Orichalcum"}],"event_choices":[{"cards_removed":["Strike_R"],"damage_healed":0,"gold_gain":0,"player_choice":"Card Removal","damage_taken":7,"max_hp_gain":0,"max_hp_loss":0,"event_name":"Golden Wing","floor":3,"gold_loss":0},{"damage_healed":0,"gold_gain":75,"player_choice":"Gather Gold","damage_taken":11,"max_hp_gain":0,"max_hp_loss":0,"event_name":"World of Goop","floor":4,"gold_loss":0},{"damage_healed":0,"gold_gain":0,"player_choice":"Bought 2 Potions","damage_taken":0,"max_hp_gain":0,"max_hp_loss":0,"event_name":"The Woman in Blue","floor":8,"gold_loss":0},{"damage_healed":0,"gold_gain":100,"player_choice":"Pray","damage_taken":0,"max_hp_gain":0,"max_hp_loss":0,"event_name":"Golden Shrine","floor":22,"gold_loss":0},{"damage_healed":0,"gold_gain":0,"player_choice":"Upgraded","damage_taken":0,"max_hp_gain":0,"max_hp_loss":0,"event_name":"Upgrade Shrine","floor":38,"gold_loss":0,"cards_upgraded":["Heavy Blade"]}],"is_beta":false,"boss_relics":[{"not_picked":["Calling Bell","Mark of Pain"],"picked":"Fusion Hammer"},{"not_picked":["Tiny House","Philosopher\u0027s Stone"],"picked":"Busted Crown"}],"items_purged_floors":[2,20],"is_endless":false,"potions_floor_spawned":[5,11,12,13,21,24,33,35,41,44,46,47],"killed_by":"Donu and Deca","ascension_level":1}