{"gold_per_floor":[113,63,63,74,74,74,103,116,116,146,146,36,56,70,70,174,174,161,172,190,16,36,69,69,83,83,109,109,138,152,152,152,254,254,267,316,316,316,22,22,57,57,83,100,129,147,176,195,195,195,195,195,21,47,47],"floor_reached":55,"playtime":10411,"items_purged":["Strike_R","Strike_R","Defend_R"],"score":949,"play_id":"3d8aef73-ccff-4113-90e8-862c920ca3c7","local_time":"20190219224021","is_ascension_mode":true,"campfire_choices":[{"data":"Armaments","floor":6,"key":"SMITH"},{"data":"1","floor":11,"key":"LIFT"},{"data":"Dark Embrace","floor":15,"key":"SMITH"},{"floor":24,"key":"REST"},{"data":"2","floor":28,"key":"LIFT"},{"data":"3","floor":32,"key":"LIFT"},{"floor":40,"key":"RECALL"},{"data":"Fiend Fire","floor":42,"key":"SMITH"},{"floor":49,"key":"REST"},{"data":"Inflame","floor":52,"key":"SMITH"}],"neow_cost":"NONE","seed_source_timestamp":2722005154246262,"circlet_count":0,"master_deck":["Defend_R","Defend_R","Defend_R","Bash","Armaments+1","Pommel Strike","Cleave","Inflame+1","Anger","Dark Embrace+1","Shrug It Off+1","Feel No Pain+1","Shrug It Off","Burning Pact","Warcry+1","Battle Trance","Iron Wave+1","Warcry","Dropkick","Limit Break+1","Flex+1","Madness","Madness","Fiend Fire+1","Rampage+1","Seeing Red+1","Headbutt"],"relics":["Burning Blood","NeowsBlessing","Meat on the Bone","Red Skull","Centennial Puzzle","Girya","Philosopher\u0027s Stone","Oddly Smooth Stone","Paper Frog","Mercury Hourglass","Sundial","Busted Crown","Pocketwatch","Sling","Gremlin Horn","Bronze Scales","Bottled Lightning","Bag of Marbles","Thread and Needle"],"potions_floor_usage":[14,19,23,25,27,33,33,35,47,50,55],"damage_taken":[{"damage":0,"enemies":"2 Louse","floor":1,"turns":2},{"damage":0,"enemies":"Jaw Worm","floor":4,"turns":1},{"damage":0,"enemies":"3 Sentries","floor":7,"turns":2},{"damage":1,"enemies":"Cultist","floor":8,"turns":3},{"damage":44,"enemies":"Gremlin Nob","floor":10,"turns":5},{"damage":16,"enemies":"Gremlin Gang","floor":13,"turns":4},{"damage":0,"enemies":"Looter","floor":14,"turns":2},{"damage":27,"enemies":"Slime Boss","floor":16,"turns":6},{"damage":18,"enemies":"2 Thieves","floor":18,"turns":4},{"damage":8,"enemies":"3 Byrds","floor":19,"turns":5},{"damage":25,"enemies":"Centurion and Healer","floor":20,"turns":4},{"damage":9,"enemies":"Snake Plant","floor":22,"turns":4},{"damage":48,"enemies":"Book of Stabbing","floor":23,"turns":5},{"damage":10,"enemies":"Shelled Parasite and Fungi","floor":25,"turns":5},{"damage":29,"enemies":"Slavers","floor":27,"turns":5},{"damage":19,"enemies":"Book of Stabbing","floor":29,"turns":4},{"damage":4,"enemies":"Snecko","floor":30,"turns":3},{"damage":41,"enemies":"Automaton","floor":33,"turns":8},{"damage":21,"enemies":"3 Darklings","floor":35,"turns":4},{"damage":18,"enemies":"2 Orb Walkers","floor":36,"turns":4},{"damage":0,"enemies":"Giant Head","floor":41,"turns":5},{"damage":12,"enemies":"3 Shapes","floor":44,"turns":1},{"damage":26,"enemies":"Nemesis","floor":45,"turns":3},{"damage":31,"enemies":"Transient","floor":46,"turns":5},{"damage":13,"enemies":"Giant Head","floor":47,"turns":5},{"damage":7,"enemies":"Spire Growth","floor":48,"turns":2},{"damage":36,"enemies":"Donu and Deca","floor":50,"turns":8},{"damage":58,"enemies":"Shield and Spear","floor":54,"turns":4},{"damage":82,"enemies":"The Heart","floor":55,"turns":3}],"seed_played":"-1513499876009447319","potions_obtained":[{"floor":7,"key":"SkillPotion"},{"floor":10,"key":"FairyPotion"},{"floor":13,"key":"SpeedPotion"},{"floor":16,"key":"LiquidBronze"},{"floor":19,"key":"GamblersBrew"},{"floor":22,"key":"BloodPotion"},{"floor":23,"key":"Dexterity Potion"},{"floor":29,"key":"Fire Potion"},{"floor":30,"key":"Explosive Potion"},{"floor":33,"key":"Weak Potion"},{"floor":41,"key":"FairyPotion"},{"floor":45,"key":"PowerPotion"},{"floor":47,"key":"Weak Potion"},{"floor":54,"key":"PowerPotion"}],"is_trial":false,"path_per_floor":["M","?","?","M","?","R","E","M","T","E","R","$","M","M","R","B",null,"M","M","M","$","M","E","R","M","T","E","R","E","M","?","R","B",null,"M","?","?","?","$","R","E","R","T","M","E","M","E","M","R","B",null,"R","$","E","B"],"character_chosen":"IRONCLAD","items_purchased":["Inflame","Shrug It Off","Oddly Smooth Stone","Sling","Headbutt"],"campfire_rested":2,"item_purchase_floors":[12,21,21,39,53],"current_hp_per_floor":[80,80,73,79,84,84,85,85,85,59,59,59,49,55,55,46,85,73,71,52,52,49,19,44,52,52,49,49,48,50,50,50,27,85,70,58,47,47,47,47,53,53,53,59,51,38,43,54,79,49,85,85,85,45,0],"gold":47,"neow_bonus":"THREE_ENEMY_KILL","is_prod":false,"is_daily":false,"chose_seed":false,"campfire_upgraded":4,"win_rate":0,"timestamp":1550616021,"path_taken":["M","?","?","M","?","R","E","M","T","E","R","?","M","?","R","BOSS","M","M","?","$","M","E","R","M","T","E","R","E","?","?","R","BOSS","M","?","?","?","$","R","E","R","T","M","E","M","E","M","R","BOSS","R","$","E","BOSS"],"build_version":"2019-01-23","purchased_purges":3,"victory":false,"max_hp_per_floor":[80,80,80,80,85,85,85,85,85,85,85,85,85,85,85,85,85,85,85,85,85,85,85,85,85,85,85,85,85,85,85,85,85,85,85,85,85,85,85,85,85,85,85,85,85,85,85,85,85,85,85,85,85,85,85],"card_choices":[{"not_picked":["Heavy Blade","Searing Blow","Second Wind"],"picked":"SKIP","floor":1},{"not_picked":["Warcry","Cleave"],"picked":"Armaments","floor":4},{"not_picked":["Whirlwind","Searing Blow"],"picked":"Pommel Strike","floor":7},{"not_picked":["Juggernaut","True Grit","Clothesline"],"picked":"SKIP","floor":8},{"not_picked":["Entrench","Clash"],"picked":"Cleave","floor":10},{"not_picked":["Flex","Dual Wield"],"picked":"Anger","floor":13},{"not_picked":["Warcry","Armaments"],"picked":"Dark Embrace","floor":14},{"not_picked":["Clothesline","Battle Trance"],"picked":"Shrug It Off+1","floor":18},{"not_picked":["Thunderclap+1","Sword Boomerang+1","Dropkick"],"picked":"SKIP","floor":19},{"not_picked":["Disarm","True Grit"],"picked":"Feel No Pain+1","floor":20},{"not_picked":["Twin Strike","Heavy Blade+1"],"picked":"Burning Pact","floor":22},{"not_picked":["Headbutt","True Grit+1","Pommel Strike"],"picked":"SKIP","floor":23},{"not_picked":["Clothesline","Dual Wield"],"picked":"Warcry+1","floor":25},{"not_picked":["Pommel Strike","Thunderclap+1","Carnage"],"picked":"SKIP","floor":27},{"not_picked":["Juggernaut","Brutality"],"picked":"Battle Trance","floor":29},{"not_picked":["Clothesline+1","Headbutt"],"picked":"Iron Wave+1","floor":30},{"not_picked":["Immolate","Barricade"],"picked":"Limit Break","floor":33},{"not_picked":[],"picked":"Flex+1","floor":35},{"not_picked":[],"picked":"Fiend Fire","floor":41},{"not_picked":[],"picked":"Rampage+1","floor":44},{"not_picked":[],"picked":"Seeing Red+1","floor":45},{"not_picked":["Armaments"],"picked":"SKIP","floor":46},{"not_picked":["Whirlwind"],"picked":"SKIP","floor":47},{"not_picked":["Wild Strike"],"picked":"SKIP","floor":48},{"not_picked":["Immolate"],"picked":"SKIP","floor":54}],"player_experience":1019697,"relics_obtained":[{"floor":7,"key":"Red Skull"},{"floor":9,"key":"Centennial Puzzle"},{"floor":10,"key":"Girya"},{"floor":23,"key":"Paper Frog"},{"floor":27,"key":"Mercury Hourglass"},{"floor":29,"key":"Sundial"},{"floor":36,"key":"Pocketwatch"},{"floor":41,"key":"Gremlin Horn"},{"floor":43,"key":"Bronze Scales"},{"floor":45,"key":"Bottled Lightning"},{"floor":47,"key":"Bag of Marbles"},{"floor":54,"key":"Thread and Needle"}],"event_choices":[{"cards_removed":["Strike_R"],"damage_healed":0,"gold_gain":0,"player_choice":"Card Removal","damage_taken":0,"max_hp_gain":0,"max_hp_loss":0,"event_name":"The Cleric","floor":2,"gold_loss":50},{"damage_healed":0,"gold_gain":0,"player_choice":"Success","damage_taken":7,"relics_obtained":["Meat on the Bone"],"max_hp_gain":0,"max_hp_loss":0,"event_name":"Scrap Ooze","floor":3,"gold_loss":0},{"damage_healed":0,"gold_gain":0,"player_choice":"Donut","damage_taken":0,"max_hp_gain":5,"max_hp_loss":0,"event_name":"Big Fish","floor":5,"gold_loss":0},{"damage_healed":0,"gold_gain":0,"cards_transformed":["Strike_R","Strike_R"],"player_choice":"Became Test Subject","damage_taken":0,"max_hp_gain":0,"max_hp_loss":0,"event_name":"Drug Dealer","floor":31,"gold_loss":0,"cards_obtained":["Warcry","Dropkick"]},{"damage_healed":0,"gold_gain":0,"player_choice":"Fight","damage_taken":0,"max_hp_gain":0,"max_hp_loss":0,"event_name":"Mysterious Sphere","floor":36,"gold_loss":0},{"damage_healed":0,"gold_gain":0,"player_choice":"Embrace Madness","damage_taken":11,"max_hp_gain":0,"max_hp_loss":0,"event_name":"Winding Halls","floor":37,"gold_loss":0,"cards_obtained":["Madness","Madness"]},{"damage_healed":0,"gold_gain":0,"player_choice":"Forge","damage_taken":0,"max_hp_gain":0,"max_hp_loss":0,"event_name":"Accursed Blacksmith","floor":38,"gold_loss":0,"cards_upgraded":["Limit Break"]}],"is_beta":false,"boss_relics":[{"not_picked":["Ectoplasm","Snecko Eye"],"picked":"Philosopher\u0027s Stone"},{"not_picked":["Coffee Dripper","Orrery"],"picked":"Busted Crown"}],"items_purged_floors":[12,39,53],"is_endless":false,"potions_floor_spawned":[7,10,13,16,19,22,23,29,30,33,41,45,47,54],"killed_by":"The Heart","ascension_level":3}