{"gold_per_floor":[112,112,112,124,124,154,154,154,178,207,217,234,234,249,249,323,323,333,350,350,189,189,189,200,200,223,13,25,25,88,105,105,105],"floor_reached":33,"playtime":1030,"items_purged":["Strike_G"],"score":583,"play_id":"475264e0-01c6-4512-9d43-e909b4b764b5","local_time":"20181226233053","is_ascension_mode":true,"campfire_choices":[{"data":"Poisoned Stab","floor":8,"key":"SMITH"},{"data":"Noxious Fumes","floor":13,"key":"SMITH"},{"data":"Catalyst","floor":15,"key":"SMITH"},{"floor":23,"key":"REST"},{"floor":29,"key":"REST"},{"floor":32,"key":"REST"}],"neow_cost":"NONE","seed_source_timestamp":272099843267645,"circlet_count":0,"master_deck":["AscendersBane","Defend_G","Defend_G","Defend_G","Defend_G","Defend_G","Strike_G","Strike_G","Strike_G","Survivor","Neutralize+1","Escape Plan","Poisoned Stab+1","Cloak And Dagger+1","Noxious Fumes+1","Backstab+1","Catalyst+1","PiercingWail","Corpse Explosion","Quick Slash+1","Backstab+1","Calculated Gamble","Necronomicurse","Predator+1","Well Laid Plans","Riddle With Holes+1","Terror","Crippling Poison","Bullet Time"],"relics":["Ring of the Snake","NeowsBlessing","Molten Egg 2","Centennial Puzzle","Question Card","Sozu","Necronomicon","SsserpentHead","Ancient Tea Set"],"potions_floor_usage":[10,10,18,20],"damage_taken":[{"damage":0,"enemies":"Jaw Worm","floor":1,"turns":1},{"damage":0,"enemies":"Cultist","floor":4,"turns":1},{"damage":0,"enemies":"Lagavulin","floor":6,"turns":1},{"damage":0,"enemies":"3 Sentries","floor":10,"turns":5},{"damage":1,"enemies":"2 Louse","floor":11,"turns":2},{"damage":0,"enemies":"Large Slime","floor":12,"turns":5},{"damage":6,"enemies":"Exordium Thugs","floor":14,"turns":5},{"damage":9,"enemies":"The Guardian","floor":16,"turns":9},{"damage":12,"enemies":"2 Thieves","floor":18,"turns":2},{"damage":9,"enemies":"Shell Parasite","floor":19,"turns":4},{"damage":12,"enemies":"Colosseum Slavers","floor":20,"turns":2},{"damage":9,"enemies":"Snake Plant","floor":24,"turns":5},{"damage":15,"enemies":"Sentry and Sphere","floor":28,"turns":4},{"damage":1,"enemies":"Centurion and Healer","floor":30,"turns":3},{"damage":12,"enemies":"Snake Plant","floor":31,"turns":2},{"damage":0,"enemies":"Collector","floor":33,"turns":2}],"seed_played":"-8488333513954652923","potions_obtained":[{"floor":4,"key":"Fire Potion"},{"floor":6,"key":"PowerPotion"},{"floor":12,"key":"Explosive Potion"},{"floor":14,"key":"Energy Potion"}],"is_trial":false,"path_per_floor":["M","?","?","M","?","E","?","R","T","E","M","M","R","M","R","B",null,"M","M","?","$","?","R","M","?","T","$","M","R","M","M","R","B"],"character_chosen":"THE_SILENT","items_purchased":["Calculated Gamble","Well Laid Plans","Riddle With Holes+1","Terror"],"campfire_rested":3,"item_purchase_floors":[21,27,27,27],"current_hp_per_floor":[59,59,59,59,59,59,59,59,59,59,58,58,58,52,52,43,60,48,39,27,27,6,25,16,16,16,16,1,20,19,7,26,26],"gold":105,"neow_bonus":"THREE_ENEMY_KILL","is_prod":false,"is_daily":false,"chose_seed":false,"campfire_upgraded":3,"win_rate":0,"timestamp":1545892253,"path_taken":["M","?","?","?","?","E","?","R","T","E","?","M","R","M","R","BOSS","M","M","?","$","?","R","M","?","T","$","M","R","?","M","R","BOSS"],"build_version":"2018-12-25","purchased_purges":1,"victory":false,"max_hp_per_floor":[66,66,66,66,66,66,66,66,66,66,66,66,66,66,66,66,66,66,66,66,66,66,66,66,66,66,66,66,66,66,66,66,66],"card_choices":[{"not_picked":["Deflect","Acrobatics"],"picked":"Escape Plan","floor":1},{"not_picked":["Cloak And Dagger","Blur"],"picked":"Poisoned Stab","floor":4},{"not_picked":["Blade Dance","Slice"],"picked":"Cloak And Dagger","floor":6},{"not_picked":["Sucker Punch+1","Acrobatics"],"picked":"Noxious Fumes","floor":10},{"not_picked":["Acrobatics","Distraction","Deflect"],"picked":"Backstab+1","floor":11},{"not_picked":["Reflex","Dagger Throw+1","Backflip"],"picked":"Catalyst","floor":12},{"not_picked":["Slice+1","Backflip","Infinite Blades"],"picked":"PiercingWail","floor":14},{"not_picked":["Glass Knife+1","Die Die Die+1","Venomology"],"picked":"Corpse Explosion","floor":16},{"not_picked":["Deflect","Prepared","Sucker Punch+1"],"picked":"Quick Slash+1","floor":18},{"not_picked":["PiercingWail","Sucker Punch+1","Quick Slash+1"],"picked":"Backstab+1","floor":19},{"not_picked":["Setup","Eviscerate+1","Deflect+1"],"picked":"Predator+1","floor":24},{"not_picked":["Reflex","Quick Slash+1","Outmaneuver","Heel Hook+1"],"picked":"SKIP","floor":28},{"not_picked":["Eviscerate+1","Finisher+1","Deadly Poison"],"picked":"Crippling Poison","floor":30},{"not_picked":["Terror","Flying Knee+1","Dagger Spray+1"],"picked":"Bullet Time","floor":31}],"player_experience":1178115,"relics_obtained":[{"floor":6,"key":"Molten Egg 2"},{"floor":9,"key":"Centennial Puzzle"},{"floor":10,"key":"Question Card"},{"floor":22,"key":"Necronomicon"},{"floor":26,"key":"Ancient Tea Set"}],"event_choices":[{"damage_healed":0,"gold_gain":0,"player_choice":"Grow","damage_taken":0,"max_hp_gain":0,"max_hp_loss":0,"event_name":"Living Wall","floor":2,"gold_loss":0,"cards_upgraded":["Neutralize"]},{"cards_removed":["Strike_G"],"damage_healed":0,"gold_gain":0,"player_choice":"Offered Basic","damage_taken":0,"max_hp_gain":0,"max_hp_loss":0,"event_name":"Bonfire Elementals","floor":3,"gold_loss":0},{"damage_healed":0,"gold_gain":0,"player_choice":"Ignored","damage_taken":0,"max_hp_gain":0,"max_hp_loss":0,"event_name":"Liars Game","floor":5,"gold_loss":0},{"damage_healed":0,"gold_gain":0,"player_choice":"Upgraded","damage_taken":0,"max_hp_gain":0,"max_hp_loss":0,"event_name":"Upgrade Shrine","floor":7,"gold_loss":0,"cards_upgraded":["Cloak And Dagger"]},{"damage_healed":0,"gold_gain":0,"player_choice":"Fight","damage_taken":0,"max_hp_gain":0,"max_hp_loss":0,"event_name":"Colosseum","floor":20,"gold_loss":0},{"damage_healed":0,"gold_gain":0,"player_choice":"Fled From Nobs","damage_taken":0,"max_hp_gain":0,"max_hp_loss":0,"event_name":"Colosseum","floor":20,"gold_loss":0},{"damage_healed":0,"gold_gain":0,"player_choice":"Obtained Book","damage_taken":21,"max_hp_gain":0,"max_hp_loss":0,"event_name":"Cursed Tome","floor":22,"gold_loss":0},{"damage_healed":0,"gold_gain":0,"player_choice":"Trade","damage_taken":0,"relics_obtained":["SsserpentHead"],"max_hp_gain":0,"max_hp_loss":0,"event_name":"FaceTrader","floor":25,"gold_loss":0}],"is_beta":true,"boss_relics":[{"not_picked":["Ring of the Serpent","Busted Crown"],"picked":"Sozu"}],"items_purged_floors":[21],"is_endless":false,"potions_floor_spawned":[4,6,12,14,18,24,31],"killed_by":"Collector","ascension_level":18}