{"gold_per_floor":[111,186,186,186,196,196,226,226,305,21,21,54,54,84,84,183,183,194,194,294,244,184],"floor_reached":22,"playtime":876,"items_purged":[],"score":354,"play_id":"1789d714-3530-4faf-88b9-c26814a97efa","local_time":"20190213170829","is_ascension_mode":true,"campfire_choices":[{"data":"Zap","floor":6,"key":"SMITH"},{"data":"Glacier","floor":8,"key":"SMITH"},{"data":"Hologram","floor":13,"key":"SMITH"},{"data":"Defragment","floor":15,"key":"SMITH"}],"neow_cost":"NONE","seed_source_timestamp":801743583278058,"circlet_count":0,"master_deck":["AscendersBane","Strike_B","Strike_B","Defend_B","Defend_B","Defend_B","Defend_B","Zap+1","Dualcast","Lockon","Streamline","Glacier+1","Zap+1","Defragment+1","Hologram+1","BootSequence","Electrodynamics","Coolheaded+1","Reinforced Body","Ball Lightning","Compile Driver"],"relics":["Cracked Core","NeowsBlessing","Calipers","Letter Opener","DollysMirror","Turnip","Pantograph","Inserter","Du-Vu Doll","The Courier"],"potions_floor_usage":[14,14],"damage_taken":[{"damage":0,"enemies":"Jaw Worm","floor":1,"turns":1},{"damage":0,"enemies":"2 Louse","floor":5,"turns":1},{"damage":0,"enemies":"Lagavulin","floor":7,"turns":1},{"damage":18,"enemies":"Gremlin Nob","floor":12,"turns":5},{"damage":10,"enemies":"3 Sentries","floor":14,"turns":4},{"damage":13,"enemies":"The Guardian","floor":16,"turns":12},{"damage":13,"enemies":"Chosen","floor":18,"turns":5},{"damage":29,"enemies":"Colosseum Slavers","floor":20,"turns":4},{"damage":25,"enemies":"Colosseum Nobs","floor":20,"turns":4},{"damage":9,"enemies":"2 Thieves","floor":22,"turns":2}],"seed_played":"-4295447682113233479","potions_obtained":[{"floor":1,"key":"Fire Potion"},{"floor":7,"key":"AttackPotion"}],"is_trial":false,"path_per_floor":["M","?","?","$","M","R","E","R","T","$","?","E","R","E","R","B",null,"M","?","?","?","M"],"character_chosen":"DEFECT","items_purchased":["DollysMirror","Defragment"],"campfire_rested":0,"item_purchase_floors":[10,10],"current_hp_per_floor":[68,57,62,62,62,62,62,62,62,62,62,44,44,34,34,46,72,59,59,5,5,0],"gold":184,"neow_bonus":"THREE_ENEMY_KILL","is_prod":false,"is_daily":false,"chose_seed":false,"campfire_upgraded":4,"win_rate":0,"timestamp":1550056109,"path_taken":["M","?","?","$","M","R","E","R","T","$","?","E","R","E","R","BOSS","M","?","?","?","M"],"build_version":"2019-01-23","purchased_purges":0,"victory":false,"max_hp_per_floor":[75,75,80,80,80,80,80,80,80,80,80,80,80,80,80,80,80,80,80,80,80,80],"card_choices":[{"not_picked":["Storm","Skim"],"picked":"Lockon","floor":1},{"not_picked":["Ball Lightning","Fusion"],"picked":"Streamline","floor":5},{"not_picked":["Coolheaded","Recycle"],"picked":"Glacier","floor":7},{"not_picked":["Conserve Battery","Stack"],"picked":"Hologram","floor":12},{"not_picked":["Heatsinks","Core Surge"],"picked":"BootSequence","floor":14},{"not_picked":["Multi-Cast","Core Surge"],"picked":"Electrodynamics","floor":16},{"not_picked":["Go for the Eyes+1","Redo+1"],"picked":"Coolheaded+1","floor":18},{"not_picked":["Steam Power","Heatsinks"],"picked":"Compile Driver","floor":20}],"player_experience":800571,"relics_obtained":[{"floor":7,"key":"Calipers"},{"floor":9,"key":"Letter Opener"},{"floor":12,"key":"Turnip"},{"floor":14,"key":"Pantograph"},{"floor":20,"key":"Du-Vu Doll"},{"floor":20,"key":"The Courier"}],"event_choices":[{"damage_healed":0,"gold_gain":75,"player_choice":"Gather Gold","damage_taken":11,"max_hp_gain":0,"max_hp_loss":0,"event_name":"World of Goop","floor":2,"gold_loss":0},{"damage_healed":0,"gold_gain":0,"player_choice":"Donut","damage_taken":0,"max_hp_gain":5,"max_hp_loss":0,"event_name":"Big Fish","floor":3,"gold_loss":0},{"damage_healed":0,"gold_gain":0,"player_choice":"Leave","damage_taken":0,"max_hp_gain":0,"max_hp_loss":0,"event_name":"The Cleric","floor":11,"gold_loss":0},{"damage_healed":0,"gold_gain":0,"cards_transformed":["Strike_B","Strike_B"],"player_choice":"Became Test Subject","damage_taken":0,"max_hp_gain":0,"max_hp_loss":0,"event_name":"Drug Dealer","floor":19,"gold_loss":0,"cards_obtained":["Reinforced Body","Ball Lightning"]},{"damage_healed":0,"gold_gain":0,"player_choice":"Fight","damage_taken":0,"max_hp_gain":0,"max_hp_loss":0,"event_name":"Colosseum","floor":20,"gold_loss":0},{"damage_healed":0,"gold_gain":0,"player_choice":"Fought Nobs","damage_taken":0,"max_hp_gain":0,"max_hp_loss":0,"event_name":"Colosseum","floor":20,"gold_loss":0},{"damage_healed":0,"gold_gain":0,"player_choice":"Bet on Owner","damage_taken":0,"max_hp_gain":0,"max_hp_loss":0,"event_name":"The Joust","floor":21,"gold_loss":50}],"is_beta":false,"boss_relics":[{"not_picked":["FrozenCore","Velvet Choker"],"picked":"Inserter"}],"items_purged_floors":[],"is_endless":false,"potions_floor_spawned":[1,7,12,20],"killed_by":"2 Thieves","ascension_level":12}