{"gold_per_floor":[110,122,122,140,158,158,158,192,218,218,218,230,247,172,172,172],"floor_reached":16,"playtime":728,"items_purged":["Strike_R"],"score":107,"play_id":"3e9770b7-b294-4586-a49f-7532fcc05452","local_time":"20181019191035","is_ascension_mode":true,"campfire_choices":[{"data":"Armaments","floor":6,"key":"SMITH"},{"data":"True Grit","floor":10,"key":"SMITH"},{"data":"Warcry","floor":15,"key":"SMITH"}],"neow_cost":"NONE","seed_source_timestamp":12012992014970,"circlet_count":0,"master_deck":["Strike_R","Strike_R","Strike_R","Defend_R","Defend_R","Defend_R","Defend_R","Bash","True Grit+1","Evolve","Armaments+1","Brutality","Shrug It Off","Warcry+1","Twin Strike"],"relics":["Burning Blood","Bag of Preparation","Blood Vial","Regal Pillow","Pen Nib"],"potions_floor_usage":[],"damage_taken":[{"damage":6,"enemies":"Jaw Worm","floor":1,"turns":4},{"damage":4,"enemies":"Small Slimes","floor":2,"turns":3},{"damage":3,"enemies":"2 Louse","floor":4,"turns":4},{"damage":28,"enemies":"Exordium Wildlife","floor":5,"turns":8},{"damage":21,"enemies":"3 Sentries","floor":8,"turns":9},{"damage":0,"enemies":"Red Slaver","floor":12,"turns":6},{"damage":2,"enemies":"Blue Slaver","floor":13,"turns":4},{"damage":55,"enemies":"Hexaghost","floor":16,"turns":14}],"seed_played":"-1107173298412789417","potions_obtained":[{"floor":4,"key":"Ancient Potion"},{"floor":5,"key":"Dexterity Potion"},{"floor":12,"key":"SpeedPotion"}],"is_trial":false,"path_per_floor":["M","M","?","M","M","R","?","E","T","R","?","M","M","$","R"],"character_chosen":"IRONCLAD","items_purchased":[],"campfire_rested":0,"item_purchase_floors":[],"current_hp_per_floor":[80,80,85,85,63,63,63,48,48,48,36,44,50,50,50,0],"gold":172,"neow_bonus":"RANDOM_COMMON_RELIC","is_prod":false,"is_daily":false,"chose_seed":false,"campfire_upgraded":3,"win_rate":0,"timestamp":1539987035,"path_taken":["M","M","?","M","M","R","?","E","T","R","?","M","M","$","R","BOSS"],"build_version":"2018-10-18","purchased_purges":1,"victory":false,"max_hp_per_floor":[80,80,85,85,85,85,85,85,85,85,85,85,85,85,85,85],"card_choices":[{"not_picked":["Twin Strike","Flame Barrier"],"picked":"True Grit","floor":1},{"not_picked":["Intimidate","Clothesline"],"picked":"Evolve","floor":2},{"not_picked":["Havoc","Anger","Rupture"],"picked":"SKIP","floor":4},{"not_picked":["Infernal Blade","Bloodletting"],"picked":"Armaments","floor":5},{"not_picked":["Wild Strike","Pommel Strike"],"picked":"Shrug It Off","floor":8},{"not_picked":["Armaments","Headbutt"],"picked":"Warcry","floor":12},{"not_picked":["Infernal Blade","Pummel"],"picked":"Twin Strike","floor":13}],"player_experience":91202,"relics_obtained":[{"floor":8,"key":"Blood Vial"},{"floor":9,"key":"Regal Pillow"}],"event_choices":[{"damage_healed":0,"gold_gain":0,"player_choice":"Donut","damage_taken":0,"max_hp_gain":5,"max_hp_loss":0,"event_name":"Big Fish","floor":3,"gold_loss":0},{"damage_healed":0,"gold_gain":0,"cards_transformed":["Strike_R"],"player_choice":"Transformed","damage_taken":0,"max_hp_gain":0,"max_hp_loss":0,"event_name":"Transmorgrifier","floor":7,"gold_loss":0,"cards_obtained":["Brutality"]},{"damage_healed":0,"gold_gain":0,"player_choice":"Success","damage_taken":12,"relics_obtained":["Pen Nib"],"max_hp_gain":0,"max_hp_loss":0,"event_name":"Scrap Ooze","floor":11,"gold_loss":0}],"is_beta":false,"boss_relics":[],"items_purged_floors":[14],"is_endless":false,"potions_floor_spawned":[4,5,12],"killed_by":"Hexaghost","ascension_level":1}