{"gold_per_floor":[110,128,145,2,2,2,29,49,72,97,97,97,97,107,107,185,185,205,205,205,221,221,221,248,248,248,248],"floor_reached":27,"playtime":880,"items_purged":[],"score":418,"play_id":"2c355e4a-1944-42ad-a889-a740b0fe99db","local_time":"20180717094312","is_ascension_mode":true,"campfire_choices":[{"data":"Defragment","floor":6,"key":"SMITH"},{"data":"Buffer","floor":11,"key":"SMITH"},{"floor":15,"key":"REST"},{"floor":23,"key":"REST"},{"floor":25,"key":"REST"}],"neow_cost":"NONE","seed_source_timestamp":555183656990389,"circlet_count":0,"master_deck":["Strike_B+1","Strike_B+1","Strike_B+1","Defend_B+1","Defend_B+1","Defend_B+1","Defend_B+1","Zap+1","Dualcast","AscendersBane","Beam Cell","Defragment+1","Auto Shields+1","Buffer+1","Sweeping Beam","Capacitor","Rebound","Seek","Conserve Battery","Decay","Echo Form"],"relics":["Cracked Core","Vajra","GremlinMask","Potion Belt","Juzu Bracelet","Oddly Smooth Stone","Cursed Key","Pen Nib"],"potions_floor_usage":[3,10,16,24],"damage_taken":[{"damage":0,"enemies":"2 Louse","floor":1,"turns":3},{"damage":1,"enemies":"Cultist","floor":2,"turns":3},{"damage":7,"enemies":"Jaw Worm","floor":3,"turns":4},{"damage":22,"enemies":"Gremlin Nob","floor":7,"turns":4},{"damage":16,"enemies":"Lots of Slimes","floor":8,"turns":4},{"damage":15,"enemies":"3 Sentries","floor":10,"turns":6},{"damage":0,"enemies":"Looter","floor":14,"turns":3},{"damage":5,"enemies":"The Guardian","floor":16,"turns":13},{"damage":34,"enemies":"Shell Parasite","floor":18,"turns":6},{"damage":1,"enemies":"Spheric Guardian","floor":21,"turns":5},{"damage":40,"enemies":"Slavers","floor":24,"turns":6},{"damage":6,"enemies":"Snake Plant","floor":27,"turns":2}],"seed_played":"1094179349383866172","potions_obtained":[{"floor":2,"key":"Regen Potion"},{"floor":8,"key":"SkillPotion"},{"floor":10,"key":"Explosive Potion"},{"floor":14,"key":"EssenceOfSteel"}],"is_trial":false,"path_per_floor":["M","M","M","$","?","R","E","M","T","E","R","?","?","M","R","B",null,"M","?","?","M","?","R","E","R","T"],"character_chosen":"DEFECT","items_purchased":["Vajra"],"campfire_rested":3,"item_purchase_floors":[4],"current_hp_per_floor":[64,63,65,65,65,65,43,27,27,12,12,12,12,12,33,28,60,26,26,26,25,25,46,6,27,27,21],"gold":248,"neow_bonus":"UPGRADE_CARD","is_prod":false,"is_daily":false,"chose_seed":false,"campfire_upgraded":2,"win_rate":0,"timestamp":1531842192,"path_taken":["M","M","M","$","?","R","E","M","T","E","R","?","?","M","R","BOSS","M","?","?","M","?","R","E","R","T","M"],"build_version":"2018-07-16","purchased_purges":0,"victory":false,"max_hp_per_floor":[71,71,71,71,71,71,71,71,71,71,71,71,71,71,71,71,71,71,71,71,71,71,71,71,71,71,71],"card_choices":[{"not_picked":["Rebound","Coolheaded"],"picked":"Beam Cell","floor":1},{"not_picked":["Redo","Hello World"],"picked":"Defragment","floor":2},{"not_picked":["Ball Lightning","Steam Power"],"picked":"Auto Shields","floor":3},{"not_picked":["Gash","Sunder"],"picked":"Buffer","floor":7},{"not_picked":["Barrage","Beam Cell"],"picked":"Sweeping Beam","floor":8},{"not_picked":["Barrage","Go for the Eyes"],"picked":"Capacitor","floor":10},{"not_picked":["Capacitor","Beam Cell"],"picked":"Rebound","floor":14},{"not_picked":["All For One","Amplify"],"picked":"Seek","floor":16},{"not_picked":["Blizzard","Streamline"],"picked":"Conserve Battery","floor":18},{"not_picked":["Lockon","Barrage","Gash"],"picked":"SKIP","floor":21},{"not_picked":["White Noise","Turbo"],"picked":"Echo Form","floor":24}],"player_experience":788275,"relics_obtained":[{"floor":7,"key":"Potion Belt"},{"floor":9,"key":"Juzu Bracelet"},{"floor":10,"key":"Oddly Smooth Stone"},{"floor":24,"key":"Pen Nib"}],"event_choices":[{"event_name":"FaceTrader","player_choice":"Trade","floor":5,"damage_taken":0},{"event_name":"Living Wall","player_choice":"Forget","floor":12,"damage_taken":0},{"event_name":"Accursed Blacksmith","player_choice":"Forge","floor":13,"damage_taken":0},{"event_name":"Back to Basics","player_choice":"Simplicity","floor":19,"damage_taken":0},{"event_name":"Forgotten Altar","player_choice":"Smashed Altar","floor":20,"damage_taken":0},{"event_name":"Vampires","player_choice":"Ignored","floor":22,"damage_taken":0}],"boss_relics":[{"not_picked":["Nuclear Battery","Coffee Dripper"],"picked":"Cursed Key"}],"items_purged_floors":[],"is_endless":false,"potions_floor_spawned":[2,8,10,14],"killed_by":"Snake Plant","ascension_level":15}