{"gold_per_floor":[112,112,387,44,115,144,155,184,184,184,211,211,211,231,231,307,307,320,47,58,58,58,58],"floor_reached":23,"playtime":715,"items_purged":["Regret","Strike_R"],"score":437,"play_id":"4337e13e-ae08-432c-b6e0-89c8697a7a36","local_time":"20181203202645","is_ascension_mode":true,"campfire_choices":[{"data":"Inflame","floor":10,"key":"SMITH"},{"data":"Demon Form","floor":12,"key":"SMITH"},{"data":"Clothesline","floor":15,"key":"SMITH"}],"neow_cost":"NONE","seed_source_timestamp":1735518072910089,"circlet_count":0,"master_deck":["AscendersBane","Strike_R","Strike_R","Strike_R","Defend_R","Defend_R","Defend_R","Defend_R","Bash","Corruption","Inflame+1","Bludgeon","Anger","Clothesline+1","Iron Wave","Demon Form+1","Sword Boomerang","Double Tap","Pummel"],"relics":["Burning Blood","NeowsBlessing","Bottled Tornado","Gremlin Horn","Self Forming Clay","Shuriken","Singing Bowl","Black Star","Anchor","Nilry\u0027s Codex"],"potions_floor_usage":[2,18,20,23],"damage_taken":[{"damage":0,"enemies":"Cultist","floor":1,"turns":1},{"damage":0,"enemies":"Gremlin Nob","floor":6,"turns":1},{"damage":0,"enemies":"2 Louse","floor":7,"turns":1},{"damage":35,"enemies":"3 Sentries","floor":8,"turns":8},{"damage":22,"enemies":"Lagavulin","floor":11,"turns":6},{"damage":2,"enemies":"Jaw Worm","floor":14,"turns":2},{"damage":6,"enemies":"Hexaghost","floor":16,"turns":7},{"damage":20,"enemies":"Shell Parasite","floor":18,"turns":5},{"damage":17,"enemies":"Spheric Guardian","floor":20,"turns":4},{"damage":58,"enemies":"Gremlin Leader","floor":23,"turns":4}],"seed_played":"-5776335648600249095","potions_obtained":[{"floor":1,"key":"Fruit Juice"},{"floor":11,"key":"Explosive Potion"},{"floor":14,"key":"Dexterity Potion"},{"floor":18,"key":"EssenceOfSteel"},{"floor":20,"key":"FairyPotion"}],"is_trial":false,"path_per_floor":["M","$","?","$","T","E","M","E","T","R","E","R","?","M","R","B",null,"M","$","M","?","?","E"],"character_chosen":"IRONCLAD","items_purchased":["Inflame","Bludgeon","Anchor"],"campfire_rested":0,"item_purchase_floors":[4,4,19],"current_hp_per_floor":[74,79,79,79,79,80,80,51,51,51,35,35,28,32,32,32,68,54,54,45,61,40,0],"gold":58,"neow_bonus":"THREE_ENEMY_KILL","is_prod":false,"is_daily":false,"chose_seed":false,"campfire_upgraded":3,"win_rate":0,"timestamp":1543894005,"path_taken":["M","$","?","$","?","E","M","E","T","R","E","R","?","?","R","BOSS","M","$","M","?","?","E"],"build_version":"2018-11-15","purchased_purges":2,"victory":false,"max_hp_per_floor":[75,80,80,80,80,80,80,80,80,80,80,80,80,80,80,80,80,80,80,82,82,82,82],"card_choices":[{"not_picked":["Rage","Second Wind"],"picked":"Corruption","floor":1},{"not_picked":["Spot Weakness","Wild Strike"],"picked":"Anger","floor":6},{"not_picked":["Pommel Strike","Heavy Blade"],"picked":"Clothesline","floor":7},{"not_picked":["Rage","Wild Strike"],"picked":"Iron Wave","floor":8},{"not_picked":["Reaper","Rampage"],"picked":"Demon Form","floor":11},{"not_picked":["Shockwave","Headbutt"],"picked":"Sword Boomerang","floor":14},{"not_picked":["Demon Form","Brutality"],"picked":"Double Tap","floor":16},{"not_picked":["Perfected Strike","Inflame+1"],"picked":"Pummel","floor":18},{"not_picked":["Fire Breathing","Thunderclap","Twin Strike"],"picked":"Singing Bowl","floor":20}],"player_experience":1164839,"relics_obtained":[{"floor":5,"key":"Bottled Tornado"},{"floor":6,"key":"Gremlin Horn"},{"floor":8,"key":"Self Forming Clay"},{"floor":9,"key":"Shuriken"},{"floor":11,"key":"Singing Bowl"},{"floor":22,"key":"Nilry\u0027s Codex"}],"event_choices":[{"damage_healed":0,"gold_gain":275,"player_choice":"Desecrate","damage_taken":0,"max_hp_gain":0,"max_hp_loss":0,"event_name":"Golden Shrine","floor":3,"gold_loss":0,"cards_obtained":["Regret"]},{"cards_removed":["Strike_R"],"damage_healed":0,"gold_gain":0,"player_choice":"Card Removal","damage_taken":7,"max_hp_gain":0,"max_hp_loss":0,"event_name":"Golden Wing","floor":13,"gold_loss":0},{"damage_healed":16,"gold_gain":0,"player_choice":"Heal","damage_taken":0,"max_hp_gain":0,"max_hp_loss":0,"event_name":"The Library","floor":21,"gold_loss":0},{"damage_healed":0,"gold_gain":0,"player_choice":"Obtained Book","damage_taken":21,"max_hp_gain":0,"max_hp_loss":0,"event_name":"Cursed Tome","floor":22,"gold_loss":0}],"is_beta":true,"boss_relics":[{"not_picked":["Eternal Feather","Empty Cage"],"picked":"Black Star"}],"items_purged_floors":[4,19],"is_endless":false,"potions_floor_spawned":[1,11,14,18,20],"killed_by":"Gremlin Leader","ascension_level":18}