{"gold_per_floor":[118,118,135,135,154,194,194,50,75,110,131,149,185,185,185,313,313,334,334,334,350,375,375,708,729,729,729,729,106,127,158,158,289,289,310,328,75,95,113,113,68,109,109,109],"floor_reached":44,"playtime":2138,"items_purged":["Strike_G"],"score":757,"play_id":"3cc8bd2a-a48f-4c67-be9b-a3df103cfc7e","local_time":"20190215091433","is_ascension_mode":true,"campfire_choices":[{"floor":7.0,"key":"REST"},{"data":"Noxious Fumes","floor":15.0,"key":"SMITH"},{"data":"Glass Knife","floor":23.0,"key":"SMITH"},{"floor":27,"key":"REST"},{"floor":32,"key":"REST"},{"data":"Footwork","floor":40,"key":"SMITH"}],"neow_cost":"NONE","seed_source_timestamp":6048684821344,"circlet_count":0,"master_deck":["Defend_G","Defend_G","Defend_G","Defend_G","Defend_G","Strike_G+1","Strike_G","Strike_G","Strike_G+1","Survivor","Neutralize+1","Noxious Fumes+1","Well Laid Plans","Cloak And Dagger","Footwork+1","Corpse Explosion","Backflip","Deadly Poison","Footwork+1","Glass Knife+1","Deadly Poison+1","Dagger Spray+1","A Thousand Cuts","Sucker Punch","Burst","Caltrops","Blur+1","Cloak And Dagger","Sucker Punch+1","Dodge and Roll","Backstab+1"],"special_seed":0,"relics":["White Beast Statue","Golden Idol","Art of War","Omamori","Regal Pillow","Singing Bowl","Busted Crown","MutagenicStrength","Old Coin","Whetstone","PreservedInsect","Sling","Bag of Marbles","Anchor","WristBlade","Mummified Hand","Lantern","Letter Opener"],"potions_floor_usage":[24,35],"damage_taken":[{"damage":4.0,"enemies":"Small Slimes","floor":1.0,"turns":4.0},{"damage":0.0,"enemies":"Jaw Worm","floor":3.0,"turns":5.0},{"damage":0.0,"enemies":"Cultist","floor":5.0,"turns":5.0},{"damage":12.0,"enemies":"3 Sentries","floor":6.0,"turns":7.0},{"damage":3.0,"enemies":"Lagavulin","floor":10.0,"turns":9.0},{"damage":0.0,"enemies":"Blue Slaver","floor":11.0,"turns":5.0},{"damage":4.0,"enemies":"Red Slaver","floor":12.0,"turns":6.0},{"damage":25.0,"enemies":"3 Sentries","floor":13.0,"turns":4.0},{"damage":8.0,"enemies":"Hexaghost","floor":16.0,"turns":11.0},{"damage":3.0,"enemies":"Shell Parasite","floor":18.0,"turns":7.0},{"damage":0.0,"enemies":"3 Byrds","floor":21.0,"turns":3.0},{"damage":10.0,"enemies":"Shelled Parasite and Fungi","floor":22.0,"turns":6.0},{"damage":22,"enemies":"Gremlin Leader","floor":24,"turns":7},{"damage":4,"enemies":"Centurion and Healer","floor":25,"turns":3},{"damage":20,"enemies":"Snake Plant","floor":30,"turns":5},{"damage":0,"enemies":"Slavers","floor":31,"turns":1},{"damage":47,"enemies":"Champ","floor":33,"turns":13},{"damage":2,"enemies":"3 Shapes","floor":35,"turns":1},{"damage":6,"enemies":"Orb Walker","floor":36,"turns":3},{"damage":13,"enemies":"Jaw Worm Horde","floor":38,"turns":5},{"damage":0,"enemies":"3 Darklings","floor":39,"turns":2},{"damage":41,"enemies":"Giant Head","floor":42,"turns":9},{"damage":25,"enemies":"Transient","floor":44,"turns":3}],"seed_played":"5762863062856290195","potions_obtained":[{"floor":1.0,"key":"AttackPotion"},{"floor":3.0,"key":"Strength Potion"},{"floor":5.0,"key":"GhostInAJar"},{"floor":6.0,"key":"Regen Potion"},{"floor":10.0,"key":"Poison Potion"},{"floor":11.0,"key":"SkillPotion"},{"floor":12.0,"key":"Dexterity Potion"},{"floor":13.0,"key":"Dexterity Potion"},{"floor":16.0,"key":"SkillPotion"},{"floor":24,"key":"Explosive Potion"},{"floor":33,"key":"SkillPotion"},{"floor":35,"key":"LiquidBronze"}],"is_trial":false,"path_per_floor":["M","?","M","?","M","E","R","$","T","E","M","M","E","?","R","B",null,"M","?","?","M","M","R","E","M","T","R","?","$","M","E","R","B",null,"M","M","$","M","M","R","$","E","T","M"],"character_chosen":"THE_SILENT","items_purchased":["Footwork","Corpse Explosion","PreservedInsect","Sling","Bag of Marbles","Sucker Punch","Mummified Hand","Dodge and Roll"],"campfire_rested":3,"item_purchase_floors":[8,8,29,29,29,29,37,41],"current_hp_per_floor":[59,59,59,42,42,30,51,51,51,48,48,44,31,31,31,23,58,55,55,48,48,40,40,18,16,16,53,53,53,35,35,72,27,65,63,57,57,44,44,44,44,3,3,0],"gold":109,"neow_bonus":"BOSS_RELIC","is_prod":false,"is_daily":false,"chose_seed":false,"campfire_upgraded":3,"win_rate":0,"timestamp":1550229273,"path_taken":["M","?","M","?","M","E","R","?","T","E","?","M","E","?","R","BOSS","M","?","?","M","M","R","E","?","T","R","?","$","?","E","R","BOSS","M","?","$","M","M","R","$","E","T","M"],"build_version":"2019-01-23","purchased_purges":1,"victory":false,"max_hp_per_floor":[70,70,70,70,70,70,70,70,70,70,70,70,70,70,70,70,70,70,70,70,70,72,72,72,74,74,74,74,74,76,76,76,78,78,78,78,78,78,78,78,78,78,78,78],"card_choices":[{"not_picked":["Bane","All Out Attack"],"picked":"Noxious Fumes","floor":1.0},{"not_picked":["Sucker Punch","Quick Slash"],"picked":"Well Laid Plans","floor":3.0},{"not_picked":["Poisoned Stab","Well Laid Plans","Distraction"],"picked":"SKIP","floor":5.0},{"not_picked":["Envenom","Outmaneuver"],"picked":"Cloak And Dagger","floor":6.0},{"not_picked":["Prepared","Finisher"],"picked":"Backflip","floor":10.0},{"not_picked":["Underhanded Strike","Poisoned Stab","Acrobatics"],"picked":"SKIP","floor":11.0},{"not_picked":["Accuracy","Flying Knee"],"picked":"Deadly Poison","floor":12.0},{"not_picked":["Deflect","Blade Dance"],"picked":"Footwork","floor":13.0},{"not_picked":["Tools of the Trade","Night Terror"],"picked":"Glass Knife","floor":16.0},{"not_picked":[],"picked":"Deadly Poison+1","floor":18.0},{"not_picked":[],"picked":"Dagger Spray+1","floor":21.0},{"not_picked":["Deflect"],"picked":"Singing Bowl","floor":22.0},{"not_picked":[],"picked":"A Thousand Cuts","floor":24},{"not_picked":["Underhanded Strike"],"picked":"Singing Bowl","floor":25},{"not_picked":["Slice"],"picked":"Singing Bowl","floor":30},{"not_picked":[],"picked":"Burst","floor":31},{"not_picked":["Bullet Time"],"picked":"Singing Bowl","floor":33},{"not_picked":[],"picked":"Caltrops","floor":35},{"not_picked":[],"picked":"Blur+1","floor":36},{"not_picked":[],"picked":"Cloak And Dagger","floor":38},{"not_picked":[],"picked":"Sucker Punch+1","floor":39},{"not_picked":[],"picked":"Backstab+1","floor":42}],"player_experience":327487,"relics_obtained":[{"floor":6.0,"key":"Art of War"},{"floor":9.0,"key":"Omamori"},{"floor":10.0,"key":"Regal Pillow"},{"floor":13.0,"key":"Singing Bowl"},{"floor":24,"key":"Old Coin"},{"floor":26,"key":"Whetstone"},{"floor":31,"key":"Anchor"},{"floor":42,"key":"Lantern"},{"floor":43,"key":"Letter Opener"}],"event_choices":[{"damage_healed":0.0,"max_hp_gain":0.0,"max_hp_loss":0.0,"gold_gain":0.0,"event_name":"Living Wall","player_choice":"Grow","floor":2.0,"gold_loss":0.0,"damage_taken":0.0,"cards_upgraded":["Neutralize"]},{"damage_healed":0.0,"max_hp_gain":0.0,"max_hp_loss":0.0,"gold_gain":0.0,"event_name":"Golden Idol","player_choice":"Take Damage","floor":4.0,"gold_loss":0.0,"damage_taken":17.0,"relics_obtained":["Golden Idol"]},{"damage_healed":0.0,"max_hp_gain":0.0,"max_hp_loss":0.0,"gold_gain":0.0,"event_name":"Upgrade Shrine","player_choice":"Upgraded","floor":14.0,"gold_loss":0.0,"damage_taken":0.0,"cards_upgraded":["Footwork"]},{"damage_healed":0.0,"max_hp_gain":0.0,"max_hp_loss":0.0,"gold_gain":0.0,"event_name":"Drug Dealer","player_choice":"Inject Mutagens","floor":19.0,"gold_loss":0.0,"damage_taken":0.0,"relics_obtained":["MutagenicStrength"]},{"damage_healed":0.0,"max_hp_gain":0.0,"max_hp_loss":0.0,"gold_gain":0.0,"event_name":"Knowing Skull","player_choice":"","floor":20.0,"potions_obtained":[],"gold_loss":0.0,"damage_taken":7.0,"cards_obtained":[]},{"damage_healed":0,"gold_gain":0,"player_choice":"Bought 0 Potions","damage_taken":0,"max_hp_gain":0,"max_hp_loss":0,"event_name":"The Woman in Blue","floor":28,"gold_loss":0}],"is_beta":false,"boss_relics":[{"not_picked":["Pandora\u0027s Box","Orrery"],"picked":"Busted Crown"},{"not_picked":["HoveringKite","Coffee Dripper"],"picked":"WristBlade"}],"items_purged_floors":[29],"is_endless":false,"potions_floor_spawned":[1,3,5,6,10,11,12,13,16,18,21,22,24,25,30,31,33,35,36,38,39,42],"killed_by":"Transient","ascension_level":8}