{"gold_per_floor":[119,119,139,139,49,81,99,99,169,184,195,195,225,242,242,347,347,362,375,76,92,103,103,118,153,153,153],"floor_reached":27,"playtime":1499,"items_purged":["Regret"],"score":333,"play_id":"b090582e-f378-4230-98d2-f7f344f2edc1","local_time":"20190212235921","is_ascension_mode":true,"campfire_choices":[{"data":"Scrape","floor":8.0,"key":"SMITH"},{"data":"Seek","floor":12.0,"key":"SMITH"},{"data":"Zap","floor":15.0,"key":"SMITH"},{"floor":23.0,"key":"REST"}],"neow_cost":"NONE","seed_source_timestamp":124572041702883,"circlet_count":0,"master_deck":["Strike_B","Strike_B","Strike_B","Strike_B","Defend_B","Defend_B","Defend_B","Defend_B","Zap+1","Dualcast","Rebound","Scrape+1","Forethought","Seek+1","Gash+1","Go for the Eyes+1","Leap","Stack","Leap","All For One+1","Turbo+1","Leap","Gash+1","Violence","Steam","Reboot","Rebound+1","Gash+1"],"special_seed":0,"relics":["Cracked Core","NeowsBlessing","Pen Nib","Molten Egg 2","Kunai","Symbiotic Virus","Fusion Hammer","Potion Belt","Matryoshka"],"potions_floor_usage":[],"damage_taken":[{"damage":0.0,"enemies":"Jaw Worm","floor":1.0,"turns":1.0},{"damage":0.0,"enemies":"Small Slimes","floor":3.0,"turns":1.0},{"damage":2.0,"enemies":"3 Sentries","floor":6.0,"turns":2.0},{"damage":6.0,"enemies":"Cultist","floor":7.0,"turns":3.0},{"damage":4.0,"enemies":"Gremlin Gang","floor":10.0,"turns":5.0},{"damage":6.0,"enemies":"Blue Slaver","floor":11.0,"turns":2.0},{"damage":30.0,"enemies":"Lagavulin","floor":13.0,"turns":4.0},{"damage":2.0,"enemies":"Looter","floor":14.0,"turns":3.0},{"damage":19.0,"enemies":"Hexaghost","floor":16.0,"turns":9.0},{"damage":11.0,"enemies":"Shell Parasite","floor":18.0,"turns":5.0},{"damage":33.0,"enemies":"3 Byrds","floor":19.0,"turns":4.0},{"damage":0.0,"enemies":"Centurion and Healer","floor":21.0,"turns":5.0},{"damage":0.0,"enemies":"3 Cultists","floor":22.0,"turns":3.0},{"damage":24.0,"enemies":"Snake Plant","floor":24.0,"turns":4.0},{"damage":9.0,"enemies":"Book of Stabbing","floor":25.0,"turns":3.0},{"damage":0,"enemies":"Centurion and Healer","floor":27,"turns":1}],"seed_played":"7903873773671090983","potions_obtained":[{"floor":1.0,"key":"SpeedPotion"},{"floor":7.0,"key":"Strength Potion"},{"floor":13.0,"key":"Ancient Potion"},{"floor":14.0,"key":"Dexterity Potion"},{"floor":18.0,"key":"SteroidPotion"},{"floor":22.0,"key":"Dexterity Potion"},{"floor":24.0,"key":"Energy Potion"}],"is_trial":false,"path_per_floor":["M","?","M","?","$","E","M","R","T","M","M","R","E","M","R","B",null,"M","M","$","M","M","R","M","E","T","M"],"character_chosen":"DEFECT","items_purchased":["Forethought","Gash+1","Violence"],"campfire_rested":1,"item_purchase_floors":[5,20,20],"current_hp_per_floor":[68,68,68,75,75,73,67,67,67,63,57,57,27,25,25,6,58,47,14,14,14,14,36,12,3,3,3],"gold":153,"neow_bonus":"THREE_ENEMY_KILL","is_prod":false,"is_daily":false,"chose_seed":false,"campfire_upgraded":3,"win_rate":0,"timestamp":1550012361,"path_taken":["M","?","M","?","$","E","M","R","T","?","?","R","E","M","R","BOSS","M","M","$","M","M","R","M","E","T","M"],"build_version":"2019-01-23","purchased_purges":1,"victory":false,"max_hp_per_floor":[75,75,75,75,75,75,75,75,75,75,75,75,75,75,75,75,75,75,75,75,75,75,75,75,75,75,75],"card_choices":[{"not_picked":["Streamline","Hologram"],"picked":"Rebound","floor":1.0},{"not_picked":["Sweeping Beam","Hologram"],"picked":"Scrape","floor":3.0},{"not_picked":["Fusion","Consume"],"picked":"Seek","floor":6.0},{"not_picked":["Cold Snap+1","Steam"],"picked":"Gash+1","floor":7.0},{"not_picked":["Chaos","Sweeping Beam+1"],"picked":"Go for the Eyes+1","floor":10.0},{"not_picked":["Undo","Barrage+1"],"picked":"Leap","floor":11.0},{"not_picked":["Darkness","Capacitor"],"picked":"Stack","floor":13.0},{"not_picked":["Conserve Battery","Heatsinks"],"picked":"Leap","floor":14.0},{"not_picked":["Echo Form","Multi-Cast"],"picked":"All For One+1","floor":16.0},{"not_picked":["Leap+1","Darkness"],"picked":"Turbo+1","floor":18.0},{"not_picked":["Turbo","Heatsinks"],"picked":"Leap","floor":19.0},{"not_picked":["Ball Lightning+1","Leap"],"picked":"Steam","floor":21.0},{"not_picked":["Steam","Doom and Gloom+1"],"picked":"Reboot","floor":22.0},{"not_picked":["Darkness","Compile Driver+1"],"picked":"Rebound+1","floor":24.0},{"not_picked":["Rebound+1","Self Repair+1"],"picked":"Gash+1","floor":25.0}],"player_experience":158023,"relics_obtained":[{"floor":6.0,"key":"Molten Egg 2"},{"floor":9.0,"key":"Kunai"},{"floor":13.0,"key":"Symbiotic Virus"},{"floor":25.0,"key":"Potion Belt"},{"floor":26.0,"key":"Matryoshka"}],"event_choices":[{"damage_healed":0.0,"max_hp_gain":0.0,"max_hp_loss":0.0,"gold_gain":0.0,"event_name":"Big Fish","player_choice":"Box","floor":2.0,"gold_loss":0.0,"damage_taken":0.0,"relics_obtained":["Pen Nib"],"cards_obtained":["Regret"]},{"damage_healed":7.0,"max_hp_gain":0.0,"max_hp_loss":0.0,"gold_gain":0.0,"event_name":"Wheel of Change","player_choice":"Full Heal","floor":4.0,"gold_loss":0.0,"damage_taken":0.0}],"is_beta":false,"boss_relics":[{"not_picked":["Calling Bell","Ectoplasm"],"picked":"Fusion Hammer"}],"items_purged_floors":[20],"is_endless":false,"potions_floor_spawned":[1,7,13,14,18,22,24],"killed_by":"Centurion and Healer","ascension_level":7}