{"gold_per_floor":[219,7,57,70,81,81,93,93,93,103,103,103,142,158,158,251,251,272,285,320,320,335,335,376,38,38,63,63,63,79,20,20,113,113,131,464,482,501,723,723],"floor_reached":40,"playtime":1575,"items_purged":["Strike_R"],"score":990,"play_id":"9873b575-2c40-4d2e-a7dd-afa4876d7cfb","local_time":"20181203182628","is_ascension_mode":true,"campfire_choices":[{"data":"Body Slam","floor":6,"key":"SMITH"},{"data":"Flex","floor":8,"key":"SMITH"},{"data":"Whirlwind","floor":12,"key":"SMITH"},{"data":"Limit Break","floor":15,"key":"SMITH"},{"data":"Flame Barrier","floor":23,"key":"SMITH"},{"floor":29,"key":"REST"},{"data":"Demon Form","floor":32,"key":"SMITH"}],"neow_cost":"NONE","seed_source_timestamp":1727440777807361,"circlet_count":0,"master_deck":["AscendersBane","Strike_R","Strike_R","Strike_R","Strike_R","Defend_R+1","Defend_R","Defend_R","Defend_R+1","Bash","Headbutt","Limit Break+1","Anger","Body Slam+1","Offering","Flex+1","Whirlwind+1","Pummel","Exhume","Demon Form+1","Inflame","Flame Barrier+1","Corruption","Feel No Pain","Sword Boomerang","Pommel Strike+1","Havoc","Shrug It Off+1","Parasite"],"relics":["Burning Blood","Ice Cream","Charon\u0027s Ashes","Busted Crown","Red Mask","MutagenicStrength","Bag of Preparation","War Paint","Sundial","Sozu"],"potions_floor_usage":[7,10,13,16,19,22,27],"damage_taken":[{"damage":6,"enemies":"Jaw Worm","floor":1,"turns":6},{"damage":6,"enemies":"Cultist","floor":4,"turns":3},{"damage":7,"enemies":"Small Slimes","floor":5,"turns":3},{"damage":19,"enemies":"Exordium Wildlife","floor":7,"turns":3},{"damage":17,"enemies":"3 Louse","floor":10,"turns":3},{"damage":26,"enemies":"3 Sentries","floor":13,"turns":3},{"damage":14,"enemies":"Large Slime","floor":14,"turns":3},{"damage":6,"enemies":"Slime Boss","floor":16,"turns":4},{"damage":12,"enemies":"Shell Parasite","floor":18,"turns":1},{"damage":11,"enemies":"Spheric Guardian","floor":19,"turns":3},{"damage":12,"enemies":"Masked Bandits","floor":20,"turns":2},{"damage":7,"enemies":"Snecko","floor":22,"turns":3},{"damage":19,"enemies":"Slavers","floor":24,"turns":4},{"damage":19,"enemies":"Snake Plant","floor":27,"turns":3},{"damage":18,"enemies":"3 Cultists","floor":30,"turns":3},{"damage":6,"enemies":"Automaton","floor":33,"turns":6},{"damage":13,"enemies":"3 Darklings","floor":35,"turns":2},{"damage":8,"enemies":"Orb Walker","floor":37,"turns":2},{"damage":28,"enemies":"Writhing Mass","floor":38,"turns":5},{"damage":44,"enemies":"Nemesis","floor":40,"turns":2}],"seed_played":"-8886441838789220524","potions_obtained":[{"floor":4,"key":"SpeedPotion"},{"floor":5,"key":"Swift Potion"},{"floor":7,"key":"Regen Potion"},{"floor":10,"key":"PowerPotion"},{"floor":18,"key":"AttackPotion"},{"floor":20,"key":"AttackPotion"},{"floor":24,"key":"BloodPotion"},{"floor":30,"key":"Energy Potion"}],"is_trial":false,"path_per_floor":["M","$","?","M","M","R","M","R","T","M","?","R","E","M","R","B",null,"M","M","?","?","M","R","E","$","T","M","$","R","M","$","R","B",null,"M","?","M","M","?","E"],"character_chosen":"IRONCLAD","items_purchased":["Limit Break","Anger","Feel No Pain","Sword Boomerang","War Paint","Havoc"],"campfire_rested":1,"item_purchase_floors":[2,2,25,25,25,31],"current_hp_per_floor":[68,68,68,68,67,67,54,54,54,43,43,43,32,24,24,24,57,51,46,40,40,39,39,26,26,26,19,19,39,27,27,27,27,58,51,51,49,27,27,0],"gold":723,"neow_bonus":"HUNDRED_GOLD","is_prod":false,"is_daily":false,"chose_seed":false,"campfire_upgraded":6,"win_rate":0,"timestamp":1543886788,"path_taken":["M","$","?","M","M","R","M","R","T","?","?","R","E","M","R","BOSS","M","M","?","?","M","R","E","$","T","M","$","R","M","$","R","BOSS","M","?","M","M","?","E"],"build_version":"2018-11-15","purchased_purges":1,"victory":false,"max_hp_per_floor":[75,75,75,75,75,75,75,75,75,75,68,68,68,68,68,68,68,68,68,68,68,68,68,68,68,68,68,68,68,68,68,68,68,68,68,68,68,68,68,68],"card_choices":[{"not_picked":["Thunderclap","Havoc"],"picked":"Headbutt","floor":1},{"not_picked":["Thunderclap","Dual Wield"],"picked":"Body Slam","floor":4},{"not_picked":["Wild Strike","Shrug It Off"],"picked":"Offering","floor":5},{"not_picked":["Clash","Warcry"],"picked":"Flex","floor":7},{"not_picked":["Rage","Warcry"],"picked":"Whirlwind","floor":10},{"not_picked":["Heavy Blade","Entrench"],"picked":"Pummel","floor":13},{"not_picked":["Headbutt","Second Wind"],"picked":"Exhume","floor":14},{"not_picked":["Feed","Berserk"],"picked":"Demon Form","floor":16},{"not_picked":["Clash+1"],"picked":"SKIP","floor":18},{"not_picked":["Headbutt"],"picked":"SKIP","floor":19},{"not_picked":[],"picked":"Inflame","floor":20},{"not_picked":[],"picked":"Flame Barrier","floor":22},{"not_picked":[],"picked":"Corruption","floor":24},{"not_picked":[],"picked":"Pommel Strike+1","floor":27},{"not_picked":["Combust"],"picked":"SKIP","floor":30},{"not_picked":["True Grit"],"picked":"SKIP","floor":35},{"not_picked":[],"picked":"Shrug It Off+1","floor":37},{"not_picked":["Infernal Blade"],"picked":"SKIP","floor":38}],"player_experience":1158779,"relics_obtained":[{"floor":9,"key":"Ice Cream"},{"floor":13,"key":"Charon\u0027s Ashes"},{"floor":20,"key":"Red Mask"},{"floor":24,"key":"Bag of Preparation"},{"floor":26,"key":"Sundial"}],"event_choices":[{"damage_healed":0,"gold_gain":50,"player_choice":"Pray","damage_taken":0,"max_hp_gain":0,"max_hp_loss":0,"event_name":"Golden Shrine","floor":3,"gold_loss":0},{"damage_healed":0,"gold_gain":0,"player_choice":"Lose Max HP","damage_taken":0,"relics_obtained":["Golden Idol"],"max_hp_gain":0,"max_hp_loss":7,"event_name":"Golden Idol","floor":11,"gold_loss":0},{"damage_healed":0,"gold_gain":0,"player_choice":"Fought Bandits","damage_taken":0,"max_hp_gain":0,"max_hp_loss":0,"event_name":"Masked Bandits","floor":20,"gold_loss":0},{"damage_healed":0,"gold_gain":0,"player_choice":"Inject Mutagens","damage_taken":0,"relics_obtained":["MutagenicStrength"],"max_hp_gain":0,"max_hp_loss":0,"event_name":"Drug Dealer","floor":21,"gold_loss":0},{"damage_healed":0,"gold_gain":333,"player_choice":"Gave Idol","damage_taken":0,"max_hp_gain":0,"max_hp_loss":0,"event_name":"The Moai Head","floor":36,"relics_lost":["Golden Idol"],"gold_loss":0},{"damage_healed":0,"gold_gain":222,"player_choice":"Wore Mask","damage_taken":0,"max_hp_gain":0,"max_hp_loss":0,"event_name":"Tomb of Lord Red Mask","floor":39,"gold_loss":0}],"is_beta":true,"boss_relics":[{"not_picked":["White Beast Statue","Coffee Dripper"],"picked":"Busted Crown"},{"not_picked":["Fusion Hammer","Runic Pyramid"],"picked":"Sozu"}],"items_purged_floors":[25],"is_endless":false,"potions_floor_spawned":[4,5,7,10,18,20,24,30,35],"killed_by":"Nemesis","ascension_level":18}