{"gold_per_floor":[119,137,152,167,167,167,195,212,212,259,284,296,336,378,390,402],"floor_reached":16,"playtime":933,"items_purged":[],"score":244,"play_id":"5c3fbf6e-6e2d-4de4-8565-21838db86d4b","local_time":"20190125223753","is_ascension_mode":true,"campfire_choices":[{"data":"Armaments","floor":6,"key":"SMITH"},{"floor":12,"key":"REST"},{"data":"Disarm","floor":15,"key":"SMITH"}],"neow_cost":"NONE","seed_source_timestamp":1399231843180459,"circlet_count":0,"master_deck":["AscendersBane","Strike_R","Strike_R","Strike_R","Strike_R","Defend_R+1","Defend_R","Defend_R","Defend_R","Bash","Shrug It Off+1","True Grit+1","Sword Boomerang+1","Armaments+1","Disarm+1","Iron Wave","Clothesline","Barricade"],"relics":["Burning Blood","Happy Flower","MawBank","War Paint","Pear"],"potions_floor_usage":[7,10,11,13,16],"damage_taken":[{"damage":4,"enemies":"2 Louse","floor":1,"turns":4},{"damage":2,"enemies":"Jaw Worm","floor":2,"turns":7},{"damage":5,"enemies":"Small Slimes","floor":3,"turns":4},{"damage":2,"enemies":"Blue Slaver","floor":4,"turns":5},{"damage":8,"enemies":"Gremlin Nob","floor":7,"turns":3},{"damage":0,"enemies":"Red Slaver","floor":8,"turns":4},{"damage":28,"enemies":"3 Sentries","floor":10,"turns":13},{"damage":30,"enemies":"Gremlin Gang","floor":11,"turns":8},{"damage":17,"enemies":"Gremlin Nob","floor":13,"turns":4},{"damage":34,"enemies":"Hexaghost","floor":16,"turns":16}],"seed_played":"-8694657181670287418","potions_obtained":[{"floor":1,"key":"Dexterity Potion"},{"floor":4,"key":"SteroidPotion"},{"floor":8,"key":"Dexterity Potion"},{"floor":10,"key":"SneckoOil"},{"floor":13,"key":"Swift Potion"}],"is_trial":false,"path_per_floor":["M","M","M","M","?","R","E","M","T","E","M","R","E","?","R","B"],"character_chosen":"IRONCLAD","items_purchased":[],"campfire_rested":1,"item_purchase_floors":[],"current_hp_per_floor":[70,74,75,75,52,52,50,56,56,34,10,32,31,31,31,0],"gold":402,"neow_bonus":"REMOVE_CARD","is_prod":false,"is_daily":false,"chose_seed":false,"campfire_upgraded":2,"win_rate":0,"timestamp":1548481073,"path_taken":["M","M","M","M","?","R","E","M","T","E","M","R","E","?","R","BOSS"],"build_version":"2019-01-23","purchased_purges":0,"victory":false,"max_hp_per_floor":[75,75,75,75,75,75,75,75,75,75,75,75,85,85,85,85],"card_choices":[{"not_picked":["Dual Wield","Pummel"],"picked":"Shrug It Off","floor":1},{"not_picked":["Combust","Blood for Blood"],"picked":"True Grit","floor":2},{"not_picked":["Headbutt","Havoc"],"picked":"Sword Boomerang","floor":3},{"not_picked":["Sword Boomerang","True Grit"],"picked":"Armaments","floor":4},{"not_picked":["Ghostly Armor","Clash"],"picked":"Disarm","floor":7},{"not_picked":["Infernal Blade","Warcry","Havoc"],"picked":"SKIP","floor":8},{"not_picked":["Fire Breathing","Thunderclap"],"picked":"Iron Wave","floor":10},{"not_picked":["Headbutt","Thunderclap"],"picked":"Clothesline","floor":11},{"not_picked":["Havoc","Warcry"],"picked":"Barricade","floor":13}],"player_experience":1250993,"relics_obtained":[{"floor":7,"key":"Happy Flower"},{"floor":9,"key":"MawBank"},{"floor":10,"key":"War Paint"},{"floor":13,"key":"Pear"}],"event_choices":[{"damage_healed":0,"gold_gain":0,"player_choice":"Entered Light","damage_taken":23,"max_hp_gain":0,"max_hp_loss":0,"event_name":"Shining Light","floor":5,"gold_loss":0,"cards_upgraded":["Shrug It Off","Sword Boomerang"]},{"damage_healed":0,"gold_gain":30,"player_choice":"Searched \u00271\u0027 times","damage_taken":0,"max_hp_gain":0,"max_hp_loss":0,"event_name":"Dead Adventurer","floor":14,"gold_loss":0}],"is_beta":true,"boss_relics":[],"items_purged_floors":[],"is_endless":false,"potions_floor_spawned":[1,4,8,10,13],"killed_by":"Hexaghost","ascension_level":20}