{"gold_per_floor":[110,3,14,14,26,53,53,53,122,122,122,34,54,92,92,92],"floor_reached":16,"playtime":389,"items_purged":[],"score":266,"play_id":"1e1920c1-b737-4444-a847-bf7d08e26a7d","local_time":"20190117181816","is_ascension_mode":true,"campfire_choices":[{"data":"Zap","floor":8,"key":"SMITH"},{"data":"Buffer","floor":10,"key":"SMITH"},{"data":"Hologram","floor":15,"key":"SMITH"}],"neow_cost":"NONE","seed_source_timestamp":692999515855086,"circlet_count":0,"master_deck":["AscendersBane","Strike_B","Strike_B","Strike_B","Defend_B","Defend_B","Defend_B","Defend_B","Zap+1","Dualcast+1","Beam Cell","Ball Lightning","Conserve Battery","Conserve Battery","Skim","Scrape","Buffer+1","BootSequence","Hologram+1","Steam Power"],"relics":["Cracked Core","NeowsBlessing","Strawberry","Golden Idol","Cables","Gambling Chip"],"potions_floor_usage":[14],"damage_taken":[{"damage":0,"enemies":"Jaw Worm","floor":1,"turns":1},{"damage":0,"enemies":"Cultist","floor":3,"turns":1},{"damage":0,"enemies":"2 Louse","floor":5,"turns":1},{"damage":34,"enemies":"Lagavulin","floor":6,"turns":7},{"damage":0,"enemies":"Blue Slaver","floor":13,"turns":3},{"damage":0,"enemies":"3 Sentries","floor":14,"turns":6},{"damage":0,"enemies":"Hexaghost","floor":16,"turns":1}],"seed_played":"-181022143869470605","potions_obtained":[{"floor":5,"key":"Fire Potion"},{"floor":13,"key":"Regen Potion"},{"floor":14,"key":"Energy Potion"}],"is_trial":false,"path_per_floor":["M","$","M","?","M","E","?","R","T","R","?","$","M","E","R","B"],"character_chosen":"DEFECT","items_purchased":["Ball Lightning","Conserve Battery","BootSequence"],"campfire_rested":0,"item_purchase_floors":[2,2,12],"current_hp_per_floor":[64,64,64,64,64,37,37,37,37,37,37,37,37,37,37,37],"gold":92,"neow_bonus":"THREE_ENEMY_KILL","is_prod":false,"is_daily":false,"chose_seed":false,"campfire_upgraded":3,"win_rate":0,"timestamp":1547774296,"path_taken":["M","$","M","?","?","E","?","R","T","R","?","?","M","E","R","BOSS"],"build_version":"2019-01-16","purchased_purges":0,"victory":false,"max_hp_per_floor":[71,71,71,71,71,78,71,71,71,71,71,71,71,71,71,71],"card_choices":[{"not_picked":["Hologram","Coolheaded"],"picked":"Beam Cell","floor":1},{"not_picked":["Steam Power","Double Energy"],"picked":"Conserve Battery","floor":3},{"not_picked":["Static Discharge","Recycle"],"picked":"Scrape","floor":5},{"not_picked":["Stack","Force Field"],"picked":"Buffer","floor":6},{"not_picked":["Sweeping Beam","Storm"],"picked":"Hologram","floor":13},{"not_picked":["BootSequence","Capacitor"],"picked":"Steam Power","floor":14}],"player_experience":1214393,"relics_obtained":[{"floor":6,"key":"Strawberry"},{"floor":9,"key":"Cables"},{"floor":14,"key":"Gambling Chip"}],"event_choices":[{"damage_healed":0,"gold_gain":0,"cards_transformed":["Strike_B"],"player_choice":"Transformed","damage_taken":0,"max_hp_gain":0,"max_hp_loss":0,"event_name":"Transmorgrifier","floor":4,"gold_loss":0,"cards_obtained":["Skim"]},{"damage_healed":0,"gold_gain":0,"player_choice":"Lose Max HP","damage_taken":0,"relics_obtained":["Golden Idol"],"max_hp_gain":0,"max_hp_loss":7,"event_name":"Golden Idol","floor":7,"gold_loss":0},{"damage_healed":0,"gold_gain":0,"player_choice":"Grow","damage_taken":0,"max_hp_gain":0,"max_hp_loss":0,"event_name":"Living Wall","floor":11,"gold_loss":0,"cards_upgraded":["Dualcast"]}],"is_beta":true,"boss_relics":[],"items_purged_floors":[],"is_endless":false,"potions_floor_spawned":[5,13,14],"killed_by":"Hexaghost","ascension_level":20}