{"gold_per_floor":[118,132,148,148,148,148,179,194,194,194,222,297,67,81,81,154,154,172,172,45,45,65,65,83,116,184,184,212,222,137,162,162,234,234,244,264,264,277,53,85,85,102,155,73,73,73,93,125,125,125],"floor_reached":51,"playtime":2337,"items_purged":["Strike_G","Defend_G"],"score":1753,"play_id":"4dfd6088-e667-4b0f-a321-1802b4b0fbb5","local_time":"20180802121834","is_ascension_mode":true,"campfire_choices":[{"data":"Noxious Fumes","floor":6.0,"key":"SMITH"},{"data":"Neutralize","floor":10.0,"key":"SMITH"},{"data":"Catalyst","floor":15.0,"key":"SMITH"},{"data":"Catalyst","floor":23.0,"key":"SMITH"},{"data":"Footwork","floor":27.0,"key":"SMITH"},{"data":"Backflip","floor":32.0,"key":"SMITH"},{"data":"Defend_G","floor":41,"key":"PURGE"},{"data":"Footwork","floor":46,"key":"SMITH"},{"data":"Footwork","floor":49,"key":"SMITH"}],"neow_cost":"NONE","seed_source_timestamp":0,"circlet_count":0,"master_deck":["Defend_G","Defend_G","Survivor","Neutralize+1","AscendersBane","Well Laid Plans","Backflip+1","Noxious Fumes+1","Poisoned Stab+1","Dash+1","Predator+1","Catalyst+1","Noxious Fumes","Dash+1","Catalyst+1","Poisoned Stab+1","Footwork+1","Deadly Poison+1","Corpse Explosion","Footwork+1","Cloak And Dagger","Cloak And Dagger+1","Footwork+1"],"special_seed":0,"relics":["Ring of the Snake","Molten Egg 2","Matryoshka","Thread and Needle","Velvet Choker","Centennial Puzzle","Bronze Scales","Mummified Hand","Shuriken","Snake Skull","Darkstone Periapt","Empty Cage","Peace Pipe","Art of War","Dream Catcher","Tiny Chest","Oddly Smooth Stone"],"potions_floor_usage":[37,38,47,50,50],"damage_taken":[{"damage":4.0,"enemies":"Small Slimes","floor":1.0,"turns":4.0},{"damage":0.0,"enemies":"2 Louse","floor":2.0,"turns":3.0},{"damage":0.0,"enemies":"Jaw Worm","floor":3.0,"turns":5.0},{"damage":10.0,"enemies":"Lagavulin","floor":7.0,"turns":10.0},{"damage":0.0,"enemies":"2 Fungi Beasts","floor":8.0,"turns":5.0},{"damage":8.0,"enemies":"Gremlin Nob","floor":11.0,"turns":4.0},{"damage":0.0,"enemies":"Large Slime","floor":14.0,"turns":3.0},{"damage":0.0,"enemies":"The Guardian","floor":16.0,"turns":8.0},{"damage":0.0,"enemies":"Chosen","floor":18.0,"turns":3.0},{"damage":0.0,"enemies":"Shell Parasite","floor":22.0,"turns":3.0},{"damage":0.0,"enemies":"Chosen and Byrds","floor":24.0,"turns":6.0},{"damage":0.0,"enemies":"Gremlin Leader","floor":25.0,"turns":5.0},{"damage":0.0,"enemies":"Book of Stabbing","floor":28.0,"turns":4.0},{"damage":0.0,"enemies":"Cultist and Chosen","floor":29.0,"turns":4.0},{"damage":0.0,"enemies":"Gremlin Leader","floor":31.0,"turns":3.0},{"damage":0.0,"enemies":"Champ","floor":33.0,"turns":6.0},{"damage":0,"enemies":"3 Darklings","floor":35,"turns":3},{"damage":0,"enemies":"3 Shapes","floor":36,"turns":3},{"damage":0,"floor":37,"turns":3},{"damage":0,"enemies":"Flame Bruiser 2 Orb","floor":38,"turns":3},{"damage":0,"enemies":"Nemesis","floor":40,"turns":5},{"damage":11,"enemies":"Sphere and 2 Shapes","floor":42,"turns":4},{"damage":11,"enemies":"4 Shapes","floor":47,"turns":5},{"damage":0,"enemies":"Giant Head","floor":48,"turns":4},{"damage":4,"enemies":"Donu and Deca","floor":50,"turns":4}],"seed_played":"-7388789316746946223","potions_obtained":[{"floor":1.0,"key":"Swift Potion"},{"floor":3.0,"key":"GhostInAJar"},{"floor":7.0,"key":"SpeedPotion"},{"floor":11.0,"key":"Block Potion"},{"floor":25.0,"key":"Regen Potion"},{"floor":31.0,"key":"AttackPotion"},{"floor":37,"key":"GhostInAJar"},{"floor":38,"key":"Poison Potion"},{"floor":48,"key":"Weak Potion"}],"is_trial":false,"path_per_floor":["M","M","M","?","?","R","E","M","T","R","E","?","$","M","R","B",null,"M","?","$","?","M","R","M","E","T","R","E","M","?","E","R","B",null,"M","M","?","M","$","E","R","M","T","$","?","R","M","E","R","B"],"character_chosen":"THE_SILENT","items_purchased":["Catalyst","Noxious Fumes","Catalyst","Poisoned Stab+1","Footwork","Cloak And Dagger","Footwork"],"campfire_rested":0,"item_purchase_floors":[13,13,20,20,39,39,44],"current_hp_per_floor":[61,61,61,61,54,54,44,44,44,44,36,25,25,25,25,25,60,60,60,60,60,60,60,60,60,60,60,60,60,60,60,60,60,69,69,69,69,69,69,69,69,58,58,58,58,58,62,62,62,58],"gold":125,"neow_bonus":"TEN_PERCENT_HP_BONUS","is_prod":false,"is_daily":false,"chose_seed":false,"campfire_upgraded":8,"win_rate":0,"timestamp":1533233914,"path_taken":["M","M","M","?","?","R","E","M","T","R","E","?","?","M","R","BOSS","M","?","$","?","M","R","M","E","T","R","E","M","?","E","R","BOSS","M","M","?","M","$","E","R","?","T","$","?","R","M","E","R","BOSS"],"build_version":"2018-08-01","purchased_purges":2,"victory":true,"max_hp_per_floor":[72,72,72,72,72,72,72,72,72,72,72,72,72,72,72,72,72,72,72,72,72,72,72,72,72,72,72,72,72,72,72,72,72,72,72,72,72,72,72,72,72,72,72,72,72,72,72,72,72,72],"card_choices":[{"not_picked":["Deflect","Escape Plan"],"picked":"Well Laid Plans","floor":1.0},{"not_picked":["Outmaneuver","Dodge and Roll"],"picked":"Backflip","floor":2.0},{"not_picked":["Crippling Poison","Blade Dance"],"picked":"Noxious Fumes","floor":3.0},{"not_picked":["Quick Slash","Outmaneuver"],"picked":"Poisoned Stab","floor":7.0},{"not_picked":["Quick Slash+1","Choke+1"],"picked":"Dash+1","floor":8.0},{"not_picked":["Prepared","Dash+1"],"picked":"Predator+1","floor":11.0},{"not_picked":["Wraith Form v2","Setup"],"picked":"Backstab+1","floor":14.0},{"not_picked":["Cloak And Dagger","Acrobatics+1"],"picked":"Dash+1","floor":18.0},{"not_picked":["Bane+1","Flying Knee+1","Quick Slash+1"],"picked":"SKIP","floor":22.0},{"not_picked":["Blur","Eviscerate+1"],"picked":"Footwork","floor":24.0},{"not_picked":["Dodge and Roll","Endless Agony+1","Envenom"],"picked":"SKIP","floor":25.0},{"not_picked":["Finisher+1","Dodge and Roll","Quick Slash+1"],"picked":"SKIP","floor":28.0},{"not_picked":["Envenom","Sucker Punch+1"],"picked":"Deadly Poison+1","floor":29.0},{"not_picked":["All Out Attack+1","Underhanded Strike+1","Choke+1"],"picked":"SKIP","floor":31.0},{"not_picked":["A Thousand Cuts","Bullet Time"],"picked":"Corpse Explosion","floor":33.0},{"not_picked":["Dagger Throw+1","Blade Dance","Deadly Poison"],"picked":"SKIP","floor":35},{"not_picked":["Heel Hook+1","Well Laid Plans","PiercingWail"],"picked":"SKIP","floor":36},{"not_picked":["Concentrate","Expertise","Flying Knee+1"],"picked":"SKIP","floor":38},{"not_picked":["Well Laid Plans","Expertise"],"picked":"Cloak And Dagger+1","floor":40},{"not_picked":["Dagger Throw+1","Cloak And Dagger","Setup"],"picked":"SKIP","floor":42},{"not_picked":["Escape Plan+1","Quick Slash+1","Doppelganger"],"picked":"SKIP","floor":47},{"not_picked":["Dodge and Roll","Calculated Gamble+1","Bullet Time"],"picked":"SKIP","floor":48}],"player_experience":911954,"relics_obtained":[{"floor":7.0,"key":"Molten Egg 2"},{"floor":9.0,"key":"Matryoshka"},{"floor":11.0,"key":"Thread and Needle"},{"floor":25.0,"key":"Centennial Puzzle"},{"floor":26.0,"key":"Bronze Scales"},{"floor":26.0,"key":"Mummified Hand"},{"floor":28.0,"key":"Shuriken"},{"floor":31.0,"key":"Darkstone Periapt"},{"floor":37,"key":"Peace Pipe"},{"floor":40,"key":"Art of War"},{"floor":43,"key":"Dream Catcher"},{"floor":43,"key":"Tiny Chest"},{"floor":48,"key":"Oddly Smooth Stone"}],"event_choices":[{"event_name":"Living Wall","player_choice":"Forget","floor":4.0,"damage_taken":0.0},{"event_name":"Golden Wing","player_choice":"Card Removal","floor":5.0,"damage_taken":0.0},{"event_name":"World of Goop","player_choice":"Gather Gold","floor":12.0,"damage_taken":0.0},{"event_name":"Ghosts","player_choice":"Ignored","floor":19.0,"damage_taken":0.0},{"event_name":"Bonfire Elementals","player_choice":"BASIC","floor":21.0,"damage_taken":0.0},{"event_name":"Addict","player_choice":"Obtained Relic","floor":30.0,"damage_taken":0.0},{"event_name":"MindBloom","player_choice":"Fight","floor":37,"damage_taken":0},{"event_name":"Purifier","player_choice":"One Purge","floor":45,"damage_taken":0}],"is_beta":true,"boss_relics":[{"not_picked":["Tiny House","Philosopher\u0027s Stone"],"picked":"Velvet Choker"},{"not_picked":["Orrery","Calling Bell"],"picked":"Empty Cage"}],"items_purged_floors":[13,39],"is_endless":false,"potions_floor_spawned":[1,3,7,11,14,22,24,25,31,36,37,38,48],"ascension_level":15}