{"gold_per_floor":[111,61,61,61,75,75,75,108,108,108,134,134,150,175,175,275,275,294,305,305,220,76,76,151,151,178,195,224,235,266,284,284,388,388,401,421,434,434,117,117,133,133,133,162,173,189,223,223,223,223,223,223,63,90,90],"floor_reached":56,"playtime":4143,"items_purged":["Defend_B","Strike_B","Strike_B"],"score":2120,"play_id":"f1f5d979-957a-4d28-b19f-3eca7aee8043","local_time":"20190219155410","is_ascension_mode":true,"campfire_choices":[{"data":"Loop","floor":7.0,"key":"SMITH"},{"data":"Defragment","floor":10.0,"key":"SMITH"},{"floor":12.0,"key":"REST"},{"data":"Zap","floor":15.0,"key":"SMITH"},{"data":"Defragment","floor":23.0,"key":"SMITH"},{"data":"Electrodynamics","floor":25.0,"key":"SMITH"},{"data":"Capacitor","floor":32.0,"key":"SMITH"},{"data":"Biased Cognition","floor":40.0,"key":"SMITH"},{"floor":42.0,"key":"RECALL"},{"data":"Dualcast","floor":49.0,"key":"SMITH"},{"data":"Ball Lightning","floor":52.0,"key":"SMITH"}],"neow_cost":"PERCENT_DAMAGE","seed_source_timestamp":471471375724009,"circlet_count":0,"master_deck":["AscendersBane","Strike_B","Defend_B","Defend_B","Zap+1","Dualcast+1","Defragment+1","Loop+1","Hologram+1","Multi-Cast+1","Electrodynamics+1","Ball Lightning+1","Ghostly+1","Ghostly+1","Ghostly+1","Ghostly+1","Ghostly+1","Defragment+1","Fusion+1","Redo+1","Coolheaded+1","Self Repair","Capacitor+1","Biased Cognition+1","Leap+1","Cold Snap","Tempest+1","Capacitor","Multi-Cast+1","Fusion+1","Redo+1","Defragment"],"special_seed":0,"relics":["Cracked Core","Turnip","Question Card","Toxic Egg 2","Symbiotic Virus","Orichalcum","Busted Crown","Dream Catcher","Smiling Mask","Mummified Hand","Runic Pyramid","Runic Capacitor","DataDisk","Juzu Bracelet","Boot","Lantern"],"potions_floor_usage":[],"damage_taken":[{"damage":7.0,"enemies":"Jaw Worm","floor":1.0,"turns":3.0},{"damage":11.0,"enemies":"2 Louse","floor":5.0,"turns":3.0},{"damage":25.0,"enemies":"Lagavulin","floor":8.0,"turns":7.0},{"damage":7.0,"enemies":"Gremlin Nob","floor":11.0,"turns":3.0},{"damage":12.0,"enemies":"Small Slimes","floor":13.0,"turns":2.0},{"damage":23.0,"enemies":"Slime Boss","floor":16.0,"turns":4.0},{"damage":7.0,"enemies":"Shell Parasite","floor":18.0,"turns":3.0},{"damage":0.0,"enemies":"Chosen","floor":19.0,"turns":3.0},{"damage":9.0,"enemies":"Snake Plant","floor":27.0,"turns":3.0},{"damage":0.0,"enemies":"Gremlin Leader","floor":28.0,"turns":5.0},{"damage":0.0,"enemies":"Shelled Parasite and Fungi","floor":29.0,"turns":3.0},{"damage":0.0,"enemies":"Book of Stabbing","floor":30.0,"turns":5.0},{"damage":3.0,"enemies":"Centurion and Healer","floor":31.0,"turns":5.0},{"damage":0.0,"enemies":"Automaton","floor":33.0,"turns":8.0},{"damage":0.0,"enemies":"3 Darklings","floor":35.0,"turns":2.0},{"damage":0.0,"enemies":"3 Shapes","floor":36.0,"turns":2.0},{"damage":0.0,"enemies":"Maw","floor":37.0,"turns":7.0},{"damage":0.0,"enemies":"Writhing Mass","floor":41.0,"turns":5.0},{"damage":0.0,"enemies":"Giant Head","floor":44.0,"turns":6.0},{"damage":0.0,"enemies":"4 Shapes","floor":45.0,"turns":3.0},{"damage":0.0,"enemies":"Maw","floor":46.0,"turns":4.0},{"damage":0.0,"enemies":"Reptomancer","floor":47.0,"turns":4.0},{"damage":0.0,"enemies":"Donu and Deca","floor":50.0,"turns":4.0},{"damage":0.0,"enemies":"Shield and Spear","floor":54.0,"turns":6.0},{"damage":26,"enemies":"The Heart","floor":55,"turns":9}],"seed_played":"791264533827079233","potions_obtained":[{"floor":5.0,"key":"Swift Potion"},{"floor":8.0,"key":"Energy Potion"},{"floor":18.0,"key":"Block Potion"},{"floor":19.0,"key":"SkillPotion"},{"floor":28.0,"key":"FearPotion"},{"floor":30.0,"key":"FocusPotion"},{"floor":36.0,"key":"SpeedPotion"},{"floor":44.0,"key":"FearPotion"},{"floor":45.0,"key":"Regen Potion"},{"floor":46.0,"key":"FocusPotion"},{"floor":48.0,"key":"FocusPotion"},{"floor":48.0,"key":"PowerPotion"}],"is_trial":false,"path_per_floor":["M","?","$","?","M","?","R","E","T","R","E","R","M","T","R","B",null,"M","M","?","?","$","R","?","R","T","M","E","M","E","M","R","B",null,"M","M","M","?","$","R","M","R","T","E","M","M","E","?","R","B",null,"R","$","E","B",null],"character_chosen":"DEFECT","items_purchased":["Defragment","Capacitor","Runic Capacitor","Defragment","GamblersBrew"],"campfire_rested":1,"item_purchase_floors":[22,39,39,53,53],"current_hp_per_floor":[43,43,43,36,25,50,50,25,25,25,18,40,28,28,28,5,58,51,51,37,37,37,37,34,34,34,25,25,25,25,29,29,36,37,37,37,37,37,37,37,37,37,37,37,37,37,37,37,37,37,37,37,37,37,18],"gold":90,"neow_bonus":"ONE_RARE_RELIC","is_prod":false,"is_daily":false,"chose_seed":false,"campfire_upgraded":9,"win_rate":0,"timestamp":1550588050,"path_taken":["M","?","$","?","M","?","R","E","T","R","E","R","M","?","R","BOSS","M","M","?","?","$","R","?","R","T","M","E","M","E","M","R","BOSS","M","?","M","?","$","R","M","R","T","E","M","M","E","?","R","BOSS","R","$","E","BOSS"],"build_version":"2019-01-23","purchased_purges":3,"victory":true,"max_hp_per_floor":[75,75,75,75,75,75,75,75,75,75,75,75,75,75,75,75,75,75,75,37,37,37,37,37,37,37,37,37,37,37,37,37,37,37,37,37,37,37,37,37,37,37,37,37,37,37,37,37,37,37,37,37,37,37,37],"card_choices":[{"not_picked":["Leap","Ball Lightning"],"picked":"Defragment","floor":1.0},{"not_picked":["Coolheaded","Rebound"],"picked":"Loop","floor":5.0},{"not_picked":["Streamline","Aggregate","Barrage"],"picked":"SKIP","floor":8.0},{"not_picked":["Streamline","Beam Cell","Conserve Battery+1"],"picked":"Hologram+1","floor":11.0},{"not_picked":["Darkness+1","Leap+1","Ball Lightning"],"picked":"Multi-Cast+1","floor":13.0},{"not_picked":["Hyperbeam","Reboot+1","Multi-Cast+1"],"picked":"Electrodynamics","floor":16.0},{"not_picked":["Self Repair+1"],"picked":"Ball Lightning","floor":18.0},{"not_picked":["Melter","Doom and Gloom+1"],"picked":"SKIP","floor":19.0},{"not_picked":["Melter","Doom and Gloom+1"],"picked":"SKIP","floor":19.0},{"not_picked":["Chaos+1"],"picked":"Fusion+1","floor":27.0},{"not_picked":["Turbo+1"],"picked":"Redo+1","floor":28.0},{"not_picked":["Steam+1"],"picked":"Coolheaded+1","floor":29.0},{"not_picked":["Conserve Battery+1"],"picked":"Self Repair","floor":30.0},{"not_picked":["Darkness+1"],"picked":"Capacitor","floor":31.0},{"not_picked":["Machine Learning"],"picked":"Biased Cognition","floor":33.0},{"not_picked":["Gash"],"picked":"Leap+1","floor":35.0},{"not_picked":["Beam Cell"],"picked":"Cold Snap","floor":36.0},{"not_picked":["Steam+1"],"picked":"Tempest+1","floor":37.0},{"not_picked":["Sweeping Beam+1","Turbo+1"],"picked":"SKIP","floor":41.0},{"not_picked":["Ball Lightning+1"],"picked":"Multi-Cast+1","floor":44.0},{"not_picked":["Rip and Tear"],"picked":"Fusion+1","floor":45.0},{"not_picked":["Genetic Algorithm+1"],"picked":"Redo+1","floor":46.0},{"not_picked":["Darkness+1","Compile Driver"],"picked":"SKIP","floor":47.0},{"not_picked":["Beam Cell+1","Static Discharge"],"picked":"SKIP","floor":54.0}],"player_experience":211335,"relics_obtained":[{"floor":8.0,"key":"Question Card"},{"floor":9.0,"key":"Toxic Egg 2"},{"floor":11.0,"key":"Symbiotic Virus"},{"floor":14.0,"key":"Orichalcum"},{"floor":28.0,"key":"Smiling Mask"},{"floor":30.0,"key":"Mummified Hand"},{"floor":43.0,"key":"DataDisk"},{"floor":44.0,"key":"Juzu Bracelet"},{"floor":47.0,"key":"Boot"},{"floor":54.0,"key":"Lantern"}],"event_choices":[{"cards_removed":["Strike_B"],"damage_healed":0.0,"max_hp_gain":0.0,"max_hp_loss":0.0,"gold_gain":0.0,"event_name":"The Cleric","player_choice":"Card Removal","floor":2.0,"gold_loss":50.0,"damage_taken":0.0},{"cards_removed":["Defend_B"],"damage_healed":0.0,"max_hp_gain":0.0,"max_hp_loss":0.0,"gold_gain":0.0,"event_name":"Golden Wing","player_choice":"Card Removal","floor":4.0,"gold_loss":0.0,"damage_taken":7.0},{"damage_healed":25.0,"max_hp_gain":0.0,"max_hp_loss":0.0,"gold_gain":0.0,"event_name":"Big Fish","player_choice":"Banana","floor":6.0,"gold_loss":0.0,"damage_taken":0.0},{"damage_healed":0.0,"max_hp_gain":0.0,"max_hp_loss":38.0,"gold_gain":0.0,"event_name":"Ghosts","player_choice":"Became a Ghost","floor":20.0,"gold_loss":0.0,"damage_taken":0.0,"cards_obtained":["Ghostly","Ghostly","Ghostly","Ghostly","Ghostly"]},{"damage_healed":0.0,"max_hp_gain":0.0,"max_hp_loss":0.0,"gold_gain":0.0,"event_name":"Addict","player_choice":"Obtained Relic","floor":21.0,"gold_loss":85.0,"damage_taken":0.0,"relics_obtained":["Dream Catcher"]},{"damage_healed":0.0,"max_hp_gain":0.0,"max_hp_loss":0.0,"gold_gain":75.0,"event_name":"FaceTrader","player_choice":"Touch","floor":24.0,"gold_loss":0.0,"damage_taken":3.0},{"damage_healed":0.0,"max_hp_gain":0.0,"max_hp_loss":0.0,"gold_gain":0.0,"event_name":"SensoryStone","player_choice":"Memory 1","floor":38.0,"gold_loss":0.0,"damage_taken":0.0},{"damage_healed":0.0,"max_hp_gain":0.0,"max_hp_loss":0.0,"gold_gain":0.0,"event_name":"Lab","player_choice":"Got Potions","floor":48.0,"gold_loss":0.0,"damage_taken":0.0}],"is_beta":false,"boss_relics":[{"not_picked":["White Beast Statue","Sozu"],"picked":"Busted Crown"},{"not_picked":["Velvet Choker","Calling Bell"],"picked":"Runic Pyramid"}],"items_purged_floors":[22,39,53],"is_endless":false,"potions_floor_spawned":[5,8,18,19,28,30,36,44,45,46],"ascension_level":12}