{"gold_per_floor":[116,65,65,83,8,8,38,38,38,2,28,50,50],"floor_reached":13,"playtime":361,"items_purged":[],"score":156,"play_id":"6b9aa3e5-8ab7-4ca0-8089-86017a701507","local_time":"20180919165004","is_ascension_mode":true,"campfire_choices":[{"data":"True Grit","floor":6,"key":"SMITH"},{"data":"Spot Weakness","floor":8,"key":"SMITH"}],"neow_cost":"","seed_source_timestamp":596382677549624,"circlet_count":0,"master_deck":["Strike_R","Strike_R","Strike_R","Strike_R","Defend_R","Defend_R","Defend_R","Defend_R","Bash","AscendersBane","True Grit+1","Body Slam+1","Spot Weakness+1","Twin Strike","Inflame","Thunderclap","Pummel"],"relics":["Burning Blood","Vajra","Question Card","Ancient Tea Set","Odd Mushroom"],"potions_floor_usage":[12],"damage_taken":[{"damage":9,"enemies":"2 Louse","floor":1,"turns":4},{"damage":4,"enemies":"Small Slimes","floor":4,"turns":4},{"damage":40,"enemies":"Gremlin Nob","floor":7,"turns":5},{"damage":21,"enemies":"Lagavulin","floor":11,"turns":7},{"damage":13,"enemies":"The Mushroom Lair","floor":12,"turns":3},{"damage":12,"enemies":"Jaw Worm","floor":13,"turns":1}],"seed_played":"-3048970001346303101","potions_obtained":[{"floor":11,"key":"FearPotion"}],"is_trial":false,"path_per_floor":["M","$","?","M","?","R","E","R","T","$","E","?"],"character_chosen":"IRONCLAD","items_purchased":["Body Slam","Inflame"],"campfire_rested":0,"item_purchase_floors":[2,10],"current_hp_per_floor":[65,65,65,67,67,67,33,33,33,33,18,11,0],"gold":50,"neow_bonus":"","is_prod":false,"is_daily":false,"chose_seed":false,"campfire_upgraded":2,"win_rate":0,"timestamp":1537397404,"path_taken":["M","$","?","?","?","R","E","R","T","$","E","?","M"],"build_version":"2018-09-18v3","purchased_purges":0,"victory":false,"max_hp_per_floor":[75,75,75,75,75,75,75,75,75,75,75,75,75],"card_choices":[{"not_picked":["Thunderclap","Blood for Blood"],"picked":"True Grit","floor":1},{"not_picked":["Sentinel","Iron Wave"],"picked":"Spot Weakness","floor":4},{"not_picked":["Sentinel","Burning Pact"],"picked":"Twin Strike","floor":7},{"not_picked":["Second Wind","Corruption","Wild Strike"],"picked":"Thunderclap","floor":11},{"not_picked":["Clash","Rupture","True Grit"],"picked":"Pummel","floor":12}],"player_experience":1038566,"relics_obtained":[{"floor":7,"key":"Vajra"},{"floor":9,"key":"Question Card"},{"floor":11,"key":"Ancient Tea Set"},{"floor":12,"key":"Odd Mushroom"}],"event_choices":[{"event_name":"Living Wall","player_choice":"Grow","floor":3,"damage_taken":0},{"event_name":"The Cleric","player_choice":"Card Removal","floor":5,"damage_taken":0},{"event_name":"Mushrooms","player_choice":"Fought Mushrooms","floor":12,"damage_taken":0}],"is_beta":true,"boss_relics":[],"items_purged_floors":[],"is_endless":false,"potions_floor_spawned":[11],"killed_by":"Jaw Worm","ascension_level":15}