{"gold_per_floor":[216,234,245,262,9,35,0,0,70,70,70,89,107,140,140,235,235,253,269,269,184,201,201,201],"floor_reached":24,"playtime":1134,"items_purged":["Strike_B"],"score":333,"play_id":"afa887c0-4920-442b-ad8c-32c1e276e36f","local_time":"20190712154334","is_ascension_mode":true,"campfire_choices":[{"data":"Zap","floor":8.0,"key":"SMITH"},{"data":"Conserve Battery","floor":11.0,"key":"SMITH"},{"floor":15.0,"key":"REST"},{"floor":23,"key":"REST"}],"neow_cost":"NONE","seed_source_timestamp":15821315560801,"circlet_count":0,"master_deck":["AscendersBane","Zap+1","Dualcast","Doom and Gloom","Gash","Melter","Conserve Battery+1","Sweeping Beam","Leap","All For One+1","Stack","Melter+1","Hello World","Gash+1","Echo Form","Seek","Auto Shields","Hologram","Genetic Algorithm","White Noise+1"],"special_seed":0,"relics":["Cracked Core","Calipers","Molten Egg 2","Boot","Pandora\u0027s Box","Toxic Egg 2"],"potions_floor_usage":[16,22,24],"damage_taken":[{"damage":0.0,"enemies":"Cultist","floor":1.0,"turns":3.0},{"damage":9.0,"enemies":"Jaw Worm","floor":2.0,"turns":4.0},{"damage":5.0,"enemies":"Small Slimes","floor":3.0,"turns":5.0},{"damage":7.0,"enemies":"2 Fungi Beasts","floor":4.0,"turns":3.0},{"damage":15.0,"enemies":"Gremlin Nob","floor":6.0,"turns":4.0},{"damage":15.0,"enemies":"Exordium Thugs","floor":12.0,"turns":4.0},{"damage":12.0,"enemies":"Gremlin Gang","floor":13.0,"turns":2.0},{"damage":20.0,"enemies":"Lagavulin","floor":14.0,"turns":5.0},{"damage":23,"enemies":"Slime Boss","floor":16,"turns":10},{"damage":14,"enemies":"2 Thieves","floor":18,"turns":3},{"damage":0,"enemies":"3 Byrds","floor":19,"turns":3},{"damage":22,"enemies":"3 Cultists","floor":22,"turns":5},{"damage":51,"enemies":"Book of Stabbing","floor":24,"turns":4}],"seed_played":"7468281024974280128","potions_obtained":[{"floor":2.0,"key":"GamblersBrew"},{"floor":6.0,"key":"Block Potion"},{"floor":12.0,"key":"Strength Potion"},{"floor":14.0,"key":"FearPotion"},{"floor":19,"key":"PowerPotion"},{"floor":22,"key":"Fruit Juice"}],"is_trial":false,"path_per_floor":["M","M","M","M","$","E","?","R","T","?","R","M","M","E","R","B",null,"M","M","?","?","M","R","E"],"character_chosen":"DEFECT","items_purchased":["Melter","Conserve Battery","Block Potion"],"campfire_rested":2,"item_purchase_floors":[5,5,5],"current_hp_per_floor":[68,59,54,47,47,32,50,50,50,50,50,35,23,3,25,2,57,43,43,43,43,26,50,0],"gold":201,"neow_bonus":"HUNDRED_GOLD","is_prod":false,"is_daily":false,"chose_seed":false,"campfire_upgraded":2,"win_rate":0,"timestamp":1562910214,"path_taken":["M","M","M","M","$","E","?","R","T","?","R","M","?","E","R","BOSS","M","M","?","?","M","R","E"],"build_version":"2019-07-05","purchased_purges":1,"victory":false,"max_hp_per_floor":[75,75,75,75,75,75,75,75,75,75,75,75,75,75,75,75,75,75,75,75,75,80,80,80],"card_choices":[{"not_picked":["Turbo","Barrage","Coolheaded"],"picked":"SKIP","floor":1.0},{"not_picked":["Storm","Go for the Eyes","Hologram"],"picked":"SKIP","floor":2.0},{"not_picked":["Go for the Eyes","Steam"],"picked":"Doom and Gloom","floor":3.0},{"not_picked":["Beam Cell","Double Energy"],"picked":"Gash","floor":4.0},{"not_picked":["Redo","Amplify"],"picked":"Sweeping Beam","floor":6.0},{"not_picked":["Barrage+1","Sweeping Beam+1","Compile Driver+1"],"picked":"SKIP","floor":12.0},{"not_picked":["Barrage+1","Sweeping Beam+1","Compile Driver+1"],"picked":"SKIP","floor":12.0},{"not_picked":["Barrage+1","Sweeping Beam+1","Compile Driver+1"],"picked":"SKIP","floor":12.0},{"not_picked":["Turbo","Hologram"],"picked":"Leap","floor":13.0},{"not_picked":["Streamline+1","Stack","Multi-Cast"],"picked":"SKIP","floor":14.0},{"not_picked":["Rainbow","Biased Cognition"],"picked":"All For One+1","floor":16},{"not_picked":["Aggregate","Loop"],"picked":"Hologram","floor":18},{"not_picked":["Stack","Coolheaded","Sweeping Beam+1"],"picked":"SKIP","floor":19},{"not_picked":["Force Field+1","Redo+1"],"picked":"White Noise+1","floor":22}],"player_experience":621834,"relics_obtained":[{"floor":6.0,"key":"Calipers"},{"floor":9.0,"key":"Molten Egg 2"},{"floor":14.0,"key":"Boot"}],"event_choices":[{"damage_healed":18.0,"max_hp_gain":0.0,"max_hp_loss":0.0,"gold_gain":0.0,"event_name":"The Cleric","player_choice":"Healed","floor":7.0,"gold_loss":35.0,"damage_taken":0.0},{"damage_healed":0.0,"max_hp_gain":0.0,"max_hp_loss":0.0,"gold_gain":0.0,"event_name":"Liars Game","player_choice":"Ignored","floor":10.0,"gold_loss":0.0,"damage_taken":0.0},{"damage_healed":0,"gold_gain":0,"player_choice":"Read","damage_taken":0,"max_hp_gain":0,"max_hp_loss":0,"event_name":"The Library","floor":20,"gold_loss":0,"cards_obtained":["Genetic Algorithm"]},{"damage_healed":0,"gold_gain":0,"player_choice":"Obtained Relic","damage_taken":0,"relics_obtained":["Toxic Egg 2"],"max_hp_gain":0,"max_hp_loss":0,"event_name":"Addict","floor":21,"gold_loss":85}],"is_beta":false,"boss_relics":[{"not_picked":["Tiny House","Runic Pyramid"],"picked":"Pandora\u0027s Box"}],"items_purged_floors":[5],"is_endless":false,"potions_floor_spawned":[2,6,12,14,19,22],"killed_by":"Book of Stabbing","ascension_level":12}