{"gold_per_floor":[111,125,142,67,84,113,113,113,113,132,132,148,99,112,112,112],"floor_reached":16,"playtime":907,"items_purged":["Injury"],"score":104,"play_id":"03af793a-c6db-4129-bd25-305f7a3f1580","local_time":"20181216182553","is_ascension_mode":false,"campfire_choices":[{"data":"Twin Strike","floor":8,"key":"SMITH"},{"data":"True Grit","floor":15,"key":"SMITH"}],"neow_cost":"CURSE","seed_source_timestamp":71277584727901,"circlet_count":0,"master_deck":["Strike_R","Strike_R","Strike_R","Defend_R","Defend_R","Defend_R","Bash","Sword Boomerang","Burning Pact","Twin Strike+1","Power Through","Armaments+1","Twin Strike","True Grit","True Grit+1"],"relics":["Burning Blood","Du-Vu Doll","Gremlin Horn"],"potions_floor_usage":[6,16],"damage_taken":[{"damage":16,"enemies":"Jaw Worm","floor":1,"turns":5},{"damage":5,"enemies":"2 Louse","floor":2,"turns":3},{"damage":1,"enemies":"Cultist","floor":3,"turns":3},{"damage":17,"enemies":"Lots of Slimes","floor":5,"turns":6},{"damage":46,"enemies":"3 Sentries","floor":6,"turns":14},{"damage":6,"enemies":"Large Slime","floor":10,"turns":7},{"damage":0,"enemies":"3 Louse","floor":12,"turns":3},{"damage":3,"enemies":"Exordium Wildlife","floor":14,"turns":5},{"damage":37,"enemies":"The Guardian","floor":16,"turns":11}],"seed_played":"1604018079891556099","potions_obtained":[{"floor":3,"key":"Strength Potion"},{"floor":5,"key":"SkillPotion"},{"floor":6,"key":"Swift Potion"},{"floor":10,"key":"SpeedPotion"}],"is_trial":false,"path_per_floor":["M","M","M","$","M","E","?","R","T","M","?","M","$","M","R","B"],"character_chosen":"IRONCLAD","items_purchased":["True Grit"],"campfire_rested":0,"item_purchase_floors":[13],"current_hp_per_floor":[70,71,76,76,65,25,25,25,25,25,25,31,31,34,34,0],"gold":112,"neow_bonus":"TRANSFORM_TWO_CARDS","is_prod":false,"is_daily":false,"chose_seed":false,"campfire_upgraded":2,"win_rate":0,"timestamp":1544945153,"path_taken":["M","M","M","$","M","E","?","R","T","M","?","M","$","M","R","BOSS"],"build_version":"2018-12-13","purchased_purges":1,"victory":false,"max_hp_per_floor":[80,80,80,80,80,80,80,80,80,80,80,80,80,80,80,80],"card_choices":[{"not_picked":["Perfected Strike","Sword Boomerang","Clash"],"picked":"SKIP","floor":1},{"not_picked":["Bloodletting","Wild Strike"],"picked":"Twin Strike","floor":2},{"not_picked":["Hemokinesis","Sword Boomerang","Perfected Strike"],"picked":"SKIP","floor":3},{"not_picked":["Entrench","Wild Strike","Perfected Strike"],"picked":"SKIP","floor":5},{"not_picked":["Corruption","Impervious"],"picked":"Power Through","floor":6},{"not_picked":["Metallicize","Anger"],"picked":"Armaments","floor":10},{"not_picked":["Carnage","Anger"],"picked":"Twin Strike","floor":12},{"not_picked":["Searing Blow","Twin Strike"],"picked":"True Grit","floor":14}],"player_experience":479962,"relics_obtained":[{"floor":6,"key":"Du-Vu Doll"},{"floor":9,"key":"Gremlin Horn"}],"event_choices":[{"cards_removed":["Strike_R"],"damage_healed":0,"gold_gain":0,"player_choice":"Forget","damage_taken":0,"max_hp_gain":0,"max_hp_loss":0,"event_name":"Living Wall","floor":7,"gold_loss":0},{"damage_healed":0,"gold_gain":0,"player_choice":"Forge","damage_taken":0,"max_hp_gain":0,"max_hp_loss":0,"event_name":"Accursed Blacksmith","floor":11,"gold_loss":0,"cards_upgraded":["Armaments"]}],"is_beta":true,"boss_relics":[],"items_purged_floors":[4],"is_endless":false,"potions_floor_spawned":[3,5,6,10],"killed_by":"The Guardian","ascension_level":0}