{"gold_per_floor":[112,126,12,27,0,32,32,107,107,107,107,124,124,136,136,240,240,250,250,250,75,75,75,108,108,108,108,134,151,151,171,171,171],"floor_reached":33,"playtime":1188,"items_purged":["Shame","Strike_R"],"score":309,"play_id":"980b4e60-cb31-4efc-9a76-7e3b0480cfc6","local_time":"20181105170529","is_ascension_mode":true,"campfire_choices":[{"data":"True Grit","floor":7.0,"key":"SMITH"},{"data":"Disarm","floor":10.0,"key":"SMITH"},{"data":"Feel No Pain","floor":13.0,"key":"SMITH"},{"data":"Shrug It Off","floor":15,"key":"SMITH"},{"data":"Dark Embrace","floor":23,"key":"SMITH"},{"data":"Spot Weakness","floor":25,"key":"SMITH"},{"floor":27,"key":"REST"},{"data":"Feel No Pain","floor":32,"key":"SMITH"}],"neow_cost":"CURSE","seed_source_timestamp":187166738860952,"circlet_count":0,"master_deck":["Strike_R","Strike_R","Strike_R","Strike_R","Defend_R","Defend_R","Defend_R","Defend_R","Bash","True Grit+1","Disarm+1","Feel No Pain+1","Thunderclap","Flash of Steel","Spot Weakness+1","Cleave","Shrug It Off+1","Dark Embrace+1","Sword Boomerang","Feel No Pain+1","True Grit+1","Spot Weakness","Sword Boomerang+1","Reaper"],"special_seed":0,"relics":["Burning Blood","Shovel","Bottled Lightning","Self Forming Clay","Cursed Key","Bird Faced Urn","Art of War","NlothsMask"],"potions_floor_usage":[18,18,24,28,29],"damage_taken":[{"damage":18.0,"enemies":"Jaw Worm","floor":1.0,"turns":5.0},{"damage":0.0,"enemies":"Small Slimes","floor":2.0,"turns":3.0},{"damage":3.0,"enemies":"Cultist","floor":4.0,"turns":5.0},{"damage":6.0,"enemies":"Looter","floor":5.0,"turns":4.0},{"damage":25.0,"enemies":"Gremlin Nob","floor":6.0,"turns":5.0},{"damage":0.0,"enemies":"3 Louse","floor":12.0,"turns":3.0},{"damage":6,"enemies":"Blue Slaver","floor":14,"turns":3},{"damage":45,"enemies":"The Guardian","floor":16,"turns":19},{"damage":12,"enemies":"Spheric Guardian","floor":18,"turns":5},{"damage":53,"enemies":"Slavers","floor":24,"turns":7},{"damage":39,"enemies":"Gremlin Leader","floor":28,"turns":7},{"damage":5,"enemies":"2 Thieves","floor":29,"turns":4},{"damage":9,"enemies":"Cultist and Chosen","floor":31,"turns":4},{"damage":55,"enemies":"Collector","floor":33,"turns":5}],"seed_played":"8656655663164283845","potions_obtained":[{"floor":1.0,"key":"BloodPotion"},{"floor":2.0,"key":"Swift Potion"},{"floor":14,"key":"Fire Potion"},{"floor":24,"key":"LiquidBronze"},{"floor":28,"key":"SkillPotion"}],"is_trial":false,"path_per_floor":["M","M","$","M","M","E","E","R","?","T","R","?","M","R","M","R","B",null,"M","?","?","$","?","R","E","R","T","R","E","M","?","M","R","B"],"character_chosen":"IRONCLAD","items_purchased":["Feel No Pain","Feel No Pain"],"campfire_rested":1,"item_purchase_floors":[3,21],"current_hp_per_floor":[68,74,74,77,77,58,58,47,47,47,47,53,53,53,53,14,80,74,74,59,59,59,59,20,20,20,45,18,23,23,26,26,0],"gold":171,"neow_bonus":"ONE_RARE_RELIC","is_prod":false,"is_daily":false,"chose_seed":false,"campfire_upgraded":7,"win_rate":0,"timestamp":1541397929,"path_taken":["M","M","$","M","M","E","R","?","T","R","?","?","R","M","R","BOSS","M","?","?","$","?","R","E","R","T","R","E","?","?","?","R","BOSS"],"build_version":"2018-11-02","purchased_purges":2,"victory":false,"max_hp_per_floor":[80,80,80,80,80,80,80,80,80,80,80,80,80,80,80,80,80,80,80,85,85,85,85,85,85,85,85,85,85,85,85,85,85],"card_choices":[{"not_picked":["Shockwave","Sword Boomerang"],"picked":"True Grit","floor":1.0},{"not_picked":["Perfected Strike","Thunderclap"],"picked":"Disarm","floor":2.0},{"not_picked":["Wild Strike","Body Slam","Evolve"],"picked":"SKIP","floor":4.0},{"not_picked":["Clothesline","Offering"],"picked":"Thunderclap","floor":5.0},{"not_picked":["Fire Breathing","Offering","Clash"],"picked":"SKIP","floor":6.0},{"not_picked":["Twin Strike","Second Wind"],"picked":"Cleave","floor":12.0},{"not_picked":["Seeing Red","Inflame"],"picked":"Shrug It Off","floor":14},{"not_picked":["Berserk","Brutality"],"picked":"Dark Embrace","floor":16},{"not_picked":["Thunderclap","Warcry"],"picked":"Sword Boomerang","floor":18},{"not_picked":["Cleave","Fiend Fire"],"picked":"Spot Weakness","floor":24},{"not_picked":["Clash","Wild Strike"],"picked":"Sword Boomerang+1","floor":28},{"not_picked":["Warcry","Havoc","Blood for Blood"],"picked":"SKIP","floor":29},{"not_picked":["Searing Blow","Bloodletting"],"picked":"Reaper","floor":31}],"player_experience":422372,"relics_obtained":[{"floor":6.0,"key":"Bottled Lightning"},{"floor":9.0,"key":"Self Forming Clay"},{"floor":24,"key":"Bird Faced Urn"},{"floor":28,"key":"Art of War"}],"event_choices":[{"damage_healed":0.0,"max_hp_gain":0.0,"max_hp_loss":0.0,"gold_gain":75.0,"event_name":"World of Goop","player_choice":"Gather Gold","floor":8.0,"gold_loss":0.0,"damage_taken":11.0},{"damage_healed":0.0,"max_hp_gain":0.0,"max_hp_loss":0.0,"gold_gain":0.0,"event_name":"Match and Keep!","player_choice":"2 cards matched","floor":11.0,"gold_loss":0.0,"damage_taken":0.0,"cards_obtained":["Flash of Steel","Spot Weakness"]},{"damage_healed":0,"gold_gain":0,"player_choice":"Ignored","damage_taken":0,"max_hp_gain":0,"max_hp_loss":0,"event_name":"Ghosts","floor":19,"gold_loss":0},{"damage_healed":0,"gold_gain":0,"player_choice":"Shed Blood","damage_taken":20,"max_hp_gain":5,"max_hp_loss":0,"event_name":"Forgotten Altar","floor":20,"gold_loss":0},{"damage_healed":0,"gold_gain":0,"player_choice":"Copied","damage_taken":0,"max_hp_gain":0,"max_hp_loss":0,"event_name":"Duplicator","floor":22,"gold_loss":0,"cards_obtained":["True Grit"]},{"damage_healed":0,"gold_gain":0,"player_choice":"Trade","damage_taken":0,"relics_obtained":["NlothsMask"],"max_hp_gain":0,"max_hp_loss":0,"event_name":"FaceTrader","floor":30,"gold_loss":0}],"is_beta":true,"boss_relics":[{"not_picked":["Orrery","Philosopher\u0027s Stone"],"picked":"Cursed Key"}],"items_purged_floors":[3,21],"is_endless":false,"potions_floor_spawned":[1,2,14,24,28],"killed_by":"Collector","ascension_level":2}