{"gold_per_floor":[116,127,127,202,127,156,166,11,11,11,23,53,53,73,73,178,178,198,217,246,30,50,50,69,69,95,95,109,119,44,58,58,153,153,163,385,57,157,181,181,211,211,237,237,237,250,260,39,39,39,39,39,39,66,66],"floor_reached":55,"playtime":6381,"items_purged":["Strike_R","Strike_R","Strike_R","Doubt"],"score":772,"play_id":"e4bb82ab-d2e6-4cbb-bf0f-73d8c06e6bfe","local_time":"20190703155101","is_ascension_mode":true,"campfire_choices":[{"floor":10.0,"key":"DIG"},{"data":"Armaments","floor":13.0,"key":"SMITH"},{"floor":15.0,"key":"DIG"},{"floor":23.0,"key":"REST"},{"floor":25.0,"key":"DIG"},{"floor":27.0,"key":"DIG"},{"data":"Battle Trance","floor":32.0,"key":"SMITH"},{"floor":40,"key":"RECALL"},{"floor":42,"key":"DIG"},{"data":"Bloodletting","floor":45,"key":"SMITH"},{"floor":49,"key":"DIG"},{"floor":52,"key":"DIG"}],"neow_cost":"NONE","seed_source_timestamp":0,"circlet_count":0,"master_deck":["Strike_R+1","Defend_R","Defend_R","Defend_R","Defend_R","Bash+1","Twin Strike","Armaments+1","Bloodletting+1","Cleave","True Grit","Second Wind","Immolate","Battle Trance+1","Battle Trance","Evolve","Shrug It Off","Wild Strike","Burning Pact","Fiend Fire","Dark Embrace","Wild Strike","True Grit+1","Feel No Pain"],"special_seed":0,"relics":["Burning Blood","NeowsBlessing","Pocketwatch","Happy Flower","Shovel","Letter Opener","Ancient Tea Set","Bag of Marbles","Mark of Pain","Red Mask","Mercury Hourglass","Whetstone","Cursed Key","WingedGreaves","Potion Belt","Bronze Scales","StoneCalendar","Juzu Bracelet","Spirit Poop","Blood Vial","Ornamental Fan","Kunai"],"potions_floor_usage":[46,50,50,55],"damage_taken":[{"damage":0.0,"enemies":"Cultist","floor":1.0,"turns":1.0},{"damage":0.0,"enemies":"Small Slimes","floor":2.0,"turns":1.0},{"damage":0.0,"enemies":"Lagavulin","floor":6.0,"turns":1.0},{"damage":9.0,"enemies":"2 Louse","floor":7.0,"turns":2.0},{"damage":4.0,"enemies":"Exordium Thugs","floor":11.0,"turns":4.0},{"damage":14.0,"enemies":"Gremlin Nob","floor":12.0,"turns":3.0},{"damage":0.0,"enemies":"Looter","floor":14.0,"turns":3.0},{"damage":57.0,"enemies":"Hexaghost","floor":16.0,"turns":10.0},{"damage":11.0,"enemies":"Shell Parasite","floor":18.0,"turns":5.0},{"damage":16.0,"enemies":"Spheric Guardian","floor":19.0,"turns":4.0},{"damage":35.0,"enemies":"Masked Bandits","floor":20.0,"turns":4.0},{"damage":6.0,"enemies":"Cultist and Chosen","floor":22.0,"turns":5.0},{"damage":3.0,"enemies":"Snake Plant","floor":24.0,"turns":5.0},{"damage":5.0,"enemies":"Snecko","floor":28.0,"turns":4.0},{"damage":9.0,"enemies":"3 Cultists","floor":29.0,"turns":3.0},{"damage":3.0,"enemies":"Centurion and Healer","floor":31.0,"turns":3.0},{"damage":54.0,"enemies":"Champ","floor":33.0,"turns":10.0},{"damage":0,"enemies":"3 Shapes","floor":35,"turns":3},{"damage":8,"enemies":"Mind Bloom Boss Battle","floor":38,"turns":5},{"damage":14,"enemies":"Giant Head","floor":41,"turns":7},{"damage":3,"enemies":"Orb Walker","floor":46,"turns":3},{"damage":8,"enemies":"3 Darklings","floor":47,"turns":3},{"damage":51,"enemies":"Donu and Deca","floor":50,"turns":9},{"damage":67,"enemies":"Shield and Spear","floor":54,"turns":6},{"damage":23,"enemies":"The Heart","floor":55,"turns":2}],"seed_played":"-6950896801559254309","potions_obtained":[{"floor":1.0,"key":"PowerPotion"},{"floor":7.0,"key":"Block Potion"},{"floor":11.0,"key":"AttackPotion"},{"floor":46,"key":"Weak Potion"}],"is_trial":false,"path_per_floor":["M","M","?","?","$","E","M","$","T","R","M","E","R","M","R","B",null,"M","M","?","$","M","R","M","R","T","R","M","M","?","M","R","B",null,"M","?","$","?","T","R","E","R","T","?","R","M","M","$","R","B",null,"R","$","E","B"],"character_chosen":"IRONCLAD","items_purchased":["Happy Flower","Evolve","Shrug It Off","Dark Embrace","Wild Strike","Feel No Pain"],"campfire_rested":1,"item_purchase_floors":[8,21,21,37,37,48],"current_hp_per_floor":[80,80,80,69,69,75,72,72,72,72,74,66,66,72,72,21,80,75,65,36,36,36,60,63,63,63,63,64,61,61,64,64,16,80,80,80,80,78,78,78,70,70,70,70,70,73,71,71,71,28,80,80,80,19,0],"gold":66,"neow_bonus":"THREE_ENEMY_KILL","is_prod":false,"is_daily":false,"chose_seed":false,"campfire_upgraded":3,"win_rate":0,"timestamp":1562140261,"path_taken":["M","M","?","?","$","E","M","$","T","R","M","E","R","M","R","BOSS","M","M","?","?","M","R","M","R","T","R","M","M","?","M","R","BOSS","M","?","$","?","?","R","E","R","T","?","R","M","M","$","R","BOSS","R","$","E","BOSS"],"build_version":"2019-07-01","purchased_purges":4,"victory":false,"max_hp_per_floor":[80,80,80,80,80,80,80,80,80,80,80,80,80,80,80,80,80,80,80,80,80,80,80,80,80,80,80,80,80,80,80,80,80,80,80,80,80,80,80,80,80,80,80,80,80,80,80,80,80,80,80,80,80,80,80],"card_choices":[{"not_picked":["Pummel","Uppercut"],"picked":"Twin Strike","floor":1.0},{"not_picked":["True Grit","Rupture"],"picked":"Armaments","floor":2.0},{"not_picked":["Corruption","Combust"],"picked":"Bloodletting","floor":6.0},{"not_picked":["Blood for Blood","Perfected Strike","Thunderclap"],"picked":"SKIP","floor":7.0},{"not_picked":["Iron Wave","Twin Strike"],"picked":"Cleave","floor":11.0},{"not_picked":["Disarm","Iron Wave"],"picked":"True Grit","floor":12.0},{"not_picked":["Carnage","Sever Soul"],"picked":"Second Wind","floor":14.0},{"not_picked":["Fiend Fire","Reaper"],"picked":"Immolate","floor":16.0},{"not_picked":["Warcry","Heavy Blade+1"],"picked":"Battle Trance","floor":18.0},{"not_picked":["Entrench+1","Second Wind"],"picked":"Battle Trance","floor":19.0},{"not_picked":["Disarm+1","Evolve","Flex"],"picked":"SKIP","floor":22.0},{"not_picked":["Cleave","Anger"],"picked":"Wild Strike","floor":24.0},{"not_picked":["Anger","Iron Wave","Cleave"],"picked":"SKIP","floor":28.0},{"not_picked":["Spot Weakness","Clothesline","Iron Wave"],"picked":"SKIP","floor":29.0},{"not_picked":["Pommel Strike","Headbutt"],"picked":"Burning Pact","floor":31.0},{"not_picked":["Barricade","Feed"],"picked":"Fiend Fire","floor":33.0},{"not_picked":["Clash","Clothesline","Body Slam+1"],"picked":"SKIP","floor":35},{"not_picked":["Warcry","Clash+1"],"picked":"True Grit+1","floor":38},{"not_picked":["Metallicize","Uppercut+1","Clothesline"],"picked":"SKIP","floor":41},{"not_picked":["Reaper","Heavy Blade","Searing Blow+1"],"picked":"SKIP","floor":46},{"not_picked":["Flex+1","Battle Trance","Uppercut+1"],"picked":"SKIP","floor":47},{"not_picked":["Shrug It Off","Combust+1","Thunderclap+1"],"picked":"SKIP","floor":54}],"player_experience":87171,"relics_obtained":[{"floor":6.0,"key":"Pocketwatch"},{"floor":9.0,"key":"Shovel"},{"floor":10.0,"key":"Letter Opener"},{"floor":12.0,"key":"Ancient Tea Set"},{"floor":15.0,"key":"Bag of Marbles"},{"floor":20.0,"key":"Red Mask"},{"floor":25.0,"key":"Mercury Hourglass"},{"floor":27.0,"key":"Whetstone"},{"floor":38,"key":"WingedGreaves"},{"floor":39,"key":"Potion Belt"},{"floor":41,"key":"Bronze Scales"},{"floor":42,"key":"StoneCalendar"},{"floor":43,"key":"Juzu Bracelet"},{"floor":49,"key":"Blood Vial"},{"floor":52,"key":"Ornamental Fan"},{"floor":54,"key":"Kunai"}],"event_choices":[{"damage_healed":0.0,"max_hp_gain":0.0,"max_hp_loss":0.0,"gold_gain":0.0,"event_name":"Liars Game","player_choice":"Ignored","floor":3.0,"gold_loss":0.0,"damage_taken":0.0},{"damage_healed":0.0,"max_hp_gain":0.0,"max_hp_loss":0.0,"gold_gain":75.0,"event_name":"World of Goop","player_choice":"Gather Gold","floor":4.0,"gold_loss":0.0,"damage_taken":11.0},{"damage_healed":0.0,"max_hp_gain":0.0,"max_hp_loss":0.0,"gold_gain":0.0,"event_name":"Masked Bandits","player_choice":"Fought Bandits","floor":20.0,"gold_loss":0.0,"damage_taken":0.0},{"cards_removed":["Strike_R"],"damage_healed":0.0,"max_hp_gain":0.0,"max_hp_loss":0.0,"gold_gain":0.0,"event_name":"Beggar","player_choice":"Gave Gold","floor":30.0,"gold_loss":75.0,"damage_taken":0.0},{"damage_healed":0,"gold_gain":222,"player_choice":"Wore Mask","damage_taken":0,"max_hp_gain":0,"max_hp_loss":0,"event_name":"Tomb of Lord Red Mask","floor":36,"gold_loss":0},{"damage_healed":0,"gold_gain":0,"player_choice":"Fight","damage_taken":0,"max_hp_gain":0,"max_hp_loss":0,"event_name":"MindBloom","floor":38,"gold_loss":0},{"cards_removed":["Writhe"],"damage_healed":0,"gold_gain":0,"player_choice":"Offered Curse","damage_taken":0,"relics_obtained":["Spirit Poop"],"max_hp_gain":0,"max_hp_loss":0,"event_name":"Bonfire Elementals","floor":44,"gold_loss":0}],"is_beta":false,"boss_relics":[{"not_picked":["Eternal Feather","Calling Bell"],"picked":"Mark of Pain"},{"not_picked":["Runic Pyramid","Coffee Dripper"],"picked":"Cursed Key"}],"items_purged_floors":[5,21,37,48],"is_endless":false,"potions_floor_spawned":[1,7,11,18,20,22,35,38,46],"killed_by":"The Heart","ascension_level":2}