{"gold_per_floor":[18,35,50,64,76,76,76,76,76,92,126,137,137,156,156,156],"floor_reached":16,"playtime":795,"items_purged":[],"score":111,"play_id":"70e2ac8f-ca6e-4b38-995b-8ed61035ae9b","local_time":"20181231181703","is_ascension_mode":true,"campfire_choices":[{"data":"Neutralize","floor":6,"key":"SMITH"},{"data":"Caltrops","floor":15,"key":"SMITH"}],"neow_cost":"NO_GOLD","seed_source_timestamp":111871821011592,"circlet_count":0,"master_deck":["Defend_G","Defend_G","Defend_G","Defend_G","Strike_G","Strike_G","Strike_G","Strike_G","Survivor","Neutralize+1","Dagger Spray","Caltrops+1","PiercingWail","Well Laid Plans","Backstab"],"relics":["Ring of the Snake","CultistMask","Gambling Chip","Shovel","Ornamental Fan"],"potions_floor_usage":[11],"damage_taken":[{"damage":4,"enemies":"Jaw Worm","floor":1,"turns":7},{"damage":0,"enemies":"Cultist","floor":2,"turns":3},{"damage":1,"enemies":"2 Louse","floor":3,"turns":2},{"damage":6,"enemies":"Blue Slaver","floor":4,"turns":5},{"damage":19,"enemies":"Large Slime","floor":5,"turns":9},{"damage":6,"enemies":"Exordium Wildlife","floor":10,"turns":9},{"damage":24,"enemies":"3 Sentries","floor":11,"turns":8},{"damage":0,"enemies":"3 Louse","floor":12,"turns":3},{"damage":0,"enemies":"Large Slime","floor":14,"turns":6},{"damage":12,"enemies":"Hexaghost","floor":16,"turns":11}],"seed_played":"-9150989016940495402","potions_obtained":[{"floor":4,"key":"GamblersBrew"},{"floor":5,"key":"Dexterity Potion"},{"floor":11,"key":"Dexterity Potion"},{"floor":12,"key":"LiquidBronze"}],"is_trial":false,"path_per_floor":["M","M","M","M","M","R","$","?","T","M","E","M","T","M","R","B"],"character_chosen":"THE_SILENT","items_purchased":[],"campfire_rested":0,"item_purchase_floors":[],"current_hp_per_floor":[66,66,65,59,40,40,40,40,40,34,10,10,10,10,10,0],"gold":156,"neow_bonus":"REMOVE_TWO","is_prod":false,"is_daily":false,"chose_seed":false,"campfire_upgraded":2,"win_rate":0,"timestamp":1546240623,"path_taken":["M","M","M","M","M","R","$","?","T","?","E","M","?","M","R","BOSS"],"build_version":"2018-12-25","purchased_purges":0,"victory":false,"max_hp_per_floor":[70,70,70,70,70,70,70,70,70,70,70,70,70,70,70,70],"card_choices":[{"not_picked":["Prepared","Underhanded Strike"],"picked":"Dagger Spray","floor":1},{"not_picked":["Dodge and Roll","Quick Slash"],"picked":"Caltrops","floor":2},{"not_picked":["Expertise","Quick Slash"],"picked":"PiercingWail","floor":3},{"not_picked":["Dodge and Roll","Distraction","Riddle With Holes"],"picked":"SKIP","floor":4},{"not_picked":["Cloak And Dagger","Grand Finale","Expertise"],"picked":"SKIP","floor":5},{"not_picked":["Distraction","Reflex","Blade Dance"],"picked":"SKIP","floor":10},{"not_picked":["Dagger Spray","Deadly Poison"],"picked":"Well Laid Plans","floor":11},{"not_picked":["Outmaneuver","Underhanded Strike","Bane"],"picked":"SKIP","floor":12},{"not_picked":["Underhanded Strike","Flechettes"],"picked":"Backstab","floor":14}],"player_experience":506974,"relics_obtained":[{"floor":9,"key":"Gambling Chip"},{"floor":11,"key":"Shovel"},{"floor":13,"key":"Ornamental Fan"}],"event_choices":[{"damage_healed":0,"gold_gain":0,"player_choice":"Trade","damage_taken":0,"relics_obtained":["CultistMask"],"max_hp_gain":0,"max_hp_loss":0,"event_name":"FaceTrader","floor":8,"gold_loss":0}],"is_beta":true,"boss_relics":[],"items_purged_floors":[],"is_endless":false,"potions_floor_spawned":[4,5,11,12],"killed_by":"Hexaghost","ascension_level":1}