{"gold_per_floor":[11,11,11,11,11,47,47,70,70,101,101,122,138,154,154,278,278,301,315,19,33,33,33,69,69,121,121,146,187,205,241,241,360,360,381,0,23,41,62,62,62,11,11,54,54,79,79,98,98,98,98,98,23,61,61],"floor_reached":55,"playtime":2875,"items_purged":["Strike_G"],"score":890,"play_id":"1c519b02-16e5-459e-ac94-7f3ce9b0f103","local_time":"20190717133620","is_ascension_mode":true,"campfire_choices":[{"floor":7.0,"key":"REST"},{"floor":15.0,"key":"REST"},{"floor":23.0,"key":"REST"},{"floor":25.0,"key":"REST"},{"floor":27.0,"key":"REST"},{"floor":32.0,"key":"REST"},{"data":"Malaise","floor":40.0,"key":"SMITH"},{"data":"Bouncing Flask","floor":45.0,"key":"SMITH"},{"data":"Blade Dance","floor":47.0,"key":"SMITH"},{"floor":49.0,"key":"RECALL"},{"data":"Poisoned Stab","floor":52.0,"key":"SMITH"}],"neow_cost":"NO_GOLD","seed_source_timestamp":613074262631762,"circlet_count":0,"master_deck":["Strike_G","Defend_G","Defend_G","Defend_G","Defend_G","Defend_G","Survivor","Neutralize+1","Poisoned Stab+1","Quick Slash","Blade Dance+1","Bouncing Flask+1","Skewer","Quick Slash","PiercingWail","All Out Attack","Malaise+1","Dagger Spray","PiercingWail+1","Crippling Poison+1","Corpse Explosion+1","Concentrate+1","Crippling Poison+1","Dodge and Roll+1","Catalyst+1","Crippling Poison+1","Concentrate+1","Escape Plan+1","Slice+1","Dodge and Roll+1","PiercingWail+1","Deadly Poison+1"],"special_seed":0,"relics":["Ring of the Snake","Calipers","Golden Idol","Snake Skull","Pantograph","Boot","Runic Pyramid","Toxic Egg 2","Paper Crane","Darkstone Periapt","Thread and Needle","Sozu","Red Mask","Bird Faced Urn","Mercury Hourglass","Bottled Lightning"],"potions_floor_usage":[55],"damage_taken":[{"damage":0.0,"enemies":"2 Louse","floor":1.0,"turns":2.0},{"damage":28.0,"enemies":"Gremlin Nob","floor":6.0,"turns":5.0},{"damage":0.0,"enemies":"Jaw Worm","floor":8.0,"turns":3.0},{"damage":31.0,"enemies":"Lagavulin","floor":10.0,"turns":7.0},{"damage":0.0,"enemies":"Small Slimes","floor":12.0,"turns":4.0},{"damage":1.0,"enemies":"3 Louse","floor":13.0,"turns":3.0},{"damage":17.0,"enemies":"Exordium Thugs","floor":14.0,"turns":6.0},{"damage":35.0,"enemies":"Hexaghost","floor":16.0,"turns":8.0},{"damage":6.0,"enemies":"Chosen","floor":18.0,"turns":5.0},{"damage":31.0,"enemies":"2 Thieves","floor":19.0,"turns":4.0},{"damage":9.0,"enemies":"Snecko","floor":21.0,"turns":6.0},{"damage":33.0,"enemies":"Book of Stabbing","floor":24.0,"turns":7.0},{"damage":9.0,"enemies":"Snake Plant","floor":28.0,"turns":5.0},{"damage":17.0,"enemies":"Slavers","floor":29.0,"turns":3.0},{"damage":27.0,"enemies":"Sentry and Sphere","floor":30.0,"turns":4.0},{"damage":4.0,"enemies":"Gremlin Leader","floor":31.0,"turns":4.0},{"damage":5.0,"enemies":"Champ","floor":33.0,"turns":6.0},{"damage":0.0,"enemies":"Orb Walker","floor":35.0,"turns":3.0},{"damage":0.0,"enemies":"3 Darklings","floor":37.0,"turns":3.0},{"damage":0.0,"enemies":"4 Shapes","floor":38.0,"turns":3.0},{"damage":7.0,"enemies":"Jaw Worm Horde","floor":39.0,"turns":2.0},{"damage":14.0,"enemies":"Reptomancer","floor":44.0,"turns":5.0},{"damage":2.0,"enemies":"Spire Growth","floor":46.0,"turns":4.0},{"damage":1.0,"enemies":"Writhing Mass","floor":48.0,"turns":4.0},{"damage":13.0,"enemies":"Donu and Deca","floor":50.0,"turns":6.0},{"damage":20.0,"enemies":"Shield and Spear","floor":54.0,"turns":4.0},{"damage":96,"enemies":"The Heart","floor":55,"turns":6}],"seed_played":"-2538724759013354648","potions_obtained":[{"floor":1.0,"key":"LiquidBronze"},{"floor":6.0,"key":"Ancient Potion"},{"floor":14.0,"key":"Poison Potion"},{"floor":28.0,"key":"SkillPotion"},{"floor":31.0,"key":"Dexterity Potion"},{"floor":33.0,"key":"Poison Potion"}],"is_trial":false,"path_per_floor":["M","?","?","?","?","E","R","M","T","E","?","M","M","M","R","B",null,"M","M","$","M","?","R","E","R","T","R","M","E","M","E","R","B",null,"M","?","M","M","M","R","?","$","T","E","R","M","R","M","R","B",null,"R","$","E","B"],"character_chosen":"THE_SILENT","items_purchased":["Toxic Egg 2","PiercingWail+1","PiercingWail+1"],"campfire_rested":6,"item_purchase_floors":[20,20,42],"current_hp_per_floor":[70,70,70,75,57,29,51,51,51,20,20,20,19,2,24,14,75,69,38,38,29,29,51,18,40,40,62,53,36,9,5,27,47,75,75,75,75,75,68,68,75,75,75,61,61,59,59,58,58,62,75,75,75,55,0],"gold":61,"neow_bonus":"ONE_RARE_RELIC","is_prod":false,"is_daily":false,"chose_seed":false,"campfire_upgraded":4,"win_rate":0,"timestamp":1563384980,"path_taken":["M","?","?","?","?","E","R","M","T","E","?","M","?","M","R","BOSS","M","M","$","M","?","R","E","R","T","R","M","E","M","E","R","BOSS","M","?","M","M","M","R","?","$","T","E","R","M","R","?","R","BOSS","R","$","E","BOSS"],"build_version":"2019-07-05","purchased_purges":1,"victory":false,"max_hp_per_floor":[70,70,70,75,75,75,75,75,75,75,75,75,75,75,75,75,75,75,75,75,75,75,75,75,75,75,75,75,75,75,75,75,75,75,75,75,75,75,75,75,75,75,75,75,75,75,75,75,75,75,75,75,75,75,75],"card_choices":[{"not_picked":["Expertise","Backflip"],"picked":"Poisoned Stab","floor":1.0},{"not_picked":["Underhanded Strike","Flying Knee"],"picked":"Quick Slash","floor":6.0},{"not_picked":["Bane","Deflect"],"picked":"Blade Dance","floor":8.0},{"not_picked":["Tools of the Trade","Outmaneuver"],"picked":"Bouncing Flask","floor":10.0},{"not_picked":["Eviscerate","Deadly Poison"],"picked":"Quick Slash","floor":12.0},{"not_picked":["Riddle With Holes","Backflip"],"picked":"PiercingWail","floor":13.0},{"not_picked":["Prepared","Outmaneuver"],"picked":"All Out Attack","floor":14.0},{"not_picked":["Unload","Grand Finale"],"picked":"Malaise","floor":16.0},{"not_picked":["Footwork+1","Sucker Punch+1"],"picked":"Concentrate","floor":18.0},{"not_picked":["Flechettes","Flying Knee+1"],"picked":"Dagger Spray","floor":19.0},{"not_picked":["Heel Hook+1","Infinite Blades+1"],"picked":"Crippling Poison+1","floor":21.0},{"not_picked":["Prepared+1","Bane+1"],"picked":"Crippling Poison+1","floor":24.0},{"not_picked":["Well Laid Plans","Outmaneuver+1"],"picked":"Dodge and Roll+1","floor":28.0},{"not_picked":["PiercingWail+1","Prepared+1"],"picked":"Catalyst+1","floor":29.0},{"not_picked":["Backflip+1","Underhanded Strike"],"picked":"Crippling Poison+1","floor":30.0},{"not_picked":["Prepared+1","Dagger Throw"],"picked":"Concentrate+1","floor":31.0},{"not_picked":["Crippling Poison+1","Distraction+1","PiercingWail+1"],"picked":"SKIP","floor":35.0},{"not_picked":["Backflip+1","Underhanded Strike"],"picked":"Escape Plan+1","floor":37.0},{"not_picked":["Dagger Spray+1","Distraction+1"],"picked":"Slice+1","floor":38.0},{"not_picked":["Masterful Stab+1","Outmaneuver+1"],"picked":"Dodge and Roll+1","floor":39.0},{"not_picked":["Tactician+1","Slice","Noxious Fumes"],"picked":"SKIP","floor":44.0},{"not_picked":["Eviscerate","Tactician+1","Outmaneuver+1"],"picked":"SKIP","floor":46.0},{"not_picked":["Riddle With Holes+1","PiercingWail+1","Dodge and Roll+1"],"picked":"SKIP","floor":48.0},{"not_picked":["Corpse Explosion+1","Acrobatics+1","Deadly Poison+1"],"picked":"SKIP","floor":54.0},{"not_picked":["Corpse Explosion+1","Acrobatics+1"],"picked":"Deadly Poison+1","floor":54.0}],"player_experience":196188,"relics_obtained":[{"floor":6.0,"key":"Snake Skull"},{"floor":9.0,"key":"Pantograph"},{"floor":10.0,"key":"Boot"},{"floor":24.0,"key":"Paper Crane"},{"floor":29.0,"key":"Darkstone Periapt"},{"floor":31.0,"key":"Thread and Needle"},{"floor":43.0,"key":"Bird Faced Urn"},{"floor":44.0,"key":"Mercury Hourglass"},{"floor":54.0,"key":"Bottled Lightning"}],"event_choices":[{"damage_healed":0.0,"max_hp_gain":0.0,"max_hp_loss":0.0,"gold_gain":0.0,"event_name":"Living Wall","player_choice":"Grow","floor":2.0,"gold_loss":0.0,"damage_taken":0.0,"cards_upgraded":["Neutralize"]},{"damage_healed":0.0,"max_hp_gain":0.0,"max_hp_loss":0.0,"gold_gain":0.0,"event_name":"Liars Game","player_choice":"Ignored","floor":3.0,"gold_loss":0.0,"damage_taken":0.0},{"damage_healed":0.0,"max_hp_gain":5.0,"max_hp_loss":0.0,"gold_gain":0.0,"event_name":"Big Fish","player_choice":"Donut","floor":4.0,"gold_loss":0.0,"damage_taken":0.0},{"damage_healed":0.0,"max_hp_gain":0.0,"max_hp_loss":0.0,"gold_gain":0.0,"event_name":"Golden Idol","player_choice":"Take Damage","floor":5.0,"gold_loss":0.0,"damage_taken":18.0,"relics_obtained":["Golden Idol"]},{"damage_healed":0.0,"max_hp_gain":0.0,"max_hp_loss":0.0,"gold_gain":0.0,"cards_transformed":["Strike_G"],"event_name":"Transmorgrifier","player_choice":"Transformed","floor":11.0,"gold_loss":0.0,"damage_taken":0.0,"cards_obtained":["Skewer"]},{"damage_healed":0.0,"max_hp_gain":0.0,"max_hp_loss":0.0,"gold_gain":0.0,"cards_transformed":["Strike_G","Strike_G"],"event_name":"Drug Dealer","player_choice":"Became Test Subject","floor":22.0,"gold_loss":0.0,"damage_taken":0.0,"cards_obtained":["Corpse Explosion","Concentrate"]},{"damage_healed":0.0,"max_hp_gain":0.0,"max_hp_loss":0.0,"gold_gain":0.0,"event_name":"Tomb of Lord Red Mask","player_choice":"Paid","floor":36.0,"gold_loss":381.0,"damage_taken":0.0,"relics_obtained":["Red Mask"]},{"cards_removed":["Concentrate"],"damage_healed":7.0,"max_hp_gain":0.0,"max_hp_loss":0.0,"gold_gain":0.0,"event_name":"Bonfire Elementals","player_choice":"Offered Uncommon","floor":41.0,"gold_loss":0.0,"damage_taken":0.0}],"is_beta":false,"boss_relics":[{"not_picked":["Tiny House","Snecko Eye"],"picked":"Runic Pyramid"},{"not_picked":["Pandora\u0027s Box","Orrery"],"picked":"Sozu"}],"items_purged_floors":[53],"is_endless":false,"potions_floor_spawned":[1,6,14,28,31,33,35,39,44,48],"killed_by":"The Heart","ascension_level":4}