{"gold_per_floor":[112,187,22,41,51,86,99,113,113,78,78,112,126,457,457,457],"floor_reached":16,"playtime":593,"items_purged":["Strike_B"],"score":244,"play_id":"7187a28f-8a5a-4983-822a-2b8d2b9d3cce","local_time":"20190716235216","is_ascension_mode":true,"campfire_choices":[{"data":"Creative AI","floor":11.0,"key":"SMITH"},{"data":"Go for the Eyes","floor":15.0,"key":"SMITH"}],"neow_cost":"NONE","seed_source_timestamp":576664005385142,"circlet_count":0,"master_deck":["AscendersBane","Strike_B","Strike_B","Strike_B","Defend_B","Defend_B","Defend_B","Defend_B","Zap","Dualcast","Go for the Eyes+1","Lockon","Go for the Eyes","Ball Lightning","Sweeping Beam","Go for the Eyes","Creative AI+1","Sunder","Hologram","Force Field","Melter"],"special_seed":0,"relics":["Cracked Core","Pear","Thread and Needle","Dodecahedron","Old Coin"],"potions_floor_usage":[16],"damage_taken":[{"damage":2.0,"enemies":"Cultist","floor":1.0,"turns":4.0},{"damage":4.0,"enemies":"Jaw Worm","floor":4.0,"turns":3.0},{"damage":0.0,"enemies":"2 Louse","floor":5.0,"turns":3.0},{"damage":37.0,"enemies":"3 Sentries","floor":6.0,"turns":6.0},{"damage":0.0,"enemies":"Large Slime","floor":7.0,"turns":3.0},{"damage":3.0,"enemies":"Looter","floor":8.0,"turns":2.0},{"damage":20.0,"enemies":"Gremlin Nob","floor":12.0,"turns":4.0},{"damage":6.0,"enemies":"Exordium Wildlife","floor":13.0,"turns":4.0},{"damage":12.0,"enemies":"3 Sentries","floor":14.0,"turns":7.0},{"damage":8,"enemies":"The Guardian","floor":16,"turns":5}],"seed_played":"2074152368292151867","potions_obtained":[{"floor":4.0,"key":"Dexterity Potion"},{"floor":7.0,"key":"SpeedPotion"},{"floor":8.0,"key":"SteroidPotion"}],"is_trial":false,"path_per_floor":["M","?","$","M","M","E","M","M","T","?","R","E","M","E","R","B"],"character_chosen":"DEFECT","items_purchased":["Lockon","Go for the Eyes"],"campfire_rested":0,"item_purchase_floors":[3,3],"current_hp_per_floor":[69,58,58,54,54,27,27,24,24,46,46,26,20,8,8,0],"gold":457,"neow_bonus":"TEN_PERCENT_HP_BONUS","is_prod":false,"is_daily":false,"chose_seed":false,"campfire_upgraded":2,"win_rate":0,"timestamp":1563313936,"path_taken":["M","?","?","M","M","E","M","M","T","?","R","E","M","E","R","BOSS"],"build_version":"2019-07-05","purchased_purges":1,"victory":false,"max_hp_per_floor":[78,78,78,78,78,88,88,88,88,88,88,88,88,88,88,88],"card_choices":[{"not_picked":["Storm","Stack"],"picked":"Go for the Eyes","floor":1.0},{"not_picked":["Self Repair","Conserve Battery"],"picked":"Ball Lightning","floor":4.0},{"not_picked":["Beam Cell","Reinforced Body"],"picked":"Sweeping Beam","floor":5.0},{"not_picked":["Conserve Battery","Coolheaded"],"picked":"Go for the Eyes","floor":6.0},{"not_picked":["Leap","Stack"],"picked":"Creative AI","floor":7.0},{"not_picked":["Compile Driver","Hologram"],"picked":"Sunder","floor":8.0},{"not_picked":["Consume","Beam Cell"],"picked":"Hologram","floor":12.0},{"not_picked":["Sweeping Beam","Hello World"],"picked":"Force Field","floor":13.0},{"not_picked":["Blizzard","Sunder"],"picked":"Melter","floor":14.0}],"player_experience":628430,"relics_obtained":[{"floor":6.0,"key":"Pear"},{"floor":9.0,"key":"Thread and Needle"},{"floor":12.0,"key":"Dodecahedron"},{"floor":14.0,"key":"Old Coin"}],"event_choices":[{"damage_healed":0.0,"max_hp_gain":0.0,"max_hp_loss":0.0,"gold_gain":75.0,"event_name":"World of Goop","player_choice":"Gather Gold","floor":2.0,"gold_loss":0.0,"damage_taken":11.0},{"damage_healed":22.0,"max_hp_gain":0.0,"max_hp_loss":0.0,"gold_gain":0.0,"event_name":"The Cleric","player_choice":"Healed","floor":10.0,"gold_loss":35.0,"damage_taken":0.0}],"is_beta":false,"boss_relics":[],"items_purged_floors":[3],"is_endless":false,"potions_floor_spawned":[4,7,8,13],"killed_by":"The Guardian","ascension_level":20}