{"gold_per_floor":[116,128,138,149,23,23,23,23,23,36,51,51,65,65,65,170,170,182,199,199,214,214,214,227,327,327,327,327,37,37,51,51,154,154,165,0,0,14,27,27,27,47,47,147,147,22,34,54,54,54],"floor_reached":50,"playtime":6819,"items_purged":["Strike_G","Strike_G","Normality"],"score":536,"play_id":"baf3a6ed-27a2-497e-8a86-da973fcd6d99","local_time":"20190628215832","is_ascension_mode":false,"campfire_choices":[{"data":"Noxious Fumes","floor":6,"key":"SMITH"},{"data":"Bouncing Flask","floor":8,"key":"SMITH"},{"data":"Poisoned Stab","floor":12,"key":"SMITH"},{"floor":15,"key":"REST"},{"floor":23,"key":"REST"},{"floor":28,"key":"REST"},{"floor":30,"key":"REST"},{"floor":32,"key":"REST"},{"floor":40,"key":"REST"},{"floor":45,"key":"REST"},{"floor":49,"key":"REST"}],"neow_cost":"NONE","seed_source_timestamp":461622423201140,"circlet_count":0,"master_deck":["Defend_G","Defend_G","Defend_G","Defend_G","Strike_G","Strike_G","Survivor+1","Neutralize","Noxious Fumes+1","Prepared","Distraction","Bouncing Flask+1","Poisoned Stab+1","Die Die Die","Poisoned Stab","Flying Knee+1","Corpse Explosion","Flying Knee+1","Dagger Throw","Noxious Fumes","Adrenaline","Catalyst","Bane","Noxious Fumes+1","Poisoned Stab","Deflect","Venomology","Bane","Thinking Ahead","Magnetism+1","The Bomb","Parasite","Blade Dance","Crippling Poison+1","Noxious Fumes+1","Corpse Explosion"],"relics":["Ring of the Snake","Tough Bandages","Fusion Hammer","Bird Faced Urn","Darkstone Periapt","Frozen Egg 2","Pear","Cursed Key","Red Mask","Ornamental Fan","Gambling Chip"],"potions_floor_usage":[25,33,33,35,39,39,44,47,50,50,50],"damage_taken":[{"damage":0,"enemies":"2 Louse","floor":1,"turns":3},{"damage":7,"enemies":"Small Slimes","floor":2,"turns":5},{"damage":1,"enemies":"Cultist","floor":3,"turns":4},{"damage":3,"enemies":"Large Slime","floor":4,"turns":6},{"damage":0,"enemies":"Exordium Wildlife","floor":10,"turns":4},{"damage":2,"enemies":"Exordium Thugs","floor":11,"turns":4},{"damage":0,"enemies":"Looter","floor":13,"turns":3},{"damage":28,"enemies":"Slime Boss","floor":16,"turns":7},{"damage":7,"enemies":"Shell Parasite","floor":18,"turns":4},{"damage":0,"enemies":"Chosen","floor":19,"turns":3},{"damage":16,"enemies":"Snecko","floor":21,"turns":4},{"damage":31,"enemies":"Shelled Parasite and Fungi","floor":24,"turns":4},{"damage":11,"enemies":"Colosseum Slavers","floor":25,"turns":3},{"damage":21,"enemies":"Colosseum Nobs","floor":25,"turns":3},{"damage":10,"enemies":"Snake Plant","floor":31,"turns":3},{"damage":66,"enemies":"Automaton","floor":33,"turns":8},{"damage":0,"enemies":"Orb Walker","floor":35,"turns":3},{"damage":27,"enemies":"3 Shapes","floor":38,"turns":2},{"damage":38,"enemies":"Writhing Mass","floor":39,"turns":6},{"damage":0,"enemies":"Transient","floor":42,"turns":5},{"damage":27,"enemies":"Mind Bloom Boss Battle","floor":44,"turns":5},{"damage":9,"enemies":"Sphere and 2 Shapes","floor":47,"turns":4},{"damage":0,"enemies":"4 Shapes","floor":48,"turns":4},{"damage":104,"enemies":"Time Eater","floor":50,"turns":9}],"seed_played":"-9017355738252348784","potions_obtained":[{"floor":2,"key":"Dexterity Potion"},{"floor":3,"key":"AttackPotion"},{"floor":11,"key":"Ancient Potion"},{"floor":16,"key":"Ancient Potion"},{"floor":25,"key":"Fire Potion"},{"floor":33,"key":"Explosive Potion"}],"is_trial":false,"path_per_floor":["M","M","M","M","$","R","?","R","T","M","M","R","M","?","R","B",null,"M","M","?","M","?","R","M","?","T","?","R","$","R","M","R","B",null,"M","?","?","M","M","R","?","M","T","?","R","$","M","M","R","B"],"character_chosen":"THE_SILENT","items_purchased":["Poisoned Stab","Bane","Noxious Fumes+1","Poisoned Stab","Deflect"],"campfire_rested":8,"item_purchase_floors":[5,29,29,29,29],"current_hp_per_floor":[70,63,62,59,59,59,64,64,64,64,62,62,62,47,69,41,75,68,68,68,52,52,74,43,11,11,21,46,46,71,63,85,25,85,85,85,75,50,24,51,51,59,65,46,75,75,70,80,97,0],"gold":54,"neow_bonus":"REMOVE_CARD","is_prod":false,"is_daily":false,"chose_seed":false,"campfire_upgraded":3,"win_rate":0.0,"timestamp":1561730312,"path_taken":["M","M","M","M","$","R","?","R","T","M","M","R","M","?","R","BOSS","M","M","?","M","?","R","M","?","T","?","R","?","R","M","R","BOSS","M","?","?","M","M","R","?","?","T","?","R","$","M","M","R","BOSS"],"build_version":"2019-01-23","purchased_purges":3,"victory":false,"max_hp_per_floor":[70,70,70,70,70,70,75,75,75,75,75,75,75,75,75,75,75,75,75,75,75,75,75,75,75,75,85,85,85,85,85,85,85,85,85,85,85,85,91,91,91,91,97,97,97,97,97,97,97,97],"card_choices":[{"not_picked":["Cloak And Dagger","Bane"],"picked":"Noxious Fumes","floor":1},{"not_picked":["Dagger Spray","Blade Dance"],"picked":"Prepared","floor":2},{"not_picked":["Outmaneuver","Leg Sweep"],"picked":"Distraction","floor":3},{"not_picked":["Cloak And Dagger","Escape Plan"],"picked":"Bouncing Flask","floor":4},{"not_picked":["Dagger Spray","Deflect"],"picked":"Die Die Die","floor":10},{"not_picked":["Slice","Acrobatics"],"picked":"Poisoned Stab","floor":11},{"not_picked":["Expertise","Predator"],"picked":"Flying Knee","floor":13},{"not_picked":["Venomology","Bullet Time"],"picked":"Corpse Explosion","floor":16},{"not_picked":["Backflip","Blur"],"picked":"Flying Knee+1","floor":18},{"not_picked":["Blur","Endless Agony","Predator"],"picked":"SKIP","floor":19},{"not_picked":["Acrobatics","Skewer"],"picked":"Dagger Throw","floor":21},{"not_picked":["Flying Knee","Slice"],"picked":"Adrenaline","floor":24},{"not_picked":["Acrobatics","Outmaneuver"],"picked":"Catalyst","floor":25},{"not_picked":["Slice","Riddle With Holes+1","Accuracy+1"],"picked":"SKIP","floor":31},{"not_picked":["Unload","Malaise"],"picked":"Venomology","floor":33},{"not_picked":["Dagger Spray+1","Terror"],"picked":"Bane","floor":35},{"not_picked":["Violence","Mayhem+1"],"picked":"Thinking Ahead","floor":37},{"not_picked":["Forethought","Finesse"],"picked":"Magnetism+1","floor":37},{"not_picked":["Dark Shackles","Bandage Up"],"picked":"The Bomb","floor":37},{"not_picked":["Reflex","Underhanded Strike","Leg Sweep+1"],"picked":"SKIP","floor":38},{"not_picked":["PiercingWail","Backflip+1","Dodge and Roll"],"picked":"SKIP","floor":39},{"not_picked":["Flying Knee","Accuracy+1"],"picked":"Crippling Poison+1","floor":42},{"not_picked":["Dagger Throw+1","Accuracy+1"],"picked":"Noxious Fumes+1","floor":47},{"not_picked":["Choke","Bane"],"picked":"Corpse Explosion","floor":48}],"player_experience":40386,"relics_obtained":[{"floor":9,"key":"Tough Bandages"},{"floor":25,"key":"Bird Faced Urn"},{"floor":25,"key":"Darkstone Periapt"},{"floor":26,"key":"Frozen Egg 2"},{"floor":43,"key":"Ornamental Fan"},{"floor":44,"key":"Gambling Chip"}],"event_choices":[{"damage_healed":0,"gold_gain":0,"player_choice":"Donut","damage_taken":0,"max_hp_gain":5,"max_hp_loss":0,"event_name":"Big Fish","floor":7,"gold_loss":0},{"damage_healed":0,"gold_gain":0,"player_choice":"Entered Light","damage_taken":15,"max_hp_gain":0,"max_hp_loss":0,"event_name":"Shining Light","floor":14,"gold_loss":0,"cards_upgraded":["Flying Knee","Survivor"]},{"damage_healed":0,"gold_gain":0,"player_choice":"Ignored","damage_taken":0,"max_hp_gain":0,"max_hp_loss":0,"event_name":"Vampires","floor":20,"gold_loss":0},{"damage_healed":0,"gold_gain":0,"player_choice":"Read","damage_taken":0,"max_hp_gain":0,"max_hp_loss":0,"event_name":"The Library","floor":22,"gold_loss":0,"cards_obtained":["Noxious Fumes"]},{"damage_healed":0,"gold_gain":0,"player_choice":"Fight","damage_taken":0,"max_hp_gain":0,"max_hp_loss":0,"event_name":"Colosseum","floor":25,"gold_loss":0},{"damage_healed":0,"gold_gain":0,"player_choice":"Fought Nobs","damage_taken":0,"max_hp_gain":0,"max_hp_loss":0,"event_name":"Colosseum","floor":25,"gold_loss":0},{"damage_healed":0,"gold_gain":0,"player_choice":"Opened","damage_taken":0,"relics_obtained":["Pear"],"max_hp_gain":0,"max_hp_loss":0,"event_name":"The Mausoleum","floor":27,"gold_loss":0},{"damage_healed":0,"gold_gain":0,"player_choice":"Paid","damage_taken":0,"relics_obtained":["Red Mask"],"max_hp_gain":0,"max_hp_loss":0,"event_name":"Tomb of Lord Red Mask","floor":36,"gold_loss":165},{"damage_healed":0,"gold_gain":0,"player_choice":"Memory 3","damage_taken":10,"max_hp_gain":0,"max_hp_loss":0,"event_name":"SensoryStone","floor":37,"gold_loss":0},{"damage_healed":0,"gold_gain":0,"cards_transformed":["Strike_G"],"player_choice":"Transformed","damage_taken":0,"max_hp_gain":0,"max_hp_loss":0,"event_name":"Transmorgrifier","floor":41,"gold_loss":0,"cards_obtained":["Blade Dance"]},{"damage_healed":0,"gold_gain":0,"player_choice":"Fight","damage_taken":0,"max_hp_gain":0,"max_hp_loss":0,"event_name":"MindBloom","floor":44,"gold_loss":0}],"is_beta":false,"boss_relics":[{"not_picked":["Runic Pyramid","WristBlade"],"picked":"Fusion Hammer"},{"not_picked":["Sozu","Ring of the Serpent"],"picked":"Cursed Key"}],"items_purged_floors":[5,29,46],"is_endless":false,"potions_floor_spawned":[2,3,11,16,25,25,33,38,44,47],"killed_by":"Time Eater","ascension_level":0}