{"gold_per_floor":[16,32,46,46,62,100,100,131,131,131,167,188,269,282,282,402,402,402,402,327,327,327,327,327,327,327,327,327,274,274,202,202,202],"floor_reached":33,"playtime":1697,"items_purged":["Strike_R"],"score":292,"play_id":"43377f04-1770-4542-89a6-80f81c9373e0","local_time":"20190112124408","is_ascension_mode":true,"campfire_choices":[{"data":"Flame Barrier","floor":7,"key":"SMITH"},{"data":"Clothesline","floor":10,"key":"SMITH"},{"data":"True Grit","floor":15,"key":"SMITH"},{"data":"Double Tap","floor":23,"key":"SMITH"},{"data":"True Grit","floor":25,"key":"SMITH"},{"floor":27,"key":"DIG"},{"data":"Metallicize","floor":32,"key":"SMITH"}],"neow_cost":"NO_GOLD","seed_source_timestamp":975044953902,"circlet_count":0,"master_deck":["Strike_R","Strike_R","Strike_R","Strike_R","Defend_R","Defend_R","Defend_R","Defend_R","Bash","Immolate","Clothesline+1","Anger","Flame Barrier+1","True Grit+1","True Grit+1","Double Tap+1","Ghostly Armor","Headbutt","Shrug It Off","Metallicize+1"],"relics":["Burning Blood","Bloody Idol","Gremlin Horn","Pear","Ginger","Shovel","WingedGreaves","Ectoplasm","Red Mask","Meat on the Bone"],"potions_floor_usage":[8,13,33],"damage_taken":[{"damage":1,"enemies":"Cultist","floor":1,"turns":3},{"damage":4,"enemies":"2 Louse","floor":2,"turns":2},{"damage":7,"enemies":"Small Slimes","floor":3,"turns":2},{"damage":0,"enemies":"3 Louse","floor":5,"turns":2},{"damage":8,"enemies":"3 Sentries","floor":6,"turns":4},{"damage":7,"enemies":"Lagavulin","floor":8,"turns":8},{"damage":24,"enemies":"Gremlin Nob","floor":11,"turns":4},{"damage":0,"enemies":"Exordium Wildlife","floor":12,"turns":2},{"damage":4,"enemies":"3 Sentries","floor":13,"turns":4},{"damage":5,"enemies":"Lots of Slimes","floor":14,"turns":2},{"damage":56,"enemies":"Slime Boss","floor":16,"turns":11},{"damage":19,"enemies":"Spheric Guardian","floor":18,"turns":4},{"damage":9,"enemies":"Chosen","floor":19,"turns":5},{"damage":3,"enemies":"Centurion and Healer","floor":21,"turns":7},{"damage":0,"enemies":"Masked Bandits","floor":24,"turns":1},{"damage":0,"enemies":"3 Cultists","floor":30,"turns":3},{"damage":103,"enemies":"Collector","floor":33,"turns":18}],"seed_played":"-339912619387167882","potions_obtained":[{"floor":2,"key":"Ancient Potion"},{"floor":3,"key":"SkillPotion"},{"floor":5,"key":"Weak Potion"},{"floor":11,"key":"SkillPotion"},{"floor":18,"key":"Block Potion"}],"is_trial":false,"path_per_floor":["M","M","M","?","M","E","R","E","T","R","E","M","?","M","R","B",null,"M","M","$","M","?","R","?","R","T","R","?","$","M","$","R","B"],"character_chosen":"IRONCLAD","items_purchased":["Shrug It Off","Metallicize"],"campfire_rested":0,"item_purchase_floors":[29,31],"current_hp_per_floor":[80,80,79,59,65,63,63,72,72,72,54,60,62,63,63,13,90,77,74,74,77,77,77,83,83,83,83,83,83,89,89,89,0],"gold":202,"neow_bonus":"THREE_RARE_CARDS","is_prod":false,"is_daily":false,"chose_seed":false,"campfire_upgraded":6,"win_rate":0,"timestamp":1547257448,"path_taken":["M","M","M","?","M","E","R","E","T","R","E","M","?","M","R","BOSS","M","M","$","M","?","R","?","R","T","R","?","$","?","?","R","BOSS"],"build_version":"2019-01-10","purchased_purges":1,"victory":false,"max_hp_per_floor":[80,80,80,80,80,80,80,90,90,90,90,90,90,90,90,90,90,90,90,90,90,90,90,90,90,90,90,90,90,90,90,90,90],"card_choices":[{"not_picked":["Juggernaut","Offering"],"picked":"Immolate","floor":0},{"not_picked":["Body Slam","Intimidate"],"picked":"Clothesline","floor":1},{"not_picked":["Cleave","Second Wind"],"picked":"Anger","floor":2},{"not_picked":["Sword Boomerang","Corruption","Clothesline"],"picked":"SKIP","floor":3},{"not_picked":["Sword Boomerang","Corruption","Clothesline"],"picked":"SKIP","floor":3},{"not_picked":["Whirlwind","Bloodletting"],"picked":"Flame Barrier","floor":5},{"not_picked":["Feel No Pain","Warcry","Bloodletting"],"picked":"SKIP","floor":6},{"not_picked":["Body Slam","Barricade","Perfected Strike"],"picked":"SKIP","floor":8},{"not_picked":["Thunderclap","Dropkick"],"picked":"True Grit","floor":11},{"not_picked":["Bloodletting","Entrench","Sword Boomerang"],"picked":"SKIP","floor":12},{"not_picked":["Sword Boomerang","Body Slam"],"picked":"True Grit","floor":13},{"not_picked":["Offering","True Grit","Rage"],"picked":"SKIP","floor":14},{"not_picked":["Juggernaut","Demon Form"],"picked":"Double Tap","floor":16},{"not_picked":["Spot Weakness","Twin Strike","Wild Strike"],"picked":"SKIP","floor":18},{"not_picked":["Heavy Blade","Bloodletting"],"picked":"Ghostly Armor","floor":19},{"not_picked":["Cleave","Sentinel"],"picked":"Headbutt","floor":21},{"not_picked":["Cleave","Power Through","Sword Boomerang+1"],"picked":"SKIP","floor":30}],"player_experience":533858,"relics_obtained":[{"floor":6,"key":"Gremlin Horn"},{"floor":8,"key":"Pear"},{"floor":9,"key":"Ginger"},{"floor":11,"key":"Shovel"},{"floor":24,"key":"Red Mask"},{"floor":27,"key":"Meat on the Bone"}],"event_choices":[{"damage_healed":0,"gold_gain":0,"player_choice":"Take Damage","damage_taken":20,"relics_obtained":["Golden Idol"],"max_hp_gain":0,"max_hp_loss":0,"event_name":"Golden Idol","floor":4,"gold_loss":0},{"damage_healed":0,"gold_gain":0,"player_choice":"Searched \u00272\u0027 times","damage_taken":0,"relics_obtained":["WingedGreaves"],"max_hp_gain":0,"max_hp_loss":0,"event_name":"Dead Adventurer","floor":13,"gold_loss":0},{"damage_healed":0,"gold_gain":0,"player_choice":"Gave Idol","damage_taken":0,"relics_obtained":["Bloody Idol"],"max_hp_gain":0,"max_hp_loss":0,"event_name":"Forgotten Altar","floor":22,"relics_lost":["Golden Idol"],"gold_loss":0},{"damage_healed":0,"gold_gain":0,"player_choice":"Fought Bandits","damage_taken":0,"max_hp_gain":0,"max_hp_loss":0,"event_name":"Masked Bandits","floor":24,"gold_loss":0},{"damage_healed":0,"gold_gain":0,"player_choice":"Ignored","damage_taken":0,"max_hp_gain":0,"max_hp_loss":0,"event_name":"Beggar","floor":28,"gold_loss":0}],"is_beta":false,"boss_relics":[{"not_picked":["Mark of Pain","Coffee Dripper"],"picked":"Ectoplasm"}],"items_purged_floors":[20],"is_endless":false,"potions_floor_spawned":[2,3,5,11,18,19,24,30],"killed_by":"Collector","ascension_level":2}