{"gold_per_floor":[113,123,53,67,80,111,111,124,177,177,195,224,71,86,86,187,187,204,4,18,198,211,211,244,261,261,291,308,308,308,322,322,423,423,440,48,48,0,12,112,147,147,173,173,228,257,257,57,57,57],"floor_reached":51,"playtime":12372,"items_purged":["Strike_G","Defend_G"],"score":807,"play_id":"dc1012d6-6dd4-43dd-82a5-cabced96a5aa","local_time":"20190719194759","is_ascension_mode":false,"campfire_choices":[{"data":"Well Laid Plans","floor":7,"key":"SMITH"},{"data":"Footwork","floor":15,"key":"SMITH"},{"data":"Noxious Fumes","floor":23,"key":"SMITH"},{"floor":29,"key":"REST"},{"data":"Footwork","floor":32,"key":"SMITH"},{"floor":42,"key":"DIG"},{"floor":44,"key":"DIG"},{"floor":49,"key":"REST"}],"neow_cost":"NONE","seed_source_timestamp":842925270244338,"circlet_count":0,"master_deck":["Strike_G","Strike_G+1","Defend_G","Defend_G","Survivor","Neutralize","Blind","Dash","Deadly Poison","Well Laid Plans+1","Footwork+1","Acrobatics","Deadly Poison","Deflect","Quick Slash+1","Escape Plan+1","Noxious Fumes+1","Good Instincts+1","Tools of the Trade","Venomology+1","Corpse Explosion+1","PiercingWail+1","Backstab","Discovery+1","Deflect+1","Escape Plan+1","Flechettes+1","Night Terror+1","Footwork+1","Noxious Fumes","Escape Plan+1","Doppelganger+1","PiercingWail+1","Dodge and Roll+1","Flechettes+1","Crippling Poison+1"],"relics":["Ring of the Snake","Blood Vial","Dream Catcher","Toxic Egg 2","Astrolabe","Anchor","Ornamental Fan","Whetstone","Orrery","Shovel","Red Mask","Mango","Bird Faced Urn","Pantograph","Bag of Preparation","Bronze Scales","Unceasing Top","Dodecahedron","ClockworkSouvenir"],"potions_floor_usage":[16,16,20,22,24,27,27,27,28,33,33,39,39,40,41,41,45,46,47,50],"damage_taken":[{"damage":0,"enemies":"2 Louse","floor":1,"turns":3},{"damage":0,"enemies":"Small Slimes","floor":2,"turns":3},{"damage":0,"enemies":"Cultist","floor":4,"turns":3},{"damage":2,"enemies":"2 Fungi Beasts","floor":5,"turns":5},{"damage":12,"enemies":"Gremlin Nob","floor":6,"turns":5},{"damage":4,"enemies":"Exordium Thugs","floor":8,"turns":5},{"damage":4,"enemies":"3 Louse","floor":11,"turns":5},{"damage":6,"enemies":"Lagavulin","floor":12,"turns":7},{"damage":0,"enemies":"Exordium Wildlife","floor":14,"turns":5},{"damage":11,"enemies":"Slime Boss","floor":16,"turns":11},{"damage":15,"enemies":"Spheric Guardian","floor":18,"turns":6},{"damage":0,"enemies":"Chosen","floor":20,"turns":6},{"damage":2,"enemies":"Snake Plant","floor":22,"turns":4},{"damage":16,"enemies":"Gremlin Leader","floor":24,"turns":6},{"damage":3,"enemies":"Shelled Parasite and Fungi","floor":25,"turns":5},{"damage":0,"enemies":"Slavers","floor":27,"turns":4},{"damage":4,"enemies":"Snecko","floor":28,"turns":4},{"damage":0,"enemies":"Centurion and Healer","floor":31,"turns":6},{"damage":4,"enemies":"Champ","floor":33,"turns":11},{"damage":9,"enemies":"Orb Walker","floor":35,"turns":4},{"damage":22,"enemies":"3 Darklings","floor":39,"turns":3},{"damage":0,"enemies":"Mind Bloom Boss Battle","floor":40,"turns":7},{"damage":8,"enemies":"Giant Head","floor":41,"turns":11},{"damage":43,"enemies":"2 Orb Walkers","floor":45,"turns":5},{"damage":7,"enemies":"Nemesis","floor":46,"turns":9},{"damage":0,"enemies":"Jaw Worm Horde","floor":47,"turns":2},{"damage":40,"enemies":"Donu and Deca","floor":50,"turns":8}],"seed_played":"6819537725233031352","potions_obtained":[{"floor":1,"key":"SkillPotion"},{"floor":2,"key":"Weak Potion"},{"floor":6,"key":"Block Potion"},{"floor":12,"key":"Energy Potion"},{"floor":14,"key":"FearPotion"},{"floor":18,"key":"LiquidBronze"},{"floor":27,"key":"Dexterity Potion"},{"floor":28,"key":"LiquidBronze"},{"floor":31,"key":"SpeedPotion"},{"floor":35,"key":"PowerPotion"},{"floor":41,"key":"Dexterity Potion"}],"is_trial":false,"path_per_floor":["M","M","$","M","M","E","R","M","T","?","M","E","$","M","R","B",null,"M","$","M","?","M","R","E","M","T","E","M","R","?","M","R","B",null,"M","$","?","?","M","?","E","R","T","R","?","E","M","$","R","B",null],"character_chosen":"THE_SILENT","items_purchased":["Well Laid Plans","Noxious Fumes","Good Instincts+1","Backstab","Discovery+1","Shovel","ClockworkSouvenir"],"campfire_rested":2,"item_purchase_floors":[3,13,13,19,19,36,48],"current_hp_per_floor":[70,70,70,70,68,56,56,54,54,47,45,41,41,43,43,34,70,55,55,57,36,36,36,22,21,21,23,21,42,70,70,70,66,70,61,61,61,61,50,66,60,60,60,60,25,34,38,38,63,58],"gold":57,"neow_bonus":"RANDOM_COLORLESS","is_prod":false,"is_daily":false,"chose_seed":false,"campfire_upgraded":4,"win_rate":0.0,"timestamp":1563580079,"path_taken":["M","M","$","M","M","E","R","M","T","?","M","E","$","M","R","BOSS","M","$","M","?","M","R","E","?","T","E","M","R","?","M","R","BOSS","M","$","?","?","?","?","E","R","T","R","?","E","M","$","R","BOSS"],"build_version":"2019-06-28","purchased_purges":2,"victory":true,"max_hp_per_floor":[70,70,70,70,70,70,70,70,70,70,70,70,70,70,70,70,70,70,70,70,70,70,70,70,70,70,70,70,70,70,70,70,70,70,70,70,70,70,70,84,84,84,84,84,84,84,84,84,84,84],"card_choices":[{"not_picked":["Reflex","Flying Knee"],"picked":"Dash","floor":1},{"not_picked":["Dagger Throw","Quick Slash"],"picked":"Deadly Poison","floor":2},{"not_picked":["PiercingWail","Quick Slash"],"picked":"Footwork","floor":4},{"not_picked":["Bane","Die Die Die"],"picked":"Acrobatics","floor":5},{"not_picked":["Dagger Throw","Bane"],"picked":"Deadly Poison","floor":6},{"not_picked":["Blade Dance","Slice"],"picked":"Deflect","floor":8},{"not_picked":["Heel Hook","Slice"],"picked":"Quick Slash","floor":11},{"not_picked":["Reflex","Underhanded Strike"],"picked":"Escape Plan","floor":12},{"not_picked":["Bane","Quick Slash","Slice"],"picked":"SKIP","floor":14},{"not_picked":["Glass Knife","Phantasmal Killer+1"],"picked":"Tools of the Trade","floor":16},{"not_picked":["Endless Agony","Blade Dance+1"],"picked":"PiercingWail+1","floor":18},{"not_picked":["Underhanded Strike","Masterful Stab"],"picked":"Deflect+1","floor":20},{"not_picked":["Blade Dance+1","Eviscerate","Poisoned Stab"],"picked":"SKIP","floor":22},{"not_picked":["Tactician+1","Reflex+1"],"picked":"Escape Plan+1","floor":24},{"not_picked":["Tactician+1","Deadly Poison+1"],"picked":"Flechettes+1","floor":25},{"not_picked":["Leg Sweep+1","Well Laid Plans"],"picked":"Night Terror+1","floor":27},{"not_picked":["Calculated Gamble+1","Deflect+1"],"picked":"Footwork","floor":28},{"not_picked":["Deflect+1","PiercingWail+1"],"picked":"Noxious Fumes","floor":29},{"not_picked":["Choke+1","Endless Agony"],"picked":"Escape Plan+1","floor":31},{"not_picked":["After Image","Glass Knife"],"picked":"Doppelganger+1","floor":33},{"not_picked":["Eviscerate+1","Prepared+1"],"picked":"PiercingWail+1","floor":35},{"not_picked":["Blade Dance+1","Leg Sweep+1","Doppelganger+1"],"picked":"SKIP","floor":39},{"not_picked":["PiercingWail+1","Riddle With Holes+1"],"picked":"Dodge and Roll+1","floor":40},{"not_picked":["Quick Slash+1","Sucker Punch+1","Predator"],"picked":"SKIP","floor":41},{"not_picked":["Deflect+1","Dagger Throw+1"],"picked":"Flechettes+1","floor":46},{"not_picked":["Sucker Punch+1","Calculated Gamble+1"],"picked":"Crippling Poison+1","floor":49}],"player_experience":58603,"relics_obtained":[{"floor":6,"key":"Blood Vial"},{"floor":9,"key":"Dream Catcher"},{"floor":12,"key":"Toxic Egg 2"},{"floor":24,"key":"Anchor"},{"floor":26,"key":"Ornamental Fan"},{"floor":27,"key":"Whetstone"},{"floor":40,"key":"Mango"},{"floor":41,"key":"Bird Faced Urn"},{"floor":42,"key":"Pantograph"},{"floor":43,"key":"Bag of Preparation"},{"floor":44,"key":"Bronze Scales"},{"floor":45,"key":"Unceasing Top"},{"floor":46,"key":"Dodecahedron"}],"event_choices":[{"cards_removed":["Defend_G"],"damage_healed":0,"gold_gain":0,"player_choice":"Card Removal","damage_taken":7,"max_hp_gain":0,"max_hp_loss":0,"event_name":"Golden Wing","floor":10,"gold_loss":0},{"damage_healed":0,"gold_gain":180,"player_choice":"GOLD GOLD ","damage_taken":21,"max_hp_gain":0,"max_hp_loss":0,"event_name":"Knowing Skull","floor":21,"potions_obtained":[],"gold_loss":0,"cards_obtained":[]},{"cards_removed":["Caltrops"],"damage_healed":28,"gold_gain":0,"player_choice":"Offered Uncommon","damage_taken":0,"max_hp_gain":0,"max_hp_loss":0,"event_name":"Bonfire Elementals","floor":30,"gold_loss":0},{"damage_healed":0,"gold_gain":0,"player_choice":"Memory 1","damage_taken":0,"max_hp_gain":0,"max_hp_loss":0,"event_name":"SensoryStone","floor":37,"gold_loss":0},{"damage_healed":0,"gold_gain":0,"player_choice":"Paid","damage_taken":0,"relics_obtained":["Red Mask"],"max_hp_gain":0,"max_hp_loss":0,"event_name":"Tomb of Lord Red Mask","floor":38,"gold_loss":48},{"damage_healed":0,"gold_gain":0,"player_choice":"Fight","damage_taken":0,"max_hp_gain":0,"max_hp_loss":0,"event_name":"MindBloom","floor":40,"gold_loss":0},{"damage_healed":0,"gold_gain":0,"player_choice":"Fight","damage_taken":0,"max_hp_gain":0,"max_hp_loss":0,"event_name":"Mysterious Sphere","floor":45,"gold_loss":0}],"is_beta":true,"boss_relics":[{"not_picked":["Calling Bell","Busted Crown"],"picked":"Astrolabe"},{"not_picked":["Velvet Choker","Runic Dome"],"picked":"Orrery"}],"items_purged_floors":[19,36],"is_endless":false,"potions_floor_spawned":[1,2,6,12,14,18,27,28,31,35,41,47],"ascension_level":0}