{"gold_per_floor":[119,136,147,166,177,177,206,217,244,209,240,255,255,180,180,253,253,273,273,273,173,173,173,199,209,209,65,83,83,110,120,120,194,194,214,226,101,0,0,0,0,0,25,79,79,79,79,45,45,45],"floor_reached":51,"playtime":2668,"items_purged":["Strike_G","Defend_G","Strike_G"],"score":1190,"play_id":"2fedcfb3-6f81-43d6-9bb3-c7aa0a8084a3","local_time":"20181212183220","is_ascension_mode":true,"campfire_choices":[{"data":"Noxious Fumes","floor":6.0,"key":"SMITH"},{"data":"Footwork","floor":13.0,"key":"SMITH"},{"floor":15.0,"key":"REST"},{"data":"Neutralize","floor":23.0,"key":"SMITH"},{"floor":29.0,"key":"REST"},{"floor":32.0,"key":"REST"},{"data":"Noxious Fumes","floor":40,"key":"SMITH"},{"floor":42,"key":"RECALL"},{"data":"Sadistic Nature","floor":47,"key":"SMITH"},{"data":"Catalyst","floor":49,"key":"SMITH"}],"neow_cost":"NONE","seed_source_timestamp":0,"circlet_count":0,"master_deck":["AscendersBane","Defend_G+1","Defend_G+1","Defend_G+1","Strike_G+1","Survivor+1","Neutralize+1","Noxious Fumes+1","Dash+1","Crippling Poison+1","Bane+1","Backflip+1","Backstab+1","Footwork+1","Burst+1","Bane+1","Phantasmal Killer+1","Quick Slash+1","Noxious Fumes+1","Calculated Gamble+1","Catalyst+1","Corpse Explosion+1","Sadistic Nature+1","Catalyst+1"],"special_seed":0,"relics":["Ring of the Snake","Gremlin Horn","Lantern","Mercury Hourglass","Astrolabe","MutagenicStrength","Blood Vial","PreservedInsect","Whetstone","Art of War","Coffee Dripper","Red Mask","Mark of the Bloom","Juzu Bracelet","Bird Faced Urn"],"potions_floor_usage":[44],"damage_taken":[{"damage":1.0,"enemies":"Jaw Worm","floor":1.0,"turns":8.0},{"damage":1.0,"enemies":"Small Slimes","floor":2.0,"turns":5.0},{"damage":0.0,"enemies":"2 Louse","floor":3.0,"turns":4.0},{"damage":0.0,"enemies":"Blue Slaver","floor":4.0,"turns":5.0},{"damage":10.0,"enemies":"Exordium Wildlife","floor":5.0,"turns":4.0},{"damage":8.0,"enemies":"Gremlin Nob","floor":7.0,"turns":5.0},{"damage":8.0,"enemies":"Lots of Slimes","floor":8.0,"turns":3.0},{"damage":31.0,"enemies":"3 Sentries","floor":11.0,"turns":7.0},{"damage":1.0,"enemies":"Looter","floor":12.0,"turns":3.0},{"damage":13.0,"enemies":"The Guardian","floor":16.0,"turns":12.0},{"damage":18.0,"enemies":"Spheric Guardian","floor":18.0,"turns":7.0},{"damage":26.0,"enemies":"Slavers","floor":24.0,"turns":5.0},{"damage":10.0,"enemies":"Shell Parasite","floor":25.0,"turns":4.0},{"damage":4.0,"enemies":"Shelled Parasite and Fungi","floor":28.0,"turns":5.0},{"damage":0.0,"enemies":"Gremlin Leader","floor":30.0,"turns":4.0},{"damage":4.0,"enemies":"3 Cultists","floor":31.0,"turns":5.0},{"damage":48.0,"enemies":"Automaton","floor":33.0,"turns":10.0},{"damage":3,"enemies":"3 Darklings","floor":35,"turns":3},{"damage":0,"enemies":"3 Shapes","floor":36,"turns":3},{"damage":4,"enemies":"2 Orb Walkers","floor":44,"turns":3},{"damage":50,"enemies":"Donu and Deca","floor":50,"turns":6}],"seed_played":"851370010647732700","potions_obtained":[{"floor":1.0,"key":"Ancient Potion"},{"floor":3.0,"key":"Block Potion"},{"floor":4.0,"key":"Block Potion"},{"floor":8.0,"key":"SpeedPotion"},{"floor":12.0,"key":"Fire Potion"},{"floor":16.0,"key":"Weak Potion"}],"is_trial":false,"path_per_floor":["M","M","M","M","M","R","E","M","T","?","E","M","R","$","R","B",null,"M","?","?","$","?","R","E","M","T","$","M","R","E","M","R","B",null,"M","M","$","?","$","R","?","R","T","?","R","?","R","$","R","B",null],"character_chosen":"THE_SILENT","items_purchased":["Whetstone","Catalyst"],"campfire_rested":3,"item_purchase_floors":[27,48],"current_hp_per_floor":[69,68,68,68,58,58,50,42,42,61,30,29,29,29,52,39,68,50,50,50,50,50,50,24,16,16,16,14,37,39,37,60,14,61,60,62,62,62,62,62,62,62,62,58,58,58,58,58,58,8],"gold":45,"neow_bonus":"TEN_PERCENT_HP_BONUS","is_prod":false,"is_daily":false,"chose_seed":false,"campfire_upgraded":6,"win_rate":0,"timestamp":1544599940,"path_taken":["M","M","M","M","M","R","E","M","T","?","E","M","R","$","R","BOSS","M","?","?","$","?","R","E","?","T","$","M","R","E","M","R","BOSS","M","M","?","?","$","R","?","R","T","?","R","?","R","?","R","BOSS"],"build_version":"2018-12-11","purchased_purges":3,"victory":true,"max_hp_per_floor":[77,77,77,77,77,77,77,77,77,77,77,77,77,77,77,77,77,77,77,77,77,77,77,77,77,77,77,77,77,77,77,77,77,77,77,77,77,77,77,77,77,77,77,77,77,77,77,77,77,77],"card_choices":[{"not_picked":["All Out Attack","Flechettes"],"picked":"Noxious Fumes","floor":1.0},{"not_picked":["Accuracy","Eviscerate"],"picked":"Dash","floor":2.0},{"not_picked":["Dagger Throw","Blur"],"picked":"Crippling Poison","floor":3.0},{"not_picked":["PiercingWail","Dagger Throw","Prepared"],"picked":"SKIP","floor":4.0},{"not_picked":["Bane","Crippling Poison","Dagger Throw"],"picked":"SKIP","floor":5.0},{"not_picked":["Crippling Poison","Dagger Throw"],"picked":"Bane","floor":5.0},{"not_picked":["Infinite Blades","Storm of Steel","Blade Dance"],"picked":"SKIP","floor":7.0},{"not_picked":["Flying Knee","Sucker Punch"],"picked":"Backflip","floor":8.0},{"not_picked":["Riddle With Holes","Acrobatics"],"picked":"Backstab","floor":11.0},{"not_picked":["Well Laid Plans","Acrobatics"],"picked":"Footwork","floor":12.0},{"not_picked":["Envenom","Wraith Form v2"],"picked":"Burst","floor":16.0},{"not_picked":["Slice","Outmaneuver","Bane"],"picked":"SKIP","floor":18.0},{"not_picked":["Flying Knee","Bullet Time"],"picked":"Quick Slash","floor":24.0},{"not_picked":["Escape Plan","Dagger Spray"],"picked":"Noxious Fumes","floor":25.0},{"not_picked":["Bane+1","Crippling Poison"],"picked":"Calculated Gamble+1","floor":28.0},{"not_picked":["Backstab","PiercingWail"],"picked":"Catalyst","floor":30.0},{"not_picked":["Poisoned Stab","Dagger Throw","Quick Slash"],"picked":"SKIP","floor":31.0},{"not_picked":["Bullet Time","Tools of the Trade"],"picked":"Corpse Explosion","floor":33.0},{"not_picked":["Distraction","Quick Slash","Calculated Gamble"],"picked":"SKIP","floor":35},{"not_picked":["Reflex","Underhanded Strike","Sucker Punch"],"picked":"SKIP","floor":36},{"not_picked":["Thinking Ahead","Secret Weapon"],"picked":"Sadistic Nature","floor":46}],"player_experience":465561,"relics_obtained":[{"floor":7.0,"key":"Gremlin Horn"},{"floor":9.0,"key":"Lantern"},{"floor":11.0,"key":"Mercury Hourglass"},{"floor":24.0,"key":"Blood Vial"},{"floor":26.0,"key":"PreservedInsect"},{"floor":30.0,"key":"Art of War"},{"floor":43,"key":"Juzu Bracelet"},{"floor":44,"key":"Bird Faced Urn"}],"event_choices":[{"damage_healed":19.0,"max_hp_gain":0.0,"max_hp_loss":0.0,"gold_gain":0.0,"event_name":"The Cleric","player_choice":"Healed","floor":10.0,"gold_loss":35.0,"damage_taken":0.0},{"damage_healed":0.0,"max_hp_gain":0.0,"max_hp_loss":0.0,"gold_gain":0.0,"event_name":"Vampires","player_choice":"Ignored","floor":19.0,"gold_loss":0.0,"damage_taken":0.0},{"cards_removed":["Concentrate"],"damage_healed":0.0,"max_hp_gain":0.0,"max_hp_loss":0.0,"gold_gain":0.0,"event_name":"Back to Basics","player_choice":"Elegance","floor":20.0,"gold_loss":0.0,"damage_taken":0.0},{"damage_healed":0.0,"max_hp_gain":0.0,"max_hp_loss":0.0,"gold_gain":0.0,"event_name":"Drug Dealer","player_choice":"Inject Mutagens","floor":22.0,"gold_loss":0.0,"damage_taken":0.0,"relics_obtained":["MutagenicStrength"]},{"damage_healed":0,"gold_gain":0,"player_choice":"Paid","damage_taken":0,"relics_obtained":["Red Mask"],"max_hp_gain":0,"max_hp_loss":0,"event_name":"Tomb of Lord Red Mask","floor":38,"gold_loss":101},{"damage_healed":0,"gold_gain":0,"player_choice":"Upgrade","damage_taken":0,"relics_obtained":["Mark of the Bloom"],"max_hp_gain":0,"max_hp_loss":0,"event_name":"MindBloom","floor":41,"gold_loss":0,"cards_upgraded":["Defend_G","Defend_G","Defend_G","Survivor","Dash","Crippling Poison","Backflip","Backstab","Burst","Quick Slash","Catalyst","Corpse Explosion"]},{"damage_healed":0,"gold_gain":0,"player_choice":"Fight","damage_taken":0,"max_hp_gain":0,"max_hp_loss":0,"event_name":"Mysterious Sphere","floor":44,"gold_loss":0},{"damage_healed":0,"gold_gain":0,"player_choice":"Memory 1","damage_taken":0,"max_hp_gain":0,"max_hp_loss":0,"event_name":"SensoryStone","floor":46,"gold_loss":0}],"is_beta":true,"boss_relics":[{"not_picked":["White Beast Statue","Lizard Tail"],"picked":"Astrolabe"},{"not_picked":["Ring of the Serpent","HoveringKite"],"picked":"Coffee Dripper"}],"items_purged_floors":[14,21,37],"is_endless":false,"potions_floor_spawned":[1,3,4,8,12,16,31,36],"ascension_level":13}