{"gold_per_floor":[114,128,147,162,162,194,194,212,260,277,277],"floor_reached":11,"playtime":332,"items_purged":[],"score":154,"play_id":"4df00a2c-77d3-4eba-aabb-8d600bc6f123","local_time":"20190716235757","is_ascension_mode":true,"campfire_choices":[{"data":"Fission","floor":7,"key":"SMITH"}],"neow_cost":"NONE","seed_source_timestamp":577288244186181,"circlet_count":0,"master_deck":["AscendersBane","Strike_B","Strike_B","Strike_B","Strike_B","Defend_B","Defend_B","Defend_B","Defend_B","Zap","Dualcast","Fission+1","Capacitor","Gash","Go for the Eyes","Rip and Tear","Self Repair","Ball Lightning","Sweeping Beam"],"relics":["Cracked Core","Strawberry","Matryoshka","Ancient Tea Set","Art of War"],"potions_floor_usage":[6],"damage_taken":[{"damage":1,"enemies":"Small Slimes","floor":1,"turns":4},{"damage":1,"enemies":"Cultist","floor":2,"turns":3},{"damage":0,"enemies":"2 Louse","floor":3,"turns":3},{"damage":1,"enemies":"2 Fungi Beasts","floor":4,"turns":3},{"damage":25,"enemies":"Lagavulin","floor":6,"turns":7},{"damage":24,"enemies":"Lots of Slimes","floor":8,"turns":4},{"damage":20,"enemies":"Exordium Thugs","floor":10,"turns":4},{"damage":10,"enemies":"3 Sentries","floor":11,"turns":2}],"seed_played":"6441977437925119458","potions_obtained":[{"floor":2,"key":"Weak Potion"},{"floor":4,"key":"FocusPotion"}],"is_trial":false,"path_per_floor":["M","M","M","M","?","E","R","M","T","M","E"],"character_chosen":"DEFECT","items_purchased":[],"campfire_rested":0,"item_purchase_floors":[],"current_hp_per_floor":[63,62,62,61,63,38,38,21,21,8,0],"gold":277,"neow_bonus":"ONE_RANDOM_RARE_CARD","is_prod":false,"is_daily":false,"chose_seed":false,"campfire_upgraded":1,"win_rate":0,"timestamp":1563314277,"path_taken":["M","M","M","M","?","E","R","M","T","M","E"],"build_version":"2019-07-05","purchased_purges":0,"victory":false,"max_hp_per_floor":[71,71,71,71,78,78,78,78,78,78,78],"card_choices":[{"not_picked":["Leap","Turbo"],"picked":"Capacitor","floor":1},{"not_picked":["Melter","Redo"],"picked":"Gash","floor":2},{"not_picked":["Storm","White Noise"],"picked":"Go for the Eyes","floor":3},{"not_picked":["Go for the Eyes","Coolheaded"],"picked":"Rip and Tear","floor":4},{"not_picked":["Turbo","Stack"],"picked":"Self Repair","floor":6},{"not_picked":["Redo","Leap"],"picked":"Ball Lightning","floor":8},{"not_picked":["Hologram","Ball Lightning"],"picked":"Sweeping Beam","floor":10}],"player_experience":629023,"relics_obtained":[{"floor":6,"key":"Matryoshka"},{"floor":9,"key":"Ancient Tea Set"},{"floor":9,"key":"Art of War"}],"event_choices":[{"damage_healed":0,"gold_gain":0,"player_choice":"Success","damage_taken":5,"relics_obtained":["Strawberry"],"max_hp_gain":0,"max_hp_loss":0,"event_name":"Scrap Ooze","floor":5,"gold_loss":0}],"is_beta":false,"boss_relics":[],"items_purged_floors":[],"is_endless":false,"potions_floor_spawned":[2,4],"killed_by":"3 Sentries","ascension_level":20}