{"gold_per_floor":[214,230,29,39,39,74,92,92,92,17,75,75,89,89,89,186,186,198,7,30,30,42,42,57,82,82,82,181,181,192,212,212,311,311,322,322,337,337,24,49,49,67,67,84,84,103,122,140,140,140],"floor_reached":51,"playtime":2995,"items_purged":["Strike_B","Strike_B"],"score":1186,"play_id":"952d76cc-92d5-46d3-a263-de4ea6ba4254","local_time":"20190129101004","is_ascension_mode":true,"campfire_choices":[{"data":"Zap","floor":8.0,"key":"SMITH"},{"data":"Defragment","floor":12.0,"key":"SMITH"},{"floor":15.0,"key":"REST"},{"data":"Loop","floor":23,"key":"SMITH"},{"data":"Buffer","floor":29,"key":"SMITH"},{"floor":32,"key":"REST"},{"data":"Buffer","floor":41,"key":"SMITH"},{"data":"Thunder Strike","floor":45,"key":"SMITH"},{"data":"Dualcast","floor":49,"key":"SMITH"}],"neow_cost":"NONE","seed_source_timestamp":437877738606245,"circlet_count":0,"master_deck":["AscendersBane","Strike_B","Strike_B","Defend_B","Defend_B+1","Defend_B","Defend_B","Zap+1","Dualcast+1","Conserve Battery","Sweeping Beam","Rip and Tear","Buffer+1","Loop+1","Defragment+1","White Noise+1","Thunder Strike+1","Conserve Battery","Coolheaded","Loop+1","Coolheaded","Core Surge","Self Repair","BootSequence","Cold Snap","Buffer+1","Rip and Tear","Electrodynamics","Hologram+1","Tempest+1","Loop+1","Darkness+1","Chaos+1","Turbo+1"],"special_seed":0,"relics":["Cracked Core","Runic Capacitor","Mummified Hand","Ginger","Unceasing Top","Orrery","War Paint","Ancient Tea Set","Sundial","Anchor","Sozu","Toxic Egg 2","DataDisk","Happy Flower","Thread and Needle"],"potions_floor_usage":[16,50,50],"damage_taken":[{"damage":10.0,"enemies":"Cultist","floor":1.0,"turns":5.0},{"damage":9.0,"enemies":"Small Slimes","floor":2.0,"turns":4.0},{"damage":2.0,"enemies":"Jaw Worm","floor":4.0,"turns":4.0},{"damage":18.0,"enemies":"Gremlin Nob","floor":6.0,"turns":5.0},{"damage":0.0,"enemies":"2 Fungi Beasts","floor":7.0,"turns":2.0},{"damage":16.0,"enemies":"3 Sentries","floor":11.0,"turns":6.0},{"damage":8.0,"enemies":"Blue Slaver","floor":13.0,"turns":3.0},{"damage":7,"enemies":"The Guardian","floor":16,"turns":9},{"damage":5,"enemies":"Shell Parasite","floor":18,"turns":5},{"damage":7,"enemies":"Chosen","floor":22,"turns":5},{"damage":0,"enemies":"Snecko","floor":24,"turns":4},{"damage":47,"enemies":"Gremlin Leader","floor":25,"turns":11},{"damage":0,"enemies":"Chosen and Byrds","floor":30,"turns":6},{"damage":0,"enemies":"Cultist and Chosen","floor":31,"turns":9},{"damage":0,"enemies":"Champ","floor":33,"turns":12},{"damage":0,"enemies":"3 Shapes","floor":35,"turns":4},{"damage":4,"enemies":"Orb Walker","floor":37,"turns":4},{"damage":34,"enemies":"Reptomancer","floor":40,"turns":6},{"damage":7,"enemies":"4 Shapes","floor":42,"turns":3},{"damage":0,"enemies":"Sphere and 2 Shapes","floor":44,"turns":4},{"damage":0,"enemies":"Transient","floor":46,"turns":5},{"damage":0,"enemies":"4 Shapes","floor":47,"turns":4},{"damage":0,"enemies":"3 Darklings","floor":48,"turns":3},{"damage":0,"enemies":"Awakened One","floor":50,"turns":7}],"seed_played":"7731112193159492826","potions_obtained":[{"floor":1.0,"key":"LiquidBronze"},{"floor":4.0,"key":"Block Potion"},{"floor":6.0,"key":"FearPotion"},{"floor":7.0,"key":"Strength Potion"},{"floor":16,"key":"LiquidBronze"},{"floor":30,"key":"AttackPotion"},{"floor":31,"key":"FocusPotion"},{"floor":33,"key":"Weak Potion"}],"is_trial":false,"path_per_floor":["M","M","$","M","?","E","M","R","T","$","?","R","M","?","R","B",null,"M","$","T","?","M","R","M","E","T","$","?","R","M","M","R","B",null,"M","$","M","?","$","E","R","M","T","M","R","M","M","M","R","B",null],"character_chosen":"DEFECT","items_purchased":["Runic Capacitor","War Paint","Coolheaded","Tempest+1","DataDisk"],"campfire_rested":2,"item_purchase_floors":[3,19,19,39,39],"current_hp_per_floor":[58,49,49,47,47,29,29,29,29,29,13,13,5,5,27,20,61,56,56,56,56,56,56,63,23,23,23,23,23,30,37,59,66,73,75,75,75,75,75,48,48,41,41,48,48,55,55,62,62,69],"gold":140,"neow_bonus":"HUNDRED_GOLD","is_prod":false,"is_daily":false,"chose_seed":false,"campfire_upgraded":7,"win_rate":0,"timestamp":1548717004,"path_taken":["M","M","$","M","?","E","?","R","T","?","?","R","M","?","R","BOSS","M","$","?","?","M","R","M","E","T","?","?","R","?","M","R","BOSS","M","$","M","?","$","E","R","M","T","M","R","M","?","M","R","BOSS"],"build_version":"2019-01-23","purchased_purges":2,"victory":true,"max_hp_per_floor":[75,75,75,75,75,75,75,75,75,75,75,75,75,75,75,75,75,75,75,75,75,75,75,75,75,75,75,75,75,75,75,75,75,75,75,75,75,75,75,75,75,75,75,75,75,75,75,75,75,75],"card_choices":[{"not_picked":["Chill","Capacitor"],"picked":"Conserve Battery","floor":1.0},{"not_picked":["Coolheaded","Double Energy"],"picked":"Sweeping Beam","floor":2.0},{"not_picked":["Self Repair","Streamline"],"picked":"Rip and Tear","floor":4.0},{"not_picked":["Reprogram","Skim","Leap"],"picked":"SKIP","floor":6.0},{"not_picked":["Turbo","Hologram"],"picked":"Loop","floor":7.0},{"not_picked":["Cold Snap","Scrape"],"picked":"Defragment","floor":11.0},{"not_picked":["Reboot","Tempest"],"picked":"White Noise","floor":13.0},{"not_picked":["Multi-Cast","Reboot"],"picked":"Thunder Strike","floor":16},{"not_picked":["Gash","Leap"],"picked":"Conserve Battery","floor":17},{"not_picked":["Sunder","Darkness"],"picked":"Coolheaded","floor":17},{"not_picked":["Sunder","Compile Driver"],"picked":"Loop","floor":17},{"not_picked":["Sweeping Beam","Turbo"],"picked":"Coolheaded","floor":17},{"not_picked":["Beam Cell","Chaos"],"picked":"Core Surge","floor":18},{"not_picked":["Heatsinks","Sweeping Beam"],"picked":"BootSequence","floor":22},{"not_picked":["Turbo","Streamline"],"picked":"Cold Snap","floor":24},{"not_picked":["Machine Learning","Auto Shields"],"picked":"Buffer","floor":25},{"not_picked":["Stack","Go for the Eyes","Redo+1"],"picked":"SKIP","floor":30},{"not_picked":["Lockon","Sunder"],"picked":"Rip and Tear","floor":31},{"not_picked":["Seek","Buffer"],"picked":"Electrodynamics","floor":33},{"not_picked":["Turbo+1","Rip and Tear"],"picked":"Hologram+1","floor":35},{"not_picked":["Streamline+1","Sweeping Beam","Steam"],"picked":"SKIP","floor":37},{"not_picked":["Streamline+1","Compile Driver","All For One"],"picked":"SKIP","floor":40},{"not_picked":["Streamline+1","Compile Driver","All For One"],"picked":"SKIP","floor":40},{"not_picked":["Blizzard+1","Scrape+1","Self Repair+1"],"picked":"SKIP","floor":42},{"not_picked":["Redo+1","Gash"],"picked":"Loop+1","floor":44},{"not_picked":["Rebound","Cold Snap+1"],"picked":"Darkness+1","floor":46},{"not_picked":["Sunder+1","Redo+1"],"picked":"Chaos+1","floor":47},{"not_picked":["Skim+1","Capacitor"],"picked":"Turbo+1","floor":48}],"player_experience":564975,"relics_obtained":[{"floor":6.0,"key":"Mummified Hand"},{"floor":9.0,"key":"Ginger"},{"floor":11.0,"key":"Unceasing Top"},{"floor":20,"key":"Ancient Tea Set"},{"floor":25,"key":"Sundial"},{"floor":26,"key":"Anchor"},{"floor":40,"key":"Happy Flower"},{"floor":43,"key":"Thread and Needle"}],"event_choices":[{"damage_healed":0.0,"max_hp_gain":0.0,"max_hp_loss":0.0,"gold_gain":0.0,"event_name":"Match and Keep!","player_choice":"1 cards matched","floor":5.0,"gold_loss":0.0,"damage_taken":0.0,"cards_obtained":["Buffer"]},{"damage_healed":0.0,"max_hp_gain":0.0,"max_hp_loss":0.0,"gold_gain":30.0,"event_name":"Dead Adventurer","player_choice":"Searched \u00272\u0027 times","floor":11.0,"gold_loss":0.0,"damage_taken":0.0},{"damage_healed":0.0,"max_hp_gain":0.0,"max_hp_loss":0.0,"gold_gain":0.0,"event_name":"Accursed Blacksmith","player_choice":"Forge","floor":14.0,"gold_loss":0.0,"damage_taken":0.0,"cards_upgraded":["Loop"]},{"damage_healed":0,"gold_gain":0,"player_choice":"Read","damage_taken":0,"max_hp_gain":0,"max_hp_loss":0,"event_name":"The Library","floor":21,"gold_loss":0,"cards_obtained":["Self Repair"]},{"damage_healed":0,"gold_gain":99,"player_choice":"Stole From Cult","damage_taken":0,"max_hp_gain":0,"max_hp_loss":0,"event_name":"Nest","floor":28,"gold_loss":0},{"cards_removed":["Coolheaded"],"damage_healed":0,"gold_gain":0,"player_choice":"Gave Card","damage_taken":0,"relics_obtained":["Toxic Egg 2"],"max_hp_gain":0,"max_hp_loss":0,"event_name":"WeMeetAgain","floor":38,"gold_loss":0}],"is_beta":false,"boss_relics":[{"not_picked":["White Beast Statue","Nuclear Battery"],"picked":"Orrery"},{"not_picked":["Fusion Hammer","Cursed Key"],"picked":"Sozu"}],"items_purged_floors":[10,39],"is_endless":false,"potions_floor_spawned":[1,4,6,7,16,25,30,31,33,37,44,46,47],"ascension_level":10}