{"gold_per_floor":[113,113,89,164,164,164,176,191,191,161,179,192,192,219,219,324,324,340,265,284,284,52,52,64,64,145,172,191,191,116,116,116,116],"floor_reached":33,"playtime":7017,"items_purged":["Rupture","Defend_R"],"score":288,"play_id":"6f7c3262-5c8f-4006-8bbc-6f67e7b94cde","local_time":"20190720042143","is_ascension_mode":false,"campfire_choices":[{"data":"Headbutt","floor":13,"key":"SMITH"},{"floor":15,"key":"REST"},{"data":"Entrench","floor":23,"key":"SMITH"},{"data":"Feel No Pain","floor":25,"key":"SMITH"},{"floor":32,"key":"REST"}],"neow_cost":"NONE","seed_source_timestamp":879142197033575,"circlet_count":0,"master_deck":["Strike_R","Strike_R+1","Strike_R","Defend_R","Defend_R","Bash+1","Headbutt+1","Feel No Pain+1","Clothesline","Entrench+1","Shockwave","Warcry","Shrug It Off","Reaper","Pommel Strike","Shockwave","Burning Pact","Disarm+1","Ghostly","Ghostly","Ghostly","Ghostly","Ghostly","Ghostly Armor","Bandage Up","Armaments"],"relics":["Burning Blood","Matryoshka","Omamori","Orrery","Strawberry","Bottled Flame","Dodecahedron"],"potions_floor_usage":[14,16,20,24,27,33],"damage_taken":[{"damage":1,"enemies":"Cultist","floor":1,"turns":3},{"damage":3,"enemies":"Jaw Worm","floor":7,"turns":3},{"damage":12,"enemies":"Small Slimes","floor":8,"turns":3},{"damage":3,"enemies":"3 Louse","floor":11,"turns":5},{"damage":16,"enemies":"Large Slime","floor":12,"turns":8},{"damage":41,"enemies":"Gremlin Nob","floor":14,"turns":5},{"damage":30,"enemies":"The Guardian","floor":16,"turns":14},{"damage":53,"enemies":"Shell Parasite","floor":18,"turns":9},{"damage":19,"enemies":"Chosen","floor":20,"turns":7},{"damage":0,"enemies":"Snake Plant","floor":24,"turns":7},{"damage":25,"enemies":"Slavers","floor":27,"turns":9},{"damage":58,"enemies":"Centurion and Healer","floor":28,"turns":23},{"damage":68,"enemies":"Collector","floor":33,"turns":6}],"seed_played":"3303351974435484909","potions_obtained":[{"floor":1,"key":"Dexterity Potion"},{"floor":10,"key":"Dexterity Potion"},{"floor":10,"key":"FairyPotion"},{"floor":11,"key":"BloodPotion"},{"floor":16,"key":"AttackPotion"},{"floor":20,"key":"Ancient Potion"},{"floor":24,"key":"PowerPotion"},{"floor":28,"key":"BloodPotion"}],"is_trial":false,"path_per_floor":["M","?","$","?","?","?","M","M","T","?","M","M","R","E","R","B",null,"M","$","M","?","$","R","M","R","T","E","M","?","?","?","R","B"],"character_chosen":"IRONCLAD","items_purchased":["Clothesline","Ghostly Armor","Bandage Up"],"campfire_rested":2,"item_purchase_floors":[3,22,22],"current_hp_per_floor":[80,73,73,62,62,46,49,43,43,43,46,36,36,21,45,21,80,33,33,24,24,24,24,38,38,45,45,10,10,10,10,24,0],"gold":116,"neow_bonus":"THREE_CARDS","is_prod":false,"is_daily":false,"chose_seed":false,"campfire_upgraded":3,"win_rate":0,"timestamp":1563610903,"path_taken":["M","?","$","?","?","?","M","M","T","?","M","M","R","E","R","BOSS","M","?","M","?","$","R","M","R","T","E","M","?","?","?","R","BOSS"],"build_version":"2019-06-28","purchased_purges":2,"victory":false,"max_hp_per_floor":[80,80,80,80,80,80,80,80,80,80,80,80,80,80,80,80,80,80,80,80,40,40,40,40,40,47,47,47,47,47,47,47,47],"card_choices":[{"not_picked":["Metallicize","True Grit"],"picked":"Headbutt","floor":0},{"not_picked":["Blood for Blood","Cleave"],"picked":"Feel No Pain","floor":1},{"not_picked":["True Grit","Rupture"],"picked":"Entrench","floor":7},{"not_picked":["Combust","Spot Weakness"],"picked":"Shockwave","floor":8},{"not_picked":["Inflame","Evolve"],"picked":"Warcry","floor":11},{"not_picked":["Clash","Metallicize","Body Slam"],"picked":"SKIP","floor":12},{"not_picked":["Clash","True Grit"],"picked":"Shrug It Off","floor":14},{"not_picked":["Limit Break","Dark Embrace"],"picked":"Reaper","floor":16},{"not_picked":["Flex","Disarm"],"picked":"Pommel Strike","floor":17},{"not_picked":["Armaments","Spot Weakness"],"picked":"Shockwave","floor":17},{"not_picked":["Heavy Blade","Disarm"],"picked":"Burning Pact","floor":18},{"not_picked":["Sword Boomerang","Twin Strike"],"picked":"Disarm+1","floor":20},{"not_picked":["Rampage","Clash","Hemokinesis"],"picked":"SKIP","floor":24},{"not_picked":["Entrench","Evolve+1"],"picked":"Armaments","floor":27},{"not_picked":["Warcry","Pommel Strike","Rage"],"picked":"SKIP","floor":28}],"player_experience":92541,"relics_obtained":[{"floor":9,"key":"Matryoshka"},{"floor":14,"key":"Omamori"},{"floor":26,"key":"Strawberry"},{"floor":26,"key":"Bottled Flame"},{"floor":27,"key":"Dodecahedron"}],"event_choices":[{"cards_removed":["Strike_R"],"damage_healed":0,"gold_gain":0,"player_choice":"Card Removal","damage_taken":7,"max_hp_gain":0,"max_hp_loss":0,"event_name":"Golden Wing","floor":2,"gold_loss":0},{"damage_healed":0,"gold_gain":75,"player_choice":"Gather Gold","damage_taken":11,"max_hp_gain":0,"max_hp_loss":0,"event_name":"World of Goop","floor":4,"gold_loss":0},{"damage_healed":0,"gold_gain":0,"cards_transformed":["Strike_R"],"player_choice":"Change","damage_taken":0,"max_hp_gain":0,"max_hp_loss":0,"event_name":"Living Wall","floor":5,"gold_loss":0,"cards_obtained":["Rupture"]},{"damage_healed":0,"gold_gain":0,"player_choice":"Entered Light","damage_taken":16,"max_hp_gain":0,"max_hp_loss":0,"event_name":"Shining Light","floor":6,"gold_loss":0,"cards_upgraded":["Strike_R","Bash"]},{"damage_healed":0,"gold_gain":0,"player_choice":"Bought 2 Potions","damage_taken":0,"max_hp_gain":0,"max_hp_loss":0,"event_name":"The Woman in Blue","floor":10,"gold_loss":0},{"damage_healed":0,"gold_gain":0,"player_choice":"Became a Ghost","damage_taken":0,"max_hp_gain":0,"max_hp_loss":40,"event_name":"Ghosts","floor":21,"gold_loss":0,"cards_obtained":["Ghostly","Ghostly","Ghostly","Ghostly","Ghostly"]},{"damage_healed":0,"gold_gain":0,"player_choice":"Smashed Altar","damage_taken":0,"max_hp_gain":0,"max_hp_loss":0,"event_name":"Forgotten Altar","floor":29,"gold_loss":0,"cards_obtained":["Decay"]},{"cards_removed":["Defend_R"],"damage_healed":0,"gold_gain":0,"player_choice":"Gave Gold","damage_taken":0,"max_hp_gain":0,"max_hp_loss":0,"event_name":"Beggar","floor":30,"gold_loss":75},{"damage_healed":0,"gold_gain":0,"player_choice":"Ignored","damage_taken":0,"max_hp_gain":0,"max_hp_loss":0,"event_name":"Cursed Tome","floor":31,"gold_loss":0}],"is_beta":true,"boss_relics":[{"not_picked":["Philosopher\u0027s Stone","Eternal Feather"],"picked":"Orrery"}],"items_purged_floors":[19,22],"is_endless":false,"potions_floor_spawned":[1,11,16,20,24,28],"killed_by":"Collector","ascension_level":0}