{"gold_per_floor":[116,131,143,51,51,80,80,120,132,168,223,235,247,136,136,256,256,274,94,109,133,133,171,190,206,206,249,249,69,69,89,89,219,219,243,243,243,368,384,384,424,424,424,424,438,76,101,101,101,101],"floor_reached":51,"playtime":2596,"items_purged":["Strike_B","Defend_B","Defend_B"],"score":1031,"play_id":"26cc9a78-d184-4b96-b994-ef0c09046504","local_time":"20181231152711","is_ascension_mode":true,"campfire_choices":[{"data":"Conserve Battery","floor":12,"key":"SMITH"},{"data":"Glacier","floor":15,"key":"SMITH"},{"floor":30,"key":"DIG"},{"floor":32,"key":"DIG"},{"floor":40,"key":"DIG"},{"floor":42,"key":"DIG"},{"floor":44,"key":"DIG"},{"floor":49,"key":"DIG"}],"neow_cost":"NONE","seed_source_timestamp":99869120306034,"circlet_count":0,"master_deck":["Strike_B","Strike_B","Strike_B","Defend_B","Defend_B","Zap+1","Dualcast","Cold Snap+1","Ball Lightning","Conserve Battery+1","Cold Snap","Biased Cognition+1","Glacier+1","Reprogram+1","Biased Cognition+1","Glacier+1","Defragment+1","Go for the Eyes+1","Self Repair+1","Ball Lightning","Loop+1","Master of Strategy+1","Creative AI+1","Loop+1","Defragment+1"],"relics":["Cracked Core","Vajra","Frozen Egg 2","Golden Idol","MawBank","Pocketwatch","Toxic Egg 2","Runic Dome","FaceOfCleric","Shovel","Turnip","Molten Egg 2","PreservedInsect","Dodecahedron","Inserter","Gambling Chip","Oddly Smooth Stone","Blood Vial","Anchor","Meat on the Bone","Orichalcum","Strawberry","Bag of Preparation"],"potions_floor_usage":[8,10,50,50],"damage_taken":[{"damage":0,"enemies":"Cultist","floor":1,"turns":3},{"damage":0,"enemies":"2 Louse","floor":2,"turns":2},{"damage":0,"enemies":"Small Slimes","floor":3,"turns":2},{"damage":22,"enemies":"Gremlin Nob","floor":6,"turns":4},{"damage":1,"enemies":"3 Sentries","floor":8,"turns":7},{"damage":6,"enemies":"3 Louse","floor":10,"turns":2},{"damage":4,"enemies":"Gremlin Nob","floor":11,"turns":4},{"damage":17,"enemies":"Hexaghost","floor":16,"turns":11},{"damage":17,"enemies":"2 Thieves","floor":18,"turns":4},{"damage":0,"enemies":"Chosen","floor":20,"turns":3},{"damage":14,"enemies":"Snake Plant","floor":21,"turns":4},{"damage":5,"enemies":"Slavers","floor":23,"turns":9},{"damage":0,"enemies":"Snecko","floor":24,"turns":4},{"damage":5,"enemies":"Centurion and Healer","floor":25,"turns":7},{"damage":9,"enemies":"Gremlin Leader","floor":27,"turns":9},{"damage":0,"enemies":"3 Cultists","floor":31,"turns":5},{"damage":9,"enemies":"Champ","floor":33,"turns":11},{"damage":1,"enemies":"Orb Walker","floor":35,"turns":5},{"damage":0,"enemies":"Mind Bloom Boss Battle","floor":38,"turns":6},{"damage":0,"enemies":"3 Shapes","floor":39,"turns":3},{"damage":8,"enemies":"Reptomancer","floor":41,"turns":7},{"damage":0,"enemies":"Maw","floor":45,"turns":7},{"damage":18,"enemies":"Writhing Mass","floor":47,"turns":4},{"damage":57,"enemies":"Awakened One","floor":50,"turns":14}],"seed_played":"-4698311370485689497","potions_obtained":[{"floor":3,"key":"Dexterity Potion"},{"floor":6,"key":"Block Potion"},{"floor":8,"key":"Block Potion"},{"floor":10,"key":"Poison Potion"},{"floor":11,"key":"GamblersBrew"},{"floor":33,"key":"Energy Potion"}],"is_trial":false,"path_per_floor":["M","M","M","$","T","E","?","E","T","M","E","R","?","$","R","B",null,"M","$","M","M","?","E","M","M","T","E","?","$","R","M","R","B",null,"M","?","?","?","M","R","E","R","T","R","M","$","M","?","R","B",null],"character_chosen":"DEFECT","items_purchased":["Ball Lightning","Conserve Battery","Coolheaded+1","Defragment+1","Master of Strategy+1","Loop+1","Strawberry"],"campfire_rested":0,"item_purchase_floors":[4,4,14,19,29,46,46],"current_hp_per_floor":[68,68,68,68,68,46,46,45,45,39,35,35,35,35,35,18,56,39,39,39,25,25,31,42,48,48,50,50,50,50,61,61,63,72,72,72,72,77,78,78,79,79,79,79,80,87,80,77,77,33],"gold":101,"neow_bonus":"UPGRADE_CARD","is_prod":false,"is_daily":false,"chose_seed":false,"campfire_upgraded":2,"win_rate":0,"timestamp":1546230431,"path_taken":["M","M","M","$","?","E","?","E","T","M","E","R","?","$","R","BOSS","M","?","M","M","?","E","?","M","T","E","?","$","R","M","R","BOSS","M","?","?","?","M","R","E","R","T","R","M","?","M","?","R","BOSS"],"build_version":"2018-12-25","purchased_purges":3,"victory":true,"max_hp_per_floor":[75,75,75,75,75,75,69,69,69,69,69,69,69,69,69,69,69,69,69,69,69,69,70,71,72,72,73,73,73,73,74,74,75,75,76,76,76,77,78,78,79,79,79,79,80,87,88,77,77,78],"card_choices":[{"not_picked":["Coolheaded","Darkness","Beam Cell"],"picked":"SKIP","floor":1},{"not_picked":["Coolheaded","Sweeping Beam","Aggregate"],"picked":"SKIP","floor":2},{"not_picked":["Darkness","Hyperbeam"],"picked":"Cold Snap","floor":3},{"not_picked":["Streamline","Compile Driver"],"picked":"Cold Snap","floor":6},{"not_picked":["Steam Power","Cold Snap"],"picked":"Biased Cognition+1","floor":8},{"not_picked":["Beam Cell","Steam"],"picked":"Glacier","floor":10},{"not_picked":["Recycle","Ball Lightning"],"picked":"Reprogram","floor":11},{"not_picked":["Machine Learning+1","Fission+1"],"picked":"Biased Cognition+1","floor":16},{"not_picked":["Storm+1","Coolheaded+1"],"picked":"Glacier+1","floor":18},{"not_picked":["Streamline","Steam+1"],"picked":"Go for the Eyes+1","floor":20},{"not_picked":["Seek+1","Go for the Eyes"],"picked":"Self Repair+1","floor":21},{"not_picked":["Chill+1","Hologram+1"],"picked":"Ball Lightning","floor":23},{"not_picked":["Reinforced Body+1","Sweeping Beam","Heatsinks+1"],"picked":"SKIP","floor":24},{"not_picked":["Reinforced Body+1","Sweeping Beam","Heatsinks+1"],"picked":"SKIP","floor":24},{"not_picked":["Stack+1","Hologram+1","Blizzard"],"picked":"SKIP","floor":25},{"not_picked":["Lockon","Leap+1"],"picked":"Loop+1","floor":27},{"not_picked":["Rebound+1","Turbo+1","Doom and Gloom+1"],"picked":"SKIP","floor":31},{"not_picked":["All For One+1","Meteor Strike+1"],"picked":"Creative AI+1","floor":33},{"not_picked":["Cold Snap+1","Leap+1","Ball Lightning+1"],"picked":"SKIP","floor":35},{"not_picked":["Cold Snap+1","Leap+1","Ball Lightning+1"],"picked":"SKIP","floor":35},{"not_picked":["Ball Lightning+1","Hologram+1","Glacier+1"],"picked":"SKIP","floor":39},{"not_picked":["Redo+1","Reprogram+1","Melter+1"],"picked":"SKIP","floor":41},{"not_picked":["Heatsinks+1","Rebound+1","Aggregate+1"],"picked":"SKIP","floor":45},{"not_picked":["Go for the Eyes+1","Gash+1"],"picked":"Defragment+1","floor":47}],"player_experience":504378,"relics_obtained":[{"floor":5,"key":"Vajra"},{"floor":6,"key":"Frozen Egg 2"},{"floor":8,"key":"MawBank"},{"floor":9,"key":"Pocketwatch"},{"floor":11,"key":"Toxic Egg 2"},{"floor":23,"key":"Shovel"},{"floor":26,"key":"Turnip"},{"floor":27,"key":"Molten Egg 2"},{"floor":30,"key":"PreservedInsect"},{"floor":32,"key":"Dodecahedron"},{"floor":38,"key":"Gambling Chip"},{"floor":40,"key":"Oddly Smooth Stone"},{"floor":41,"key":"Blood Vial"},{"floor":42,"key":"Anchor"},{"floor":43,"key":"Meat on the Bone"},{"floor":44,"key":"Orichalcum"},{"floor":49,"key":"Bag of Preparation"}],"event_choices":[{"damage_healed":0,"gold_gain":0,"player_choice":"Lose Max HP","damage_taken":0,"relics_obtained":["Golden Idol"],"max_hp_gain":0,"max_hp_loss":6,"event_name":"Golden Idol","floor":7,"gold_loss":0},{"damage_healed":0,"gold_gain":0,"player_choice":"Upgraded","damage_taken":0,"max_hp_gain":0,"max_hp_loss":0,"event_name":"Upgrade Shrine","floor":13,"gold_loss":0,"cards_upgraded":["Cold Snap"]},{"damage_healed":0,"gold_gain":0,"player_choice":"Trade","damage_taken":0,"relics_obtained":["FaceOfCleric"],"max_hp_gain":0,"max_hp_loss":0,"event_name":"FaceTrader","floor":22,"gold_loss":0},{"damage_healed":0,"gold_gain":0,"player_choice":"Ignored","damage_taken":0,"max_hp_gain":0,"max_hp_loss":0,"event_name":"Vampires","floor":28,"gold_loss":0},{"cards_removed":["Coolheaded"],"damage_healed":0,"gold_gain":0,"player_choice":"Removed Skill","damage_taken":0,"max_hp_gain":0,"max_hp_loss":0,"event_name":"Falling","floor":36,"gold_loss":0},{"damage_healed":0,"gold_gain":0,"player_choice":"Memory 1","damage_taken":0,"max_hp_gain":0,"max_hp_loss":0,"event_name":"SensoryStone","floor":37,"gold_loss":0},{"damage_healed":0,"gold_gain":0,"player_choice":"Fight","damage_taken":0,"max_hp_gain":0,"max_hp_loss":0,"event_name":"MindBloom","floor":38,"gold_loss":0},{"damage_healed":77,"gold_gain":0,"player_choice":"Heal","damage_taken":0,"max_hp_gain":0,"max_hp_loss":11,"event_name":"The Moai Head","floor":48,"gold_loss":0}],"is_beta":true,"boss_relics":[{"not_picked":["Runic Pyramid","Eternal Feather"],"picked":"Runic Dome"},{"not_picked":["Astrolabe","Cursed Key"],"picked":"Inserter"}],"items_purged_floors":[14,19,46],"is_endless":false,"potions_floor_spawned":[3,6,8,10,11,24,27,31,33,35,41],"ascension_level":8}