{"gold_per_floor":[111,111,131,131,144,144,155,172,198,37,70,85,42,42,42,118,118,132,151,63,77,2,2,17,17,17,31,31,31,48,59,59,136,186,201,216,230,245,257,288,300,316,316,316,348,348,0,28,28,28,28],"floor_reached":51,"playtime":2478,"items_purged":[],"score":1490,"play_id":"79530420-405b-4785-99fb-527b9a2840e1","local_time":"20190714160700","is_ascension_mode":true,"campfire_choices":[{"data":"Rip and Tear","floor":6.0,"key":"SMITH"},{"data":"Undo","floor":15.0,"key":"SMITH"},{"data":"Defragment","floor":23.0,"key":"SMITH"},{"data":"Electrodynamics","floor":25.0,"key":"SMITH"},{"data":"Defragment","floor":29.0,"key":"SMITH"},{"floor":32.0,"key":"REST"},{"floor":44,"key":"REST"},{"data":"Buffer","floor":46,"key":"SMITH"},{"floor":49,"key":"REST"}],"neow_cost":"NONE","seed_source_timestamp":373708465527305,"circlet_count":0,"master_deck":["AscendersBane","Strike_B+1","Strike_B+1","Strike_B+1","Strike_B+1","Defend_B+1","Defend_B+1","Defend_B+1","Defend_B+1","Zap+1","Dualcast","Ball Lightning","Leap","Rip and Tear+1","Reinforced Body+1","Rip and Tear","Undo+1","Sunder+1","Melter","Electrodynamics+1","Defragment+1","Double Energy+1","Defragment+1","Static Discharge","Undo","Glacier","Buffer+1","Reinforced Body","Capacitor+1"],"special_seed":0,"relics":["Cracked Core","NeowsBlessing","Oddly Smooth Stone","Pen Nib","Lantern","Bronze Scales","Snecko Eye","The Courier","Blood Vial","Tiny House","PreservedInsect","Meat on the Bone","Boot","Red Mask","Potion Belt"],"potions_floor_usage":[41,48],"damage_taken":[{"damage":0.0,"enemies":"Cultist","floor":1.0,"turns":1.0},{"damage":0.0,"enemies":"Small Slimes","floor":3.0,"turns":1.0},{"damage":0.0,"enemies":"Jaw Worm","floor":5.0,"turns":1.0},{"damage":0.0,"enemies":"Looter","floor":7.0,"turns":2.0},{"damage":0.0,"enemies":"Red Slaver","floor":8.0,"turns":4.0},{"damage":0.0,"enemies":"3 Sentries","floor":11.0,"turns":4.0},{"damage":1.0,"enemies":"Large Slime","floor":12.0,"turns":4.0},{"damage":31.0,"enemies":"Slime Boss","floor":16.0,"turns":8.0},{"damage":5.0,"enemies":"Spheric Guardian","floor":18.0,"turns":3.0},{"damage":0.0,"enemies":"Chosen","floor":19.0,"turns":2.0},{"damage":0.0,"enemies":"Centurion and Healer","floor":21.0,"turns":5.0},{"damage":32.0,"enemies":"Snake Plant","floor":24.0,"turns":3.0},{"damage":0.0,"enemies":"Snecko","floor":27.0,"turns":3.0},{"damage":11.0,"enemies":"Shelled Parasite and Fungi","floor":30.0,"turns":3.0},{"damage":0.0,"enemies":"Centurion and Healer","floor":31.0,"turns":3.0},{"damage":33.0,"enemies":"Automaton","floor":33.0,"turns":9.0},{"damage":2.0,"enemies":"3 Darklings","floor":35.0,"turns":4.0},{"damage":1.0,"enemies":"Orb Walker","floor":36.0,"turns":6.0},{"damage":0.0,"enemies":"Jaw Worm Horde","floor":37.0,"turns":3.0},{"damage":27.0,"enemies":"Spire Growth","floor":38.0,"turns":7.0},{"damage":21.0,"enemies":"Writhing Mass","floor":39.0,"turns":5.0},{"damage":3.0,"enemies":"Reptomancer","floor":40.0,"turns":7.0},{"damage":13,"enemies":"Transient","floor":41,"turns":6},{"damage":3,"enemies":"3 Darklings","floor":42,"turns":3},{"damage":1,"enemies":"Nemesis","floor":45,"turns":5},{"damage":0,"enemies":"Reptomancer","floor":48,"turns":6},{"damage":27,"enemies":"Time Eater","floor":50,"turns":15},{"damage":48,"enemies":"Donu and Deca","floor":51,"turns":7}],"seed_played":"4251033381780714855","potions_obtained":[{"floor":1.0,"key":"FocusPotion"},{"floor":3.0,"key":"SpeedPotion"},{"floor":7.0,"key":"Fire Potion"},{"floor":21.0,"key":"EssenceOfSteel"},{"floor":24.0,"key":"Poison Potion"},{"floor":27.0,"key":"Fire Potion"},{"floor":34.0,"key":"SpeedPotion"},{"floor":35.0,"key":"Regen Potion"},{"floor":37.0,"key":"Explosive Potion"},{"floor":48,"key":"FearPotion"}],"is_trial":false,"path_per_floor":["M","?","M","?","M","R","M","M","T","$","E","M","$","?","R","B",null,"M","M","$","M","?","R","M","R","T","M","?","R","M","M","R","B",null,"M","M","M","M","M","E","M","M","T","R","E","R","?","E","R","B","B"],"character_chosen":"DEFECT","items_purchased":["Lantern","Melter","Defragment"],"campfire_rested":3,"item_purchase_floors":[10,13,20],"current_hp_per_floor":[64,64,64,53,53,53,53,53,53,53,53,52,52,52,52,21,59,54,54,54,54,54,54,22,22,22,24,24,24,15,17,38,7,60,60,75,76,49,30,29,18,17,17,39,40,40,40,42,64,39,0],"gold":28,"neow_bonus":"THREE_ENEMY_KILL","is_prod":false,"is_daily":false,"chose_seed":false,"campfire_upgraded":6,"win_rate":0,"timestamp":1563113220,"path_taken":["M","?","?","?","M","R","M","M","T","$","E","M","$","?","R","BOSS","M","M","$","M","?","R","M","R","T","?","?","R","M","M","R","BOSS","M","M","M","M","M","E","M","M","T","R","E","R","?","E","R","BOSS","BOSS"],"build_version":"2019-07-05","purchased_purges":0,"victory":false,"max_hp_per_floor":[71,71,71,71,71,71,71,71,71,71,71,71,71,71,71,71,71,71,71,71,71,71,71,71,71,71,71,71,71,71,71,71,71,76,76,76,76,76,76,76,76,76,76,76,76,76,76,76,76,76,76],"card_choices":[{"not_picked":["Force Field","Heatsinks"],"picked":"Ball Lightning","floor":1.0},{"not_picked":["Chill","Lockon"],"picked":"Leap","floor":3.0},{"not_picked":["Barrage","Undo"],"picked":"Rip and Tear","floor":5.0},{"not_picked":["Cold Snap","Coolheaded"],"picked":"Reinforced Body","floor":7.0},{"not_picked":["Beam Cell","Compile Driver"],"picked":"Rip and Tear","floor":8.0},{"not_picked":["Turbo","Sweeping Beam"],"picked":"Undo","floor":11.0},{"not_picked":["Cold Snap","Scrape"],"picked":"Sunder","floor":12.0},{"not_picked":["Echo Form","Rainbow"],"picked":"Electrodynamics","floor":16.0},{"not_picked":["Storm","Turbo"],"picked":"Defragment","floor":18.0},{"not_picked":["Stack","Rebound"],"picked":"Double Energy+1","floor":19.0},{"not_picked":["Cold Snap+1","Hello World"],"picked":"Static Discharge","floor":21.0},{"not_picked":["Streamline+1","Ball Lightning"],"picked":"Undo","floor":24.0},{"not_picked":["Barrage","Hello World"],"picked":"Glacier","floor":27.0},{"not_picked":["Streamline","Barrage+1","Melter"],"picked":"SKIP","floor":30.0},{"not_picked":["Beam Cell","Aggregate","Steam"],"picked":"SKIP","floor":31.0},{"not_picked":["Machine Learning","Biased Cognition"],"picked":"Buffer","floor":33.0},{"not_picked":["Stack","Sweeping Beam","Fusion"],"picked":"SKIP","floor":35.0},{"not_picked":["Cold Snap+1","Gash","Steam"],"picked":"SKIP","floor":36.0},{"not_picked":["Sweeping Beam+1","Turbo+1","Steam"],"picked":"SKIP","floor":37.0},{"not_picked":["Blizzard","Chill+1","Conserve Battery+1"],"picked":"SKIP","floor":38.0},{"not_picked":["Ball Lightning+1","Beam Cell","Gash"],"picked":"SKIP","floor":39.0},{"not_picked":["Steam","Streamline+1","Rebound"],"picked":"SKIP","floor":40.0},{"not_picked":["Ball Lightning","Coolheaded","Hello World"],"picked":"SKIP","floor":41},{"not_picked":["Sunder","Undo"],"picked":"Reinforced Body","floor":42},{"not_picked":["Turbo+1","Sweeping Beam","Blizzard"],"picked":"SKIP","floor":45},{"not_picked":["Undo","Defragment"],"picked":"Capacitor+1","floor":48}],"player_experience":620923,"relics_obtained":[{"floor":9.0,"key":"Pen Nib"},{"floor":11.0,"key":"Bronze Scales"},{"floor":26.0,"key":"Blood Vial"},{"floor":40.0,"key":"PreservedInsect"},{"floor":43,"key":"Meat on the Bone"},{"floor":45,"key":"Boot"},{"floor":48,"key":"Potion Belt"}],"event_choices":[{"damage_healed":0.0,"max_hp_gain":0.0,"max_hp_loss":0.0,"gold_gain":0.0,"event_name":"Accursed Blacksmith","player_choice":"Forge","floor":2.0,"gold_loss":0.0,"damage_taken":0.0,"cards_upgraded":["Zap"]},{"damage_healed":0.0,"max_hp_gain":0.0,"max_hp_loss":0.0,"gold_gain":0.0,"event_name":"Scrap Ooze","player_choice":"Success","floor":4.0,"gold_loss":0.0,"damage_taken":11.0,"relics_obtained":["Oddly Smooth Stone"]},{"damage_healed":0.0,"max_hp_gain":0.0,"max_hp_loss":0.0,"gold_gain":0.0,"event_name":"Living Wall","player_choice":"Grow","floor":14.0,"gold_loss":0.0,"damage_taken":0.0,"cards_upgraded":["Sunder"]},{"damage_healed":0.0,"max_hp_gain":0.0,"max_hp_loss":0.0,"gold_gain":0.0,"event_name":"WeMeetAgain","player_choice":"Paid Gold","floor":22.0,"gold_loss":75.0,"damage_taken":0.0,"relics_obtained":["The Courier"]},{"damage_healed":0.0,"max_hp_gain":0.0,"max_hp_loss":0.0,"gold_gain":0.0,"event_name":"Back to Basics","player_choice":"Simplicity","floor":28.0,"gold_loss":0.0,"damage_taken":0.0,"cards_upgraded":["Strike_B","Strike_B","Strike_B","Strike_B","Defend_B","Defend_B","Defend_B","Defend_B"]},{"damage_healed":0,"gold_gain":0,"player_choice":"Paid","damage_taken":0,"relics_obtained":["Red Mask"],"max_hp_gain":0,"max_hp_loss":0,"event_name":"Tomb of Lord Red Mask","floor":47,"gold_loss":348}],"is_beta":false,"boss_relics":[{"not_picked":["Cursed Key","Ectoplasm"],"picked":"Snecko Eye"},{"not_picked":["Runic Pyramid","Runic Dome"],"picked":"Tiny House"}],"items_purged_floors":[],"is_endless":false,"potions_floor_spawned":[1,3,7,21,24,27,35,37,38,48],"killed_by":"Donu and Deca","ascension_level":20}