{"gold_per_floor":[110,110,110,125,85,115,134,134,158,208,208,240,240,260,260,361,361,373,49,69,29,44,44,76,76],"floor_reached":25,"playtime":890,"items_purged":[],"score":292,"play_id":"56c7e41e-a1f1-42d7-8413-f50082b7193a","local_time":"20190718151828","is_ascension_mode":true,"campfire_choices":[{"data":"Hello World","floor":8,"key":"SMITH"},{"floor":11,"key":"REST"},{"floor":13,"key":"REST"},{"floor":15,"key":"REST"},{"floor":23,"key":"REST"}],"neow_cost":"NONE","seed_source_timestamp":707805401468567,"circlet_count":0,"master_deck":["Strike_B","Strike_B","Defend_B","Defend_B","Defend_B","Zap","Dualcast","Gash","Compile Driver","Hello World+1","Gash","Gash","Sunder","Leap","Buffer","Leap","Electrodynamics","Melter+1","Sweeping Beam+1","Melter+1","Loop","Seek","Leap","Undo+1","Conserve Battery"],"relics":["Cracked Core","NeowsBlessing","Ancient Tea Set","Blood Vial","Dream Catcher","The Courier","Astrolabe","Medical Kit","Pen Nib"],"potions_floor_usage":[],"damage_taken":[{"damage":0,"enemies":"2 Louse","floor":1,"turns":1},{"damage":0,"enemies":"Jaw Worm","floor":4,"turns":1},{"damage":0,"enemies":"Gremlin Nob","floor":6,"turns":1},{"damage":1,"enemies":"Cultist","floor":7,"turns":3},{"damage":24,"enemies":"Lagavulin","floor":12,"turns":5},{"damage":15,"enemies":"2 Fungi Beasts","floor":14,"turns":3},{"damage":31,"enemies":"Hexaghost","floor":16,"turns":11},{"damage":18,"enemies":"2 Thieves","floor":18,"turns":3},{"damage":0,"enemies":"Spheric Guardian","floor":20,"turns":3},{"damage":22,"enemies":"Centurion and Healer","floor":22,"turns":5},{"damage":49,"enemies":"Gremlin Leader","floor":24,"turns":5},{"damage":23,"enemies":"3 Cultists","floor":25,"turns":4}],"seed_played":"4043300109898558455","potions_obtained":[{"floor":6,"key":"LiquidBronze"},{"floor":14,"key":"Swift Potion"}],"is_trial":false,"path_per_floor":["M","?","?","M","$","E","M","R","T","T","R","E","R","M","R","B",null,"M","$","M","$","M","R","E","M"],"character_chosen":"DEFECT","items_purchased":["Hello World","Seek","Medical Kit","Fire Potion","Leap"],"campfire_rested":4,"item_purchase_floors":[5,19,19,19,21],"current_hp_per_floor":[75,57,62,62,62,62,63,63,63,63,80,56,80,65,80,49,80,62,62,64,64,44,68,21,0],"gold":76,"neow_bonus":"THREE_ENEMY_KILL","is_prod":false,"is_daily":false,"chose_seed":false,"campfire_upgraded":1,"win_rate":0,"timestamp":1563477508,"path_taken":["M","?","?","M","$","E","M","R","T","?","R","E","R","M","R","BOSS","M","$","M","?","M","R","E","M"],"build_version":"2019-07-17","purchased_purges":0,"victory":false,"max_hp_per_floor":[75,75,80,80,80,80,80,80,80,80,80,80,80,80,80,80,80,80,80,80,80,80,80,80,80],"card_choices":[{"not_picked":["Beam Cell","Sunder"],"picked":"Gash","floor":1},{"not_picked":["Chaos","Leap"],"picked":"Compile Driver","floor":4},{"not_picked":["Stack","Capacitor"],"picked":"Gash","floor":6},{"not_picked":["Redo","Stack"],"picked":"Gash","floor":7},{"not_picked":["Rebound","Turbo"],"picked":"Sunder","floor":11},{"not_picked":["Conserve Battery","Stack"],"picked":"Leap","floor":12},{"not_picked":["Hologram","Chill"],"picked":"Buffer","floor":13},{"not_picked":["Rebound","Compile Driver","Rip and Tear"],"picked":"SKIP","floor":14},{"not_picked":["Stack","Storm"],"picked":"Leap","floor":15},{"not_picked":["Hyperbeam","Reboot"],"picked":"Electrodynamics","floor":16},{"not_picked":["Redo+1","Blizzard"],"picked":"Loop","floor":18},{"not_picked":["Steam","Melter","Redo"],"picked":"SKIP","floor":20},{"not_picked":["Heatsinks+1","Barrage"],"picked":"Undo+1","floor":22},{"not_picked":["Static Discharge","Fusion+1"],"picked":"Conserve Battery","floor":24}],"player_experience":208604,"relics_obtained":[{"floor":6,"key":"Blood Vial"},{"floor":10,"key":"Dream Catcher"},{"floor":12,"key":"The Courier"},{"floor":24,"key":"Pen Nib"}],"event_choices":[{"damage_healed":0,"gold_gain":0,"player_choice":"Success","damage_taken":18,"relics_obtained":["Ancient Tea Set"],"max_hp_gain":0,"max_hp_loss":0,"event_name":"Scrap Ooze","floor":2,"gold_loss":0},{"damage_healed":0,"gold_gain":0,"player_choice":"Donut","damage_taken":0,"max_hp_gain":5,"max_hp_loss":0,"event_name":"Big Fish","floor":3,"gold_loss":0}],"is_beta":false,"boss_relics":[{"not_picked":["Runic Dome","Pandora\u0027s Box"],"picked":"Astrolabe"}],"items_purged_floors":[],"is_endless":false,"potions_floor_spawned":[6,14,20],"killed_by":"3 Cultists","ascension_level":3}