{"gold_per_floor":[114,35,35,35,46,46,81,6,74,92,92,122,122,141,141,236,236,255,255,31,45,45,76,76,76],"floor_reached":25,"playtime":1249,"items_purged":["Strike_B"],"score":261,"play_id":"407bf591-1d85-4f6d-a746-5d0ebded30d3","local_time":"20190715211058","is_ascension_mode":true,"campfire_choices":[{"data":"Heatsinks","floor":6.0,"key":"SMITH"},{"data":"Reboot","floor":11.0,"key":"SMITH"},{"floor":13.0,"key":"REST"},{"floor":15.0,"key":"REST"},{"floor":24,"key":"REST"}],"neow_cost":"NONE","seed_source_timestamp":469375157392622,"circlet_count":0,"master_deck":["Strike_B","Strike_B","Strike_B","Defend_B","Defend_B","Defend_B","Defend_B","Zap+1","Dualcast","Capacitor","Heatsinks+1","Chill","Reboot+1","Melter","Leap","Cold Snap","Hyperbeam","Defragment","Beam Cell","Echo Form"],"special_seed":0,"relics":["Cracked Core","Ancient Tea Set","Torii","Lizard Tail","Art of War","Thread and Needle"],"potions_floor_usage":[],"damage_taken":[{"damage":2.0,"enemies":"Jaw Worm","floor":1.0,"turns":4.0},{"damage":1.0,"enemies":"2 Louse","floor":5.0,"turns":4.0},{"damage":16.0,"enemies":"Lagavulin","floor":7.0,"turns":8.0},{"damage":0.0,"enemies":"Cultist","floor":10.0,"turns":3.0},{"damage":26.0,"enemies":"Gremlin Nob","floor":12.0,"turns":5.0},{"damage":2.0,"enemies":"3 Louse","floor":14.0,"turns":3.0},{"damage":55.0,"enemies":"Slime Boss","floor":16.0,"turns":17.0},{"damage":19.0,"enemies":"Chosen","floor":18.0,"turns":6.0},{"damage":17.0,"enemies":"3 Byrds","floor":21.0,"turns":5.0},{"damage":64,"enemies":"Gremlin Leader","floor":23,"turns":10},{"damage":74,"enemies":"Slavers","floor":25,"turns":4}],"seed_played":"-2735511786407749649","potions_obtained":[{"floor":1.0,"key":"Strength Potion"},{"floor":5.0,"key":"SpeedPotion"},{"floor":7.0,"key":"Poison Potion"},{"floor":10.0,"key":"Strength Potion"},{"floor":16.0,"key":"Energy Potion"},{"floor":18.0,"key":"Fire Potion"}],"is_trial":false,"path_per_floor":["M","$","?","?","M","R","E","$","T","M","R","E","R","M","R","B",null,"M","?","$","M","?","E","R","E"],"character_chosen":"DEFECT","items_purchased":["Heatsinks","Defragment","Art of War"],"campfire_rested":3,"item_purchase_floors":[2,20,20],"current_hp_per_floor":[80,80,80,80,79,79,63,63,63,63,63,37,61,59,82,27,82,63,82,82,65,65,1,25,0],"gold":76,"neow_bonus":"TEN_PERCENT_HP_BONUS","is_prod":false,"is_daily":false,"chose_seed":false,"campfire_upgraded":2,"win_rate":0,"timestamp":1563239458,"path_taken":["M","$","?","?","M","R","E","?","T","M","R","E","R","?","R","BOSS","M","?","$","?","?","E","R","E"],"build_version":"2019-07-05","purchased_purges":1,"victory":false,"max_hp_per_floor":[82,82,82,82,82,82,82,82,82,82,82,82,82,82,82,82,82,82,82,82,82,82,82,82,82],"card_choices":[{"not_picked":["Leap","Beam Cell"],"picked":"Capacitor","floor":1.0},{"not_picked":["White Noise","Stack"],"picked":"Chill","floor":5.0},{"not_picked":["Reprogram","Aggregate"],"picked":"Reboot","floor":7.0},{"not_picked":["Sweeping Beam","Chill"],"picked":"Melter","floor":10.0},{"not_picked":["Redo","Recycle"],"picked":"Leap","floor":12.0},{"not_picked":["Consume","Rebound"],"picked":"Cold Snap","floor":14.0},{"not_picked":["Amplify","Thunder Strike"],"picked":"Hyperbeam","floor":16.0},{"not_picked":["Gash","Leap+1"],"picked":"Melter","floor":18.0},{"not_picked":["Reinforced Body","Gash"],"picked":"Beam Cell","floor":21.0},{"not_picked":["Double Energy","Redo"],"picked":"Echo Form","floor":23}],"player_experience":172735,"relics_obtained":[{"floor":7.0,"key":"Ancient Tea Set"},{"floor":12.0,"key":"Torii"},{"floor":23,"key":"Thread and Needle"}],"event_choices":[{"damage_healed":0.0,"max_hp_gain":0.0,"max_hp_loss":0.0,"gold_gain":0.0,"event_name":"Living Wall","player_choice":"Grow","floor":3.0,"gold_loss":0.0,"damage_taken":0.0,"cards_upgraded":["Zap"]},{"damage_healed":0.0,"max_hp_gain":0.0,"max_hp_loss":0.0,"gold_gain":0.0,"event_name":"The Cleric","player_choice":"Leave","floor":4.0,"gold_loss":0.0,"damage_taken":0.0},{"cards_removed":["Melter"],"damage_healed":19.0,"max_hp_gain":0.0,"max_hp_loss":0.0,"gold_gain":0.0,"event_name":"Bonfire Elementals","player_choice":"Offered Uncommon","floor":19.0,"gold_loss":0.0,"damage_taken":0.0},{"damage_healed":0,"gold_gain":0,"player_choice":"Ignored","damage_taken":0,"max_hp_gain":0,"max_hp_loss":0,"event_name":"The Mausoleum","floor":22,"gold_loss":0}],"is_beta":false,"boss_relics":[{"not_picked":["Runic Dome","Pandora\u0027s Box"],"picked":"Lizard Tail"}],"items_purged_floors":[8],"is_endless":false,"potions_floor_spawned":[1,5,7,10,16,18],"killed_by":"Slavers","ascension_level":3}