{"gold_per_floor":[112,132,132,97,116,116,216,249,249,284,299,309,309,325,325,402,402,422,337,16,0,0,0,0,0,25,50,111,123,135],"floor_reached":30,"playtime":1171,"items_purged":[],"score":451,"play_id":"18c3be17-f156-4609-bebb-0dd0768cb1f6","local_time":"20190718182025","is_ascension_mode":true,"campfire_choices":[{"data":"Defragment","floor":6,"key":"SMITH"},{"data":"Defragment","floor":13,"key":"SMITH"},{"floor":15,"key":"REST"},{"data":"Redo","floor":23,"key":"SMITH"},{"data":"Seek","floor":25,"key":"SMITH"},{"data":"Coolheaded","floor":29,"key":"SMITH"}],"neow_cost":"NONE","seed_source_timestamp":7853902950493,"circlet_count":0,"master_deck":["AscendersBane","Defend_B","Defend_B","Defend_B","Defend_B","Zap","Dualcast","Beam Cell","Glacier","Defragment+1","Redo+1","Compile Driver","Defragment+1","Conserve Battery","Sweeping Beam","Leap","Seek+1","Capacitor+1","Ghostly","Ghostly","Ghostly","Ghostly","Ghostly","Bite","Bite","Bite","Bite","Bite","Double Energy","Coolheaded+1"],"relics":["Cracked Core","NeowsBlessing","Symbiotic Virus","Matryoshka","Regal Pillow","Bag of Marbles","Prayer Wheel","Philosopher\u0027s Stone","Singing Bowl","Frozen Egg 2","Bag of Preparation","MawBank","Dream Catcher"],"potions_floor_usage":[11,14],"damage_taken":[{"damage":0,"enemies":"Small Slimes","floor":1,"turns":1},{"damage":0,"enemies":"Cultist","floor":2,"turns":1},{"damage":0,"enemies":"Jaw Worm","floor":5,"turns":1},{"damage":2,"enemies":"Lagavulin","floor":8,"turns":7},{"damage":20,"enemies":"3 Sentries","floor":10,"turns":8},{"damage":1,"enemies":"3 Louse","floor":11,"turns":2},{"damage":2,"enemies":"2 Fungi Beasts","floor":12,"turns":5},{"damage":0,"enemies":"Looter","floor":14,"turns":2},{"damage":33,"enemies":"Slime Boss","floor":16,"turns":7},{"damage":0,"enemies":"Chosen","floor":18,"turns":5},{"damage":15,"enemies":"2 Thieves","floor":21,"turns":4},{"damage":3,"enemies":"Snake Plant","floor":27,"turns":4},{"damage":34,"enemies":"Book of Stabbing","floor":30,"turns":7}],"seed_played":"3458679027165886116","potions_obtained":[{"floor":2,"key":"EssenceOfSteel"},{"floor":5,"key":"Explosive Potion"},{"floor":8,"key":"Poison Potion"},{"floor":12,"key":"Strength Potion"},{"floor":18,"key":"SpeedPotion"}],"is_trial":false,"path_per_floor":["M","M","?","$","M","R","?","E","T","E","M","M","R","M","R","B",null,"M","?","$","M","?","R","?","R","T","M","T","R","E"],"character_chosen":"DEFECT","items_purchased":["Defragment","Frozen Egg 2","Capacitor+1"],"campfire_rested":1,"item_purchase_floors":[4,20,20],"current_hp_per_floor":[64,64,64,64,64,64,64,62,62,42,41,39,39,39,71,38,63,63,63,63,52,37,37,25,25,25,25,25,25,0],"gold":135,"neow_bonus":"THREE_ENEMY_KILL","is_prod":false,"is_daily":false,"chose_seed":false,"campfire_upgraded":5,"win_rate":0,"timestamp":1563438025,"path_taken":["M","M","?","$","?","R","?","E","T","E","M","?","R","M","R","BOSS","M","?","$","M","?","R","?","R","T","M","?","R","E"],"build_version":"2019-07-17","purchased_purges":0,"victory":false,"max_hp_per_floor":[71,71,71,71,71,71,71,71,71,71,71,71,71,71,71,71,71,71,71,71,75,37,37,25,25,25,25,25,25,25],"card_choices":[{"not_picked":["Redo","Chill"],"picked":"Beam Cell","floor":1},{"not_picked":["Hologram","Redo"],"picked":"Glacier","floor":2},{"not_picked":["Force Field","Hologram"],"picked":"Redo","floor":5},{"not_picked":["Double Energy","Beam Cell"],"picked":"Compile Driver","floor":8},{"not_picked":["Gash","Force Field","Stack"],"picked":"SKIP","floor":10},{"not_picked":["Ball Lightning","Turbo"],"picked":"Defragment","floor":11},{"not_picked":["Reinforced Body","Leap"],"picked":"Conserve Battery","floor":11},{"not_picked":["Storm","Double Energy"],"picked":"Sweeping Beam","floor":12},{"not_picked":["Skim","Rip and Tear"],"picked":"Leap","floor":12},{"not_picked":["Barrage","Meteor Strike","Skim"],"picked":"SKIP","floor":14},{"not_picked":["Skim","Barrage","Hologram"],"picked":"SKIP","floor":14},{"not_picked":["Meteor Strike","Machine Learning"],"picked":"Seek","floor":16},{"not_picked":["Sweeping Beam","Double Energy","Leap"],"picked":"SKIP","floor":18},{"not_picked":["Steam","Sweeping Beam","Chill"],"picked":"SKIP","floor":18},{"not_picked":["Gash","Reinforced Body","Barrage"],"picked":"Singing Bowl","floor":21},{"not_picked":["Conserve Battery","White Noise","Storm+1"],"picked":"Singing Bowl","floor":21},{"not_picked":["Sweeping Beam","Heatsinks+1"],"picked":"Double Energy","floor":27},{"not_picked":["Stack","Force Field"],"picked":"Coolheaded","floor":27}],"player_experience":637466,"relics_obtained":[{"floor":8,"key":"Matryoshka"},{"floor":9,"key":"Regal Pillow"},{"floor":9,"key":"Bag of Marbles"},{"floor":10,"key":"Prayer Wheel"},{"floor":26,"key":"Bag of Preparation"},{"floor":26,"key":"MawBank"},{"floor":28,"key":"Dream Catcher"}],"event_choices":[{"damage_healed":0,"gold_gain":0,"player_choice":"Gave Potion","damage_taken":0,"relics_obtained":["Symbiotic Virus"],"max_hp_gain":0,"max_hp_loss":0,"event_name":"WeMeetAgain","floor":3,"gold_loss":0},{"damage_healed":0,"gold_gain":100,"player_choice":"Pray","damage_taken":0,"max_hp_gain":0,"max_hp_loss":0,"event_name":"Golden Shrine","floor":7,"gold_loss":0},{"damage_healed":0,"gold_gain":0,"player_choice":"Obtained Relic","damage_taken":0,"relics_obtained":["Singing Bowl"],"max_hp_gain":0,"max_hp_loss":0,"event_name":"Addict","floor":19,"gold_loss":85},{"damage_healed":0,"gold_gain":0,"player_choice":"Became a Ghost","damage_taken":0,"max_hp_gain":0,"max_hp_loss":38,"event_name":"Ghosts","floor":22,"gold_loss":0,"cards_obtained":["Ghostly","Ghostly","Ghostly","Ghostly","Ghostly"]},{"damage_healed":0,"gold_gain":0,"player_choice":"Became a vampire","damage_taken":0,"max_hp_gain":0,"max_hp_loss":12,"event_name":"Vampires","floor":24,"gold_loss":0,"cards_obtained":["Bite","Bite","Bite","Bite","Bite"]}],"is_beta":false,"boss_relics":[{"not_picked":["Calling Bell","Snecko Eye"],"picked":"Philosopher\u0027s Stone"}],"items_purged_floors":[],"is_endless":false,"potions_floor_spawned":[2,5,8,12,18,27],"killed_by":"Book of Stabbing","ascension_level":14}