{"gold_per_floor":[118,118,118,134,134,134,177,201,201,215,239,274,274,289,289,412,412,437,451,451,451,3,3,39,39,39,52,70,110,110,110],"floor_reached":31,"playtime":1186,"items_purged":["Strike_B"],"score":342,"play_id":"66361582-872b-47f2-ba55-4f2aaa684896","local_time":"20190719033654","is_ascension_mode":true,"campfire_choices":[{"data":"Rip and Tear","floor":6.0,"key":"SMITH"},{"floor":13.0,"key":"REST"},{"floor":15.0,"key":"REST"},{"floor":23,"key":"REST"},{"floor":25,"key":"REST"}],"neow_cost":"NONE","seed_source_timestamp":751647391875992,"circlet_count":0,"master_deck":["Strike_B","Strike_B","Strike_B","Defend_B","Defend_B","Defend_B","Defend_B","Zap","Dualcast","Rip and Tear+1","Ball Lightning","Hello World","Compile Driver","Cold Snap","Melter","Glacier","Compile Driver","Electrodynamics","White Noise","Sweeping Beam","Loop","Sunder","White Noise","Barrage","Rainbow","Go for the Eyes"],"special_seed":0,"relics":["Cracked Core","Regal Pillow","Golden Idol","Bird Faced Urn","Turnip","Black Star","Enchiridion","Sling","Pear","Symbiotic Virus","Letter Opener","Blue Candle","Lantern"],"potions_floor_usage":[16,16,24,29,31],"damage_taken":[{"damage":1.0,"enemies":"2 Louse","floor":1.0,"turns":3.0},{"damage":12.0,"enemies":"Jaw Worm","floor":4.0,"turns":2.0},{"damage":20.0,"enemies":"Lagavulin","floor":7.0,"turns":5.0},{"damage":0.0,"enemies":"Small Slimes","floor":8.0,"turns":2.0},{"damage":9.0,"enemies":"Red Slaver","floor":10.0,"turns":2.0},{"damage":3.0,"enemies":"Blue Slaver","floor":11.0,"turns":2.0},{"damage":7.0,"enemies":"3 Sentries","floor":12.0,"turns":5.0},{"damage":12.0,"enemies":"Exordium Wildlife","floor":14.0,"turns":2.0},{"damage":10,"enemies":"Slime Boss","floor":16,"turns":6},{"damage":14,"enemies":"Chosen","floor":18,"turns":4},{"damage":12,"enemies":"3 Byrds","floor":19,"turns":4},{"damage":71,"enemies":"Slavers","floor":24,"turns":5},{"damage":10,"enemies":"Centurion and Healer","floor":27,"turns":4},{"damage":42,"enemies":"Shelled Parasite and Fungi","floor":28,"turns":4},{"damage":28,"enemies":"Book of Stabbing","floor":29,"turns":5},{"damage":6,"enemies":"Colosseum Slavers","floor":30,"turns":3},{"damage":22,"enemies":"Gremlin Leader","floor":31,"turns":3}],"seed_played":"-9027189535428610054","potions_obtained":[{"floor":1.0,"key":"SteroidPotion"},{"floor":5.0,"key":"Fire Potion"},{"floor":5.0,"key":"PowerPotion"},{"floor":11.0,"key":"PowerPotion"},{"floor":14.0,"key":"Explosive Potion"},{"floor":16,"key":"SkillPotion"},{"floor":19,"key":"Strength Potion"},{"floor":27,"key":"GamblersBrew"},{"floor":28,"key":"Energy Potion"}],"is_trial":false,"path_per_floor":["M","?","?","M","?","R","E","M","T","M","M","E","R","M","R","B",null,"M","M","?","?","$","R","E","R","T","M","M","E","?","E"],"character_chosen":"DEFECT","items_purchased":["Loop","Sling","Sunder","White Noise"],"campfire_rested":4,"item_purchase_floors":[22,22,22,22],"current_hp_per_floor":[74,74,56,44,44,44,24,24,24,17,14,13,50,38,75,65,75,63,57,41,41,41,75,24,64,64,64,32,14,14,0],"gold":110,"neow_bonus":"RANDOM_COMMON_RELIC","is_prod":false,"is_daily":false,"chose_seed":false,"campfire_upgraded":1,"win_rate":0,"timestamp":1563521814,"path_taken":["M","?","?","M","?","R","E","M","T","M","M","E","R","?","R","BOSS","M","M","?","?","$","R","E","R","T","M","M","E","?","E"],"build_version":"2019-07-17","purchased_purges":1,"victory":false,"max_hp_per_floor":[75,75,75,75,75,75,75,75,75,75,75,75,75,75,75,75,75,75,75,75,75,75,75,85,85,85,85,85,85,85,85],"card_choices":[{"not_picked":["Rebound","Leap"],"picked":"Rip and Tear","floor":1.0},{"not_picked":["Melter","Coolheaded"],"picked":"Ball Lightning","floor":4.0},{"not_picked":["Compile Driver","Amplify"],"picked":"Hello World","floor":7.0},{"not_picked":["Fusion","Streamline"],"picked":"Compile Driver","floor":8.0},{"not_picked":["Go for the Eyes","Scrape"],"picked":"Cold Snap","floor":10.0},{"not_picked":["Gash","Redo"],"picked":"Melter","floor":11.0},{"not_picked":["Barrage","Consume"],"picked":"Glacier","floor":12.0},{"not_picked":["Beam Cell","Hologram"],"picked":"Compile Driver","floor":14.0},{"not_picked":["Amplify","Reboot"],"picked":"Electrodynamics","floor":16},{"not_picked":["Leap","Chill+1"],"picked":"White Noise","floor":18},{"not_picked":["Cold Snap","Rebound"],"picked":"Sweeping Beam","floor":19},{"not_picked":["Steam Power","Reprogram+1","Turbo"],"picked":"SKIP","floor":24},{"not_picked":["Gash","Beam Cell+1"],"picked":"Barrage","floor":27},{"not_picked":["Cold Snap","Conserve Battery"],"picked":"Rainbow","floor":28},{"not_picked":["Coolheaded","Genetic Algorithm"],"picked":"Go for the Eyes","floor":29}],"player_experience":217714,"relics_obtained":[{"floor":7.0,"key":"Bird Faced Urn"},{"floor":12.0,"key":"Turnip"},{"floor":20,"key":"Enchiridion"},{"floor":24,"key":"Pear"},{"floor":24,"key":"Symbiotic Virus"},{"floor":26,"key":"Letter Opener"},{"floor":29,"key":"Blue Candle"},{"floor":29,"key":"Lantern"}],"event_choices":[{"damage_healed":0.0,"max_hp_gain":0.0,"max_hp_loss":0.0,"gold_gain":0.0,"event_name":"The Cleric","player_choice":"Leave","floor":2.0,"gold_loss":0.0,"damage_taken":0.0},{"damage_healed":0.0,"max_hp_gain":0.0,"max_hp_loss":0.0,"gold_gain":0.0,"event_name":"Golden Idol","player_choice":"Take Damage","floor":3.0,"gold_loss":0.0,"damage_taken":18.0,"relics_obtained":["Golden Idol"]},{"damage_healed":0.0,"max_hp_gain":0.0,"max_hp_loss":0.0,"gold_gain":0.0,"event_name":"Lab","player_choice":"Got Potions","floor":5.0,"gold_loss":0.0,"damage_taken":0.0},{"damage_healed":0,"gold_gain":0,"player_choice":"Obtained Book","damage_taken":16,"max_hp_gain":0,"max_hp_loss":0,"event_name":"Cursed Tome","floor":20,"gold_loss":0},{"damage_healed":0,"gold_gain":0,"player_choice":"Ignored","damage_taken":0,"max_hp_gain":0,"max_hp_loss":0,"event_name":"The Mausoleum","floor":21,"gold_loss":0},{"damage_healed":0,"gold_gain":0,"player_choice":"Fight","damage_taken":0,"max_hp_gain":0,"max_hp_loss":0,"event_name":"Colosseum","floor":30,"gold_loss":0},{"damage_healed":0,"gold_gain":0,"player_choice":"Fled From Nobs","damage_taken":0,"max_hp_gain":0,"max_hp_loss":0,"event_name":"Colosseum","floor":30,"gold_loss":0}],"is_beta":false,"boss_relics":[{"not_picked":["Astrolabe","Eternal Feather"],"picked":"Black Star"}],"items_purged_floors":[22],"is_endless":false,"potions_floor_spawned":[1,11,14,16,19,27,28],"killed_by":"Gremlin Leader","ascension_level":4}