{"gold_per_floor":[110,110,126,126,63,63,83,99,174,174,174,174,189,212,212,308,308,325,240,240,256,83,111,111,127,150,150,150,170,190,190],"floor_reached":31,"playtime":1810,"items_purged":[],"score":245,"play_id":"b1f47d40-815b-47db-b789-794872bc3450","local_time":"20190711031145","is_ascension_mode":false,"campfire_choices":[{"floor":6,"key":"REST"},{"data":"Caltrops","floor":10,"key":"SMITH"},{"data":"Noxious Fumes","floor":12,"key":"SMITH"},{"floor":15,"key":"REST"},{"floor":24,"key":"REST"},{"floor":28,"key":"REST"}],"neow_cost":"NONE","seed_source_timestamp":58472148639931,"circlet_count":0,"master_deck":["Strike_G","Strike_G","Strike_G","Strike_G","Defend_G","Defend_G","Defend_G","Defend_G","Defend_G","Survivor","Neutralize","Trip","Caltrops+1","Backflip","Leg Sweep","Terror","Noxious Fumes+1","Bane","Envenom","Poisoned Stab+1","Cloak And Dagger","Poisoned Stab","Noxious Fumes","Bane","Corpse Explosion","Deadly Poison","Deflect","Endless Agony"],"relics":["Ring of the Snake","MawBank","Ninja Scroll","Vajra","Black Star","Bag of Preparation","Calipers","Lantern","Strawberry"],"potions_floor_usage":[16,21,23,25],"damage_taken":[{"damage":0,"enemies":"Jaw Worm","floor":1,"turns":4},{"damage":1,"enemies":"Small Slimes","floor":3,"turns":4},{"damage":0,"enemies":"2 Louse","floor":7,"turns":4},{"damage":11,"enemies":"Exordium Wildlife","floor":8,"turns":8},{"damage":0,"enemies":"Blue Slaver","floor":13,"turns":1},{"damage":18,"enemies":"Hexaghost","floor":16,"turns":11},{"damage":0,"enemies":"Chosen","floor":18,"turns":4},{"damage":13,"enemies":"3 Byrds","floor":21,"turns":4},{"damage":59,"enemies":"Slavers","floor":23,"turns":5},{"damage":15,"enemies":"Shelled Parasite and Fungi","floor":25,"turns":4},{"damage":14,"enemies":"Chosen and Byrds","floor":29,"turns":5},{"damage":16,"enemies":"Snake Plant","floor":30,"turns":4},{"damage":12,"enemies":"3 Cultists","floor":31,"turns":2}],"seed_played":"-6384155726792355595","potions_obtained":[{"floor":3,"key":"Dexterity Potion"},{"floor":8,"key":"AttackPotion"},{"floor":18,"key":"EssenceOfSteel"},{"floor":23,"key":"SkillPotion"},{"floor":29,"key":"Ancient Potion"},{"floor":30,"key":"LiquidBronze"}],"is_trial":false,"path_per_floor":["M","?","M","?","$","R","M","M","T","R","?","R","M","T","R","B",null,"M","?","?","M","$","E","R","M","T","?","R","M","M","M"],"character_chosen":"THE_SILENT","items_purchased":["Leg Sweep","Poisoned Stab","Noxious Fumes","Bane"],"campfire_rested":4,"item_purchase_floors":[5,22,22,22],"current_hp_per_floor":[70,70,69,57,57,70,70,59,59,59,64,64,64,64,75,57,75,75,75,75,62,62,3,25,10,17,17,41,27,11,0],"gold":190,"neow_bonus":"RANDOM_COLORLESS","is_prod":false,"is_daily":false,"chose_seed":false,"campfire_upgraded":2,"win_rate":0.0,"timestamp":1562829105,"path_taken":["M","?","M","?","$","R","M","M","T","R","?","R","M","?","R","BOSS","M","?","?","M","$","E","R","M","T","?","R","M","?","M"],"build_version":"2019-07-05","purchased_purges":0,"victory":false,"max_hp_per_floor":[70,70,70,70,70,70,70,70,70,70,75,75,75,75,75,75,75,75,75,75,75,75,75,75,75,82,82,82,82,82,82],"card_choices":[{"not_picked":["Poisoned Stab","Cloak And Dagger"],"picked":"Caltrops","floor":1},{"not_picked":["PiercingWail","Escape Plan"],"picked":"Backflip","floor":3},{"not_picked":["Underhanded Strike","Deflect"],"picked":"Terror","floor":7},{"not_picked":["Flying Knee","Blade Dance"],"picked":"Noxious Fumes","floor":8},{"not_picked":["Slice","Acrobatics"],"picked":"Bane","floor":13},{"not_picked":["Adrenaline","Wraith Form v2"],"picked":"Envenom","floor":16},{"not_picked":["Dagger Throw","Dash"],"picked":"Poisoned Stab+1","floor":18},{"not_picked":["Tactician","Reflex"],"picked":"Cloak And Dagger","floor":21},{"not_picked":["Terror","Expertise+1"],"picked":"Corpse Explosion","floor":23},{"not_picked":["Leg Sweep","Deflect"],"picked":"Deadly Poison","floor":25},{"not_picked":["Accuracy+1","Prepared"],"picked":"Deflect","floor":29},{"not_picked":["Quick Slash","Prepared"],"picked":"Endless Agony","floor":30}],"player_experience":65016,"relics_obtained":[{"floor":9,"key":"Ninja Scroll"},{"floor":14,"key":"Vajra"},{"floor":23,"key":"Calipers"},{"floor":23,"key":"Lantern"},{"floor":26,"key":"Strawberry"}],"event_choices":[{"damage_healed":0,"gold_gain":0,"player_choice":"Leave","damage_taken":0,"max_hp_gain":0,"max_hp_loss":0,"event_name":"The Cleric","floor":2,"gold_loss":0},{"damage_healed":0,"gold_gain":0,"player_choice":"Success","damage_taken":12,"relics_obtained":["MawBank"],"max_hp_gain":0,"max_hp_loss":0,"event_name":"Scrap Ooze","floor":4,"gold_loss":0},{"damage_healed":0,"gold_gain":0,"player_choice":"Donut","damage_taken":0,"max_hp_gain":5,"max_hp_loss":0,"event_name":"Big Fish","floor":11,"gold_loss":0},{"damage_healed":0,"gold_gain":0,"player_choice":"Obtained Relic","damage_taken":0,"relics_obtained":["Bag of Preparation"],"max_hp_gain":0,"max_hp_loss":0,"event_name":"Addict","floor":19,"gold_loss":85},{"damage_healed":0,"gold_gain":0,"player_choice":"Ignored","damage_taken":0,"max_hp_gain":0,"max_hp_loss":0,"event_name":"Ghosts","floor":20,"gold_loss":0},{"cards_removed":["Strike_G"],"damage_healed":0,"gold_gain":0,"player_choice":"Purged","damage_taken":0,"max_hp_gain":0,"max_hp_loss":0,"event_name":"Purifier","floor":27,"gold_loss":0}],"is_beta":false,"boss_relics":[{"not_picked":["Runic Dome","Philosopher\u0027s Stone"],"picked":"Black Star"}],"items_purged_floors":[],"is_endless":false,"potions_floor_spawned":[3,8,18,23,29,30],"killed_by":"3 Cultists","ascension_level":0}