{"gold_per_floor":[112,127,58,58,133,133,158,158,158,202,202,13,13,57,57,186,186,209,209,226,226,46,73,73,106,159,159,175,221,238,338,338,438,438,457,457,38,84,111,111,121,121,121,136,153,170,183,16,16,16],"floor_reached":51,"playtime":2702,"items_purged":["Evolve+1"],"score":762,"play_id":"4b07106d-2a38-44bb-a515-34cafbee7563","local_time":"20190702160459","is_ascension_mode":true,"campfire_choices":[{"data":"Uppercut","floor":6,"key":"SMITH"},{"data":"Whirlwind","floor":11,"key":"SMITH"},{"data":"Cleave","floor":13,"key":"SMITH"},{"floor":15,"key":"REST"},{"floor":24,"key":"REST"},{"data":"Pommel Strike","floor":32,"key":"SMITH"},{"data":"True Grit","floor":40,"key":"SMITH"},{"floor":49,"key":"REST"}],"neow_cost":"NONE","seed_source_timestamp":346868134627593,"circlet_count":0,"master_deck":["Reaper","Shrug It Off","Cleave+1","Uppercut+1","Battle Trance","Whirlwind+1","Mayhem+1","Pommel Strike+1","Berserk+1","Pummel","Reckless Charge","Reaper","Sword Boomerang","Reaper","Inflame+1","Magnetism+1","Shrug It Off","Bludgeon+1","Headbutt+1","Fiend Fire+1","Iron Wave","Inflame+1","Uppercut","True Grit+1","Blood for Blood","Shockwave+1","Offering","Blood for Blood+1","Finesse","Rage"],"relics":["Burning Blood","Bloody Idol","Frozen Egg 2","Smiling Mask","Peace Pipe","Pandora\u0027s Box","Strawberry","Bag of Preparation","Red Skull","Centennial Puzzle","Charon\u0027s Ashes","Gremlin Horn","Astrolabe","Singing Bowl","Turnip","Blood Vial","Omamori"],"potions_floor_usage":[14,23,25,31,45,46,50],"damage_taken":[{"damage":1,"enemies":"Cultist","floor":1,"turns":4},{"damage":7,"enemies":"Jaw Worm","floor":2,"turns":5},{"damage":0,"enemies":"Small Slimes","floor":7,"turns":3},{"damage":37,"enemies":"Lagavulin","floor":10,"turns":6},{"damage":12,"enemies":"3 Sentries","floor":14,"turns":4},{"damage":20,"enemies":"Slime Boss","floor":16,"turns":7},{"damage":29,"enemies":"Shell Parasite","floor":18,"turns":4},{"damage":0,"enemies":"3 Byrds","floor":20,"turns":3},{"damage":57,"enemies":"Book of Stabbing","floor":23,"turns":5},{"damage":36,"enemies":"Slavers","floor":25,"turns":3},{"damage":38,"enemies":"Shelled Parasite and Fungi","floor":28,"turns":4},{"damage":12,"enemies":"Centurion and Healer","floor":30,"turns":4},{"damage":40,"enemies":"Colosseum Slavers","floor":31,"turns":3},{"damage":38,"enemies":"Colosseum Nobs","floor":31,"turns":4},{"damage":37,"enemies":"Champ","floor":33,"turns":9},{"damage":12,"enemies":"3 Shapes","floor":35,"turns":2},{"damage":84,"enemies":"2 Orb Walkers","floor":38,"turns":5},{"damage":12,"enemies":"Orb Walker","floor":41,"turns":2},{"damage":61,"enemies":"4 Shapes","floor":44,"turns":3},{"damage":16,"enemies":"Maw","floor":45,"turns":5},{"damage":54,"enemies":"Transient","floor":46,"turns":5},{"damage":48,"enemies":"Writhing Mass","floor":47,"turns":4},{"damage":77,"enemies":"Awakened One","floor":50,"turns":6}],"seed_played":"-540799704344351755","potions_obtained":[{"floor":2,"key":"GamblersBrew"},{"floor":10,"key":"AttackPotion"},{"floor":16,"key":"Explosive Potion"},{"floor":20,"key":"Dexterity Potion"},{"floor":23,"key":"Ancient Potion"},{"floor":31,"key":"Poison Potion"},{"floor":38,"key":"Swift Potion"},{"floor":41,"key":"Regen Potion"},{"floor":46,"key":"Explosive Potion"}],"is_trial":false,"path_per_floor":["M","M","$","?","?","R","M","$","T","E","R","$","R","E","R","B",null,"M","?","M","?","$","E","R","E","T","?","M","T","M","?","R","B",null,"M","?","$","?","T","R","M","?","T","M","M","M","M","$","R","B",null],"character_chosen":"IRONCLAD","items_purchased":["Uppercut","Mayhem+1","Magnetism+1","Singing Bowl","Inflame+1","Uppercut","True Grit","Finesse","Rage"],"campfire_rested":3,"item_purchase_floors":[3,12,22,37,37,37,37,48,48],"current_hp_per_floor":[80,80,80,60,49,49,59,59,59,34,34,34,34,38,62,48,80,57,57,70,70,70,31,57,32,37,37,47,52,69,62,62,68,87,86,86,86,42,47,47,50,50,50,60,62,53,32,32,59,65],"gold":16,"neow_bonus":"ONE_RANDOM_RARE_CARD","is_prod":false,"is_daily":false,"chose_seed":false,"campfire_upgraded":5,"win_rate":0,"timestamp":1562047499,"path_taken":["M","M","$","?","?","R","M","$","T","E","R","$","R","E","R","BOSS","M","?","M","?","$","E","R","E","T","?","?","?","M","?","R","BOSS","M","?","$","?","?","R","M","?","T","M","M","M","?","$","R","BOSS"],"build_version":"2019-07-01","purchased_purges":1,"victory":true,"max_hp_per_floor":[80,80,80,80,80,80,80,80,80,80,80,80,80,80,80,80,80,80,80,80,80,80,87,87,87,87,87,87,87,87,87,87,87,87,87,87,87,89,89,89,91,91,91,91,91,91,93,93,93,93],"card_choices":[{"not_picked":["Iron Wave","Flex"],"picked":"Shrug It Off","floor":1},{"not_picked":["Perfected Strike","Clash"],"picked":"Cleave","floor":2},{"not_picked":["Fire Breathing","Armaments"],"picked":"Battle Trance","floor":7},{"not_picked":["Perfected Strike","Intimidate"],"picked":"Whirlwind","floor":10},{"not_picked":["Twin Strike","Flex"],"picked":"Pommel Strike","floor":14},{"not_picked":["Barricade+1","Bludgeon"],"picked":"Berserk+1","floor":16},{"not_picked":["Thunderclap","Twin Strike","Intimidate"],"picked":"SKIP","floor":18},{"not_picked":["Flex","Havoc"],"picked":"Inflame+1","floor":20},{"not_picked":["Flex","Armaments+1"],"picked":"Shrug It Off","floor":23},{"not_picked":["Anger","Clash","Pummel"],"picked":"SKIP","floor":25},{"not_picked":["Heavy Blade","Warcry","Body Slam"],"picked":"SKIP","floor":28},{"not_picked":["Searing Blow","Anger","Clothesline"],"picked":"SKIP","floor":30},{"not_picked":["Exhume","Barricade+1"],"picked":"Bludgeon","floor":33},{"not_picked":["Thunderclap","Entrench+1"],"picked":"Iron Wave","floor":35},{"not_picked":["Cleave","Anger+1","Spot Weakness"],"picked":"Singing Bowl","floor":38},{"not_picked":["Warcry","Cleave+1","Clash+1"],"picked":"Singing Bowl","floor":41},{"not_picked":["Havoc+1","Flex"],"picked":"Shockwave+1","floor":44},{"not_picked":["Shrug It Off","Seeing Red+1"],"picked":"Offering","floor":45},{"not_picked":["Heavy Blade","Whirlwind+1"],"picked":"Blood for Blood+1","floor":46},{"not_picked":["Headbutt","Searing Blow+1","Spot Weakness"],"picked":"Singing Bowl","floor":47}],"player_experience":596753,"relics_obtained":[{"floor":9,"key":"Frozen Egg 2"},{"floor":10,"key":"Smiling Mask"},{"floor":14,"key":"Peace Pipe"},{"floor":23,"key":"Strawberry"},{"floor":25,"key":"Bag of Preparation"},{"floor":26,"key":"Red Skull"},{"floor":29,"key":"Centennial Puzzle"},{"floor":31,"key":"Charon\u0027s Ashes"},{"floor":31,"key":"Gremlin Horn"},{"floor":38,"key":"Turnip"},{"floor":39,"key":"Blood Vial"},{"floor":43,"key":"Omamori"}],"event_choices":[{"damage_healed":0,"gold_gain":0,"player_choice":"Take Damage","damage_taken":20,"relics_obtained":["Golden Idol"],"max_hp_gain":0,"max_hp_loss":0,"event_name":"Golden Idol","floor":4,"gold_loss":0},{"damage_healed":0,"gold_gain":75,"player_choice":"Gather Gold","damage_taken":11,"max_hp_gain":0,"max_hp_loss":0,"event_name":"World of Goop","floor":5,"gold_loss":0},{"damage_healed":0,"gold_gain":0,"player_choice":"Gave Idol","damage_taken":0,"relics_obtained":["Bloody Idol"],"max_hp_gain":0,"max_hp_loss":0,"event_name":"Forgotten Altar","floor":19,"relics_lost":["Golden Idol"],"gold_loss":0},{"damage_healed":0,"gold_gain":0,"player_choice":"Ignored","damage_taken":0,"max_hp_gain":0,"max_hp_loss":0,"event_name":"Vampires","floor":21,"gold_loss":0},{"damage_healed":0,"gold_gain":0,"player_choice":"Ignored","damage_taken":0,"max_hp_gain":0,"max_hp_loss":0,"event_name":"The Mausoleum","floor":27,"gold_loss":0},{"damage_healed":0,"gold_gain":0,"player_choice":"Fight","damage_taken":0,"max_hp_gain":0,"max_hp_loss":0,"event_name":"Colosseum","floor":31,"gold_loss":0},{"damage_healed":0,"gold_gain":0,"player_choice":"Fought Nobs","damage_taken":0,"max_hp_gain":0,"max_hp_loss":0,"event_name":"Colosseum","floor":31,"gold_loss":0},{"cards_removed":["Bludgeon"],"damage_healed":0,"gold_gain":0,"player_choice":"Removed Attack","damage_taken":0,"max_hp_gain":0,"max_hp_loss":0,"event_name":"Falling","floor":36,"gold_loss":0},{"damage_healed":0,"gold_gain":0,"player_choice":"Fight","damage_taken":0,"max_hp_gain":0,"max_hp_loss":0,"event_name":"Mysterious Sphere","floor":38,"gold_loss":0},{"damage_healed":0,"gold_gain":0,"cards_transformed":["Spot Weakness"],"player_choice":"Transformed","damage_taken":0,"max_hp_gain":0,"max_hp_loss":0,"event_name":"Transmorgrifier","floor":42,"gold_loss":0,"cards_obtained":["Blood for Blood"]}],"is_beta":false,"boss_relics":[{"not_picked":["Mark of Pain","Eternal Feather"],"picked":"Pandora\u0027s Box"},{"not_picked":["Lizard Tail","Calling Bell"],"picked":"Astrolabe"}],"items_purged_floors":[48],"is_endless":false,"potions_floor_spawned":[2,10,16,20,23,31,38,41,46],"ascension_level":3}