{"gold_per_floor":[118,132,142,142,158,158,183,202,255,255,274,289,300,328,328,424,424,437,437,447,460,460,491,516,562,649,761,773,800,824,856,868,978,990,1019,1031,1094,1116,18,43,43,69,69,101,101,116,128,144,144,144,144,144,22,54,54],"floor_reached":56,"playtime":3789,"items_purged":[],"score":1496,"play_id":"9efaa3ff-0f78-41ed-b61b-24eabe8c05a6","local_time":"20190720210342","is_ascension_mode":true,"campfire_choices":[{"data":"Dagger Spray","floor":6.0,"key":"SMITH"},{"data":"Crippling Poison","floor":10.0,"key":"SMITH"},{"data":"Terror","floor":15.0,"key":"SMITH"},{"data":"1","floor":32.0,"key":"LIFT"},{"data":"2","floor":41.0,"key":"LIFT"},{"floor":49.0,"key":"RECALL"},{"data":"3","floor":52.0,"key":"LIFT"}],"neow_cost":"NONE","seed_source_timestamp":324171300685100,"circlet_count":0,"master_deck":["Strike_G+1","Strike_G+1","Strike_G+1","Strike_G+1","Strike_G+1","Defend_G+1","Defend_G+1","Defend_G+1","Defend_G+1","Defend_G+1","Survivor+1","Neutralize+1","Dagger Throw+1","Crippling Poison+1","Backflip+1","Flying Knee+1","Tactician+1","Dagger Spray+1","Flying Knee+1","Dagger Spray+1","Tools of the Trade+1","Noxious Fumes+1","PiercingWail+1","Terror+1","Leg Sweep+1","Backflip+1","Malaise+1","Acrobatics+1","Backflip+1","Dodge and Roll+1","After Image+1","Acrobatics+1","Footwork+1","Footwork+1","Tools of the Trade+1","Blur+1","Reflex+1","Adrenaline+1","Reflex+1","Cloak And Dagger+1","Caltrops+1","PiercingWail+1","Cloak And Dagger+1","Storm of Steel+1","PiercingWail+1","Acrobatics+1","Escape Plan+1","Dodge and Roll+1","Acrobatics+1","Deflect+1","Blade Dance+1","Deflect+1","Deadly Poison+1","Deadly Poison+1","Backflip+1","Cloak And Dagger+1","Backflip+1","Expertise+1","Blade Dance+1","Calculated Gamble+1","Prepared+1","Terror+1","Outmaneuver+1","Distraction+1","PiercingWail+1","Tactician+1","Malaise+1","Accuracy","Impatience+1","Discovery+1","Thinking Ahead+1","Accuracy+1","Setup+1","Deflect+1","Deflect+1","Escape Plan+1","Prepared+1","Outmaneuver+1"],"special_seed":0,"relics":["Torii","Smiling Mask","Toxic Egg 2","Fusion Hammer","Nloth\u0027s Gift","MawBank","Girya","The Courier","Gambling Chip","Meat on the Bone","Eternal Feather","Mark of the Bloom","FossilizedHelix","Thread and Needle","Darkstone Periapt","Dodecahedron","Blood Vial"],"potions_floor_usage":[55,55,55],"damage_taken":[{"damage":0.0,"enemies":"2 Louse","floor":1.0,"turns":2.0},{"damage":1.0,"enemies":"Small Slimes","floor":2.0,"turns":3.0},{"damage":1.0,"enemies":"Cultist","floor":3.0,"turns":3.0},{"damage":6.0,"enemies":"Blue Slaver","floor":5.0,"turns":3.0},{"damage":4.0,"enemies":"3 Sentries","floor":7.0,"turns":6.0},{"damage":0.0,"enemies":"Large Slime","floor":8.0,"turns":5.0},{"damage":0.0,"enemies":"Gremlin Gang","floor":11.0,"turns":2.0},{"damage":2.0,"enemies":"Exordium Thugs","floor":12.0,"turns":4.0},{"damage":1.0,"enemies":"3 Louse","floor":13.0,"turns":3.0},{"damage":1.0,"enemies":"Lagavulin","floor":14.0,"turns":6.0},{"damage":5.0,"enemies":"The Guardian","floor":16.0,"turns":10.0},{"damage":0.0,"enemies":"3 Byrds","floor":18.0,"turns":5.0},{"damage":2.0,"enemies":"Shell Parasite","floor":20.0,"turns":5.0},{"damage":13.0,"enemies":"Sentry and Sphere","floor":21.0,"turns":7.0},{"damage":16.0,"enemies":"Book of Stabbing","floor":23.0,"turns":8.0},{"damage":1.0,"enemies":"Snake Plant","floor":24.0,"turns":7.0},{"damage":11.0,"enemies":"Slavers","floor":25.0,"turns":4.0},{"damage":2.0,"enemies":"Colosseum Slavers","floor":27.0,"turns":5.0},{"damage":10.0,"enemies":"Colosseum Nobs","floor":27.0,"turns":5.0},{"damage":8.0,"enemies":"Shelled Parasite and Fungi","floor":29.0,"turns":6.0},{"damage":14.0,"enemies":"Sentry and Sphere","floor":30.0,"turns":7.0},{"damage":0.0,"enemies":"Chosen and Byrds","floor":31.0,"turns":8.0},{"damage":26.0,"enemies":"Collector","floor":33.0,"turns":12.0},{"damage":7.0,"enemies":"3 Darklings","floor":35.0,"turns":5.0},{"damage":13.0,"enemies":"2 Orb Walkers","floor":37.0,"turns":6.0},{"damage":0.0,"enemies":"3 Shapes","floor":38.0,"turns":5.0},{"damage":0.0,"enemies":"Reptomancer","floor":40.0,"turns":8.0},{"damage":9.0,"enemies":"Nemesis","floor":42.0,"turns":7.0},{"damage":0.0,"enemies":"Giant Head","floor":44.0,"turns":7.0},{"damage":0.0,"enemies":"Maw","floor":46.0,"turns":5.0},{"damage":0.0,"enemies":"3 Darklings","floor":47.0,"turns":6.0},{"damage":0.0,"enemies":"Spire Growth","floor":48.0,"turns":4.0},{"damage":9.0,"enemies":"Time Eater","floor":50.0,"turns":15.0},{"damage":2,"enemies":"Shield and Spear","floor":54,"turns":8},{"damage":24,"enemies":"The Heart","floor":55,"turns":12}],"seed_played":"5945142078708818449","potions_obtained":[{"floor":2.0,"key":"GamblersBrew"},{"floor":7.0,"key":"Swift Potion"},{"floor":8.0,"key":"SteroidPotion"},{"floor":13.0,"key":"Regen Potion"},{"floor":14.0,"key":"GamblersBrew"},{"floor":16.0,"key":"SteroidPotion"},{"floor":21.0,"key":"Regen Potion"},{"floor":24.0,"key":"PowerPotion"},{"floor":27.0,"key":"Regen Potion"},{"floor":33.0,"key":"Energy Potion"},{"floor":38.0,"key":"Dexterity Potion"},{"floor":44.0,"key":"Energy Potion"},{"floor":47.0,"key":"Dexterity Potion"},{"floor":54,"key":"GhostInAJar"}],"is_trial":false,"path_per_floor":["M","M","M","?","M","R","E","M","T","R","M","M","M","E","R","B",null,"M","?","M","M","?","E","M","E","T","?","?","M","M","M","R","B",null,"M","?","?","M","$","E","R","E","T","E","?","M","M","M","R","B",null,"R","$","E","B",null],"character_chosen":"THE_SILENT","items_purchased":["PiercingWail+1","Cloak And Dagger+1","Storm of Steel+1","PiercingWail+1","Acrobatics+1","Escape Plan+1","Dodge and Roll+1","Acrobatics+1","Deflect+1","Blade Dance+1","Deflect+1","Deadly Poison+1","Deadly Poison+1","Backflip+1","Cloak And Dagger+1","Backflip+1","Expertise+1","Blade Dance+1","Calculated Gamble+1","Prepared+1","Terror+1","Outmaneuver+1","Distraction+1","PiercingWail+1","Deflect+1","Escape Plan+1","Prepared+1"],"campfire_rested":0,"item_purchase_floors":[39,39,39,39,39,39,39,39,39,39,39,39,39,39,39,39,39,39,39,39,39,39,39,39,53,53,53],"current_hp_per_floor":[70,69,68,73,67,67,63,63,63,63,63,61,60,74,74,69,75,75,61,59,46,46,45,44,33,33,21,80,72,58,58,58,47,80,73,73,60,60,60,60,60,51,51,51,41,41,41,41,41,32,32,32,32,30,6],"gold":54,"neow_bonus":"BOSS_RELIC","is_prod":false,"is_daily":false,"chose_seed":false,"campfire_upgraded":3,"win_rate":0,"timestamp":1563624222,"path_taken":["M","M","M","?","M","R","E","M","T","R","M","M","M","E","R","BOSS","M","?","M","M","?","E","?","E","T","?","?","?","M","M","R","BOSS","M","?","?","M","$","E","R","E","T","E","?","M","M","M","R","BOSS","R","$","E","BOSS"],"build_version":"2019-07-17","purchased_purges":0,"victory":true,"max_hp_per_floor":[70,70,70,75,75,75,75,75,75,75,75,75,75,75,75,75,75,75,80,80,80,80,80,80,80,80,80,80,80,80,80,80,80,80,80,80,80,80,80,80,80,80,80,80,80,80,80,80,80,80,80,80,80,80,80],"card_choices":[{"not_picked":["Underhanded Strike","Quick Slash"],"picked":"Dagger Throw","floor":0.0},{"not_picked":["Cloak And Dagger","Dodge and Roll"],"picked":"Crippling Poison","floor":0.0},{"not_picked":["Endless Agony","Slice"],"picked":"Backflip","floor":0.0},{"not_picked":["Prepared","Deadly Poison"],"picked":"Flying Knee","floor":0.0},{"not_picked":["Choke","Flechettes"],"picked":"Endless Agony","floor":0.0},{"not_picked":["Deflect","Choke"],"picked":"Tactician","floor":1.0},{"not_picked":["Dagger Throw","Quick Slash"],"picked":"Dagger Spray","floor":2.0},{"not_picked":["Predator","Doppelganger"],"picked":"Flying Knee","floor":3.0},{"not_picked":["Flechettes","Sucker Punch"],"picked":"Dagger Spray","floor":5.0},{"not_picked":["Catalyst","Poisoned Stab"],"picked":"Tools of the Trade","floor":7.0},{"not_picked":["PiercingWail","Poisoned Stab"],"picked":"Noxious Fumes","floor":8.0},{"not_picked":["Slice","Poisoned Stab"],"picked":"PiercingWail","floor":11.0},{"not_picked":["Backflip","Dodge and Roll"],"picked":"Terror","floor":12.0},{"not_picked":["Dodge and Roll","Underhanded Strike"],"picked":"Leg Sweep","floor":13.0},{"not_picked":["Dagger Spray","Underhanded Strike"],"picked":"Backflip","floor":14.0},{"not_picked":["Burst+1","Die Die Die"],"picked":"Malaise+1","floor":16.0},{"not_picked":["Sucker Punch","Deflect+1"],"picked":"Acrobatics+1","floor":18.0},{"not_picked":["Dagger Spray","Riddle With Holes"],"picked":"Backflip+1","floor":20.0},{"not_picked":["Dagger Throw","Quick Slash"],"picked":"Dodge and Roll+1","floor":21.0},{"not_picked":["Noxious Fumes","All Out Attack+1"],"picked":"After Image","floor":23.0},{"not_picked":["Dodge and Roll+1","Dagger Throw"],"picked":"Acrobatics+1","floor":24.0},{"not_picked":["Grand Finale","Deadly Poison+1"],"picked":"Footwork","floor":25.0},{"not_picked":["All Out Attack","Terror+1"],"picked":"Footwork","floor":27.0},{"not_picked":["Poisoned Stab","Sucker Punch+1"],"picked":"Tools of the Trade","floor":29.0},{"not_picked":["Distraction+1","Underhanded Strike"],"picked":"Blur+1","floor":30.0},{"not_picked":["Escape Plan+1","PiercingWail+1"],"picked":"Reflex+1","floor":31.0},{"not_picked":["Die Die Die","Grand Finale"],"picked":"Adrenaline+1","floor":33.0},{"not_picked":["Noxious Fumes","Skewer"],"picked":"Reflex+1","floor":35.0},{"not_picked":["Dash+1","Dodge and Roll+1"],"picked":"Cloak And Dagger+1","floor":37.0},{"not_picked":["Acrobatics+1","Infinite Blades"],"picked":"Caltrops+1","floor":38.0},{"not_picked":["Grand Finale","Acrobatics+1"],"picked":"Tactician+1","floor":40.0},{"not_picked":["Flying Knee","Dodge and Roll+1"],"picked":"Malaise+1","floor":42.0},{"not_picked":["Deflect+1","Bane+1"],"picked":"Accuracy","floor":44.0},{"not_picked":["The Bomb+1","Purity+1"],"picked":"Impatience+1","floor":45.0},{"not_picked":["Blind+1","Forethought+1"],"picked":"Discovery+1","floor":45.0},{"not_picked":["PanicButton+1","Swift Strike"],"picked":"Thinking Ahead+1","floor":45.0},{"not_picked":["Deflect+1","Expertise+1"],"picked":"Accuracy+1","floor":46.0},{"not_picked":["Backflip+1","Storm of Steel+1"],"picked":"Setup+1","floor":47.0},{"not_picked":["Infinite Blades+1","Poisoned Stab+1"],"picked":"Deflect+1","floor":48.0},{"not_picked":["Bane","Underhanded Strike"],"picked":"Outmaneuver+1","floor":54}],"player_experience":1024097,"relics_obtained":[{"floor":7.0,"key":"Torii"},{"floor":9.0,"key":"Smiling Mask"},{"floor":14.0,"key":"Toxic Egg 2"},{"floor":23.0,"key":"MawBank"},{"floor":25.0,"key":"Girya"},{"floor":26.0,"key":"The Courier"},{"floor":27.0,"key":"Gambling Chip"},{"floor":27.0,"key":"Meat on the Bone"},{"floor":37.0,"key":"FossilizedHelix"},{"floor":40.0,"key":"Thread and Needle"},{"floor":42.0,"key":"Darkstone Periapt"},{"floor":44.0,"key":"Dodecahedron"},{"floor":54,"key":"Blood Vial"}],"event_choices":[{"damage_healed":0.0,"max_hp_gain":5.0,"max_hp_loss":0.0,"gold_gain":0.0,"event_name":"Big Fish","player_choice":"Donut","floor":4.0,"gold_loss":0.0,"damage_taken":0.0},{"damage_healed":0.0,"max_hp_gain":5.0,"max_hp_loss":0.0,"gold_gain":0.0,"event_name":"Forgotten Altar","player_choice":"Shed Blood","floor":19.0,"gold_loss":0.0,"damage_taken":19.0},{"damage_healed":0.0,"max_hp_gain":0.0,"max_hp_loss":0.0,"gold_gain":0.0,"event_name":"N\u0027loth","player_choice":"Traded Relic","floor":22.0,"relics_lost":["Orrery"],"gold_loss":0.0,"damage_taken":0.0,"relics_obtained":["Nloth\u0027s Gift"]},{"damage_healed":0.0,"max_hp_gain":0.0,"max_hp_loss":0.0,"gold_gain":0.0,"event_name":"Colosseum","player_choice":"Fight","floor":27.0,"gold_loss":0.0,"damage_taken":0.0},{"damage_healed":0.0,"max_hp_gain":0.0,"max_hp_loss":0.0,"gold_gain":0.0,"event_name":"Colosseum","player_choice":"Fought Nobs","floor":27.0,"gold_loss":0.0,"damage_taken":0.0},{"cards_removed":["Endless Agony"],"damage_healed":59.0,"max_hp_gain":0.0,"max_hp_loss":0.0,"gold_gain":0.0,"event_name":"Bonfire Elementals","player_choice":"Offered Uncommon","floor":28.0,"gold_loss":0.0,"damage_taken":0.0},{"damage_healed":0.0,"max_hp_gain":0.0,"max_hp_loss":0.0,"gold_gain":0.0,"event_name":"MindBloom","player_choice":"Upgrade","floor":36.0,"gold_loss":0.0,"damage_taken":0.0,"cards_upgraded":["Strike_G","Strike_G","Strike_G","Strike_G","Strike_G","Defend_G","Defend_G","Defend_G","Defend_G","Defend_G","Survivor","Neutralize","Dagger Throw","Backflip","Flying Knee","Tactician","Flying Knee","Dagger Spray","Tools of the Trade","Noxious Fumes","PiercingWail","Leg Sweep","After Image","Footwork","Footwork","Tools of the Trade"],"relics_obtained":["Mark of the Bloom"]},{"damage_healed":0.0,"max_hp_gain":0.0,"max_hp_loss":0.0,"gold_gain":0.0,"event_name":"Mysterious Sphere","player_choice":"Fight","floor":37.0,"gold_loss":0.0,"damage_taken":0.0},{"damage_healed":0.0,"max_hp_gain":0.0,"max_hp_loss":0.0,"gold_gain":0.0,"event_name":"SensoryStone","player_choice":"Memory 3","floor":45.0,"gold_loss":0.0,"damage_taken":10.0}],"is_beta":false,"boss_relics":[{"not_picked":["Snecko Eye","WristBlade"],"picked":"Fusion Hammer"},{"not_picked":["Empty Cage","Runic Pyramid"],"picked":"Eternal Feather"}],"items_purged_floors":[],"is_endless":false,"potions_floor_spawned":[2,7,8,13,14,16,21,24,27,27,33,38,44,47,48,54],"ascension_level":1}