{"gold_per_floor":[112,112,128,4,18,18,29,29,29,58,58,69,88,98,98,196,196,207,224,11,31,31,31,31],"floor_reached":24,"playtime":2266,"items_purged":[],"score":225,"play_id":"42d2a528-f964-4fa7-9bc5-f66feba9f708","local_time":"20190709124344","is_ascension_mode":false,"campfire_choices":[{"data":"Armaments","floor":6,"key":"SMITH"},{"data":"Twin Strike","floor":8,"key":"SMITH"},{"floor":15,"key":"REST"},{"data":"Flex","floor":23,"key":"SMITH"}],"neow_cost":"","seed_source_timestamp":431459738805454,"circlet_count":0,"master_deck":["Strike_R","Strike_R","Strike_R","Strike_R","Strike_R","Defend_R","Defend_R","Defend_R","Bash","Pommel Strike","Thunderclap","Thunderclap","Armaments+1","Flex+1","Sword Boomerang","Twin Strike+1","Reaper","Flame Barrier","Uppercut","Flex","Feed","Thunderclap","Cleave","Anger","Thunderclap","Dropkick","Seeing Red","Flex+1","Panache+1","Uppercut","Iron Wave"],"relics":["Burning Blood","Frozen Egg 2","Champion Belt","Orrery"],"potions_floor_usage":[16,16],"damage_taken":[{"damage":1,"enemies":"2 Louse","floor":1,"turns":4},{"damage":0,"enemies":"Small Slimes","floor":3,"turns":3},{"damage":1,"enemies":"Cultist","floor":5,"turns":3},{"damage":8,"enemies":"Exordium Wildlife","floor":7,"turns":2},{"damage":36,"enemies":"Lagavulin","floor":10,"turns":5},{"damage":8,"enemies":"3 Louse","floor":12,"turns":2},{"damage":9,"enemies":"Blue Slaver","floor":13,"turns":3},{"damage":0,"enemies":"2 Fungi Beasts","floor":14,"turns":2},{"damage":49,"enemies":"The Guardian","floor":16,"turns":12},{"damage":17,"enemies":"2 Thieves","floor":18,"turns":3},{"damage":14,"enemies":"Spheric Guardian","floor":19,"turns":4},{"damage":12,"enemies":"3 Cultists","floor":21,"turns":3},{"damage":78,"enemies":"Gremlin Leader","floor":24,"turns":6}],"seed_played":"4154340591692933283","potions_obtained":[{"floor":3,"key":"Ancient Potion"},{"floor":10,"key":"Ancient Potion"},{"floor":12,"key":"Weak Potion"},{"floor":13,"key":"EssenceOfSteel"},{"floor":14,"key":"SteroidPotion"},{"floor":18,"key":"GamblersBrew"},{"floor":19,"key":"PowerPotion"}],"is_trial":false,"path_per_floor":["M","?","M","$","M","R","M","R","T","E","$","M","M","M","R","B",null,"M","M","$","M","?","R","E"],"character_chosen":"IRONCLAD","items_purchased":["Thunderclap","Armaments","Flex","Panache+1","Uppercut"],"campfire_rested":1,"item_purchase_floors":[4,4,4,20,20],"current_hp_per_floor":[80,80,80,80,80,80,78,78,78,48,48,58,55,61,80,43,80,69,61,61,74,74,74,0],"gold":31,"neow_bonus":"","is_prod":false,"is_daily":false,"chose_seed":false,"campfire_upgraded":3,"win_rate":0.0,"timestamp":1562690624,"path_taken":["M","?","M","$","M","R","M","R","T","E","$","M","M","M","R","BOSS","M","M","$","M","?","R","E"],"build_version":"2019-07-05","purchased_purges":0,"victory":false,"max_hp_per_floor":[80,80,80,80,80,80,80,80,80,80,80,80,80,80,80,80,80,80,80,80,80,80,80,80],"card_choices":[{"not_picked":["Sword Boomerang","Shockwave"],"picked":"Pommel Strike","floor":1},{"not_picked":["Shockwave","Seeing Red"],"picked":"Thunderclap","floor":3},{"not_picked":["True Grit","Rupture"],"picked":"Sword Boomerang","floor":5},{"not_picked":["Juggernaut","Flex"],"picked":"Twin Strike","floor":7},{"not_picked":["Cleave","Warcry"],"picked":"Reaper","floor":10},{"not_picked":["Burning Pact","Battle Trance"],"picked":"Flame Barrier","floor":12},{"not_picked":["Infernal Blade","Shrug It Off"],"picked":"Uppercut","floor":13},{"not_picked":["Thunderclap","Anger"],"picked":"Flex","floor":14},{"not_picked":["Offering","Demon Form+1"],"picked":"Feed","floor":16},{"not_picked":["Iron Wave","Disarm"],"picked":"Thunderclap","floor":17},{"not_picked":["Warcry","Pummel"],"picked":"Cleave","floor":17},{"not_picked":["Inflame+1","Rampage"],"picked":"Anger","floor":17},{"not_picked":["Pummel","Searing Blow"],"picked":"Thunderclap","floor":17},{"not_picked":["Berserk+1","Sword Boomerang"],"picked":"Dropkick","floor":17},{"not_picked":["Flex","Pummel"],"picked":"Seeing Red","floor":18},{"not_picked":["Battle Trance","Body Slam+1"],"picked":"Flex+1","floor":19},{"not_picked":["Pummel","Armaments"],"picked":"Iron Wave","floor":21}],"player_experience":0,"relics_obtained":[{"floor":9,"key":"Frozen Egg 2"},{"floor":10,"key":"Champion Belt"}],"event_choices":[{"damage_healed":0,"gold_gain":0,"player_choice":"Ignored","damage_taken":0,"max_hp_gain":0,"max_hp_loss":0,"event_name":"Golden Wing","floor":2,"gold_loss":0},{"cards_removed":["Defend_R"],"damage_healed":0,"gold_gain":0,"player_choice":"Purged","damage_taken":0,"max_hp_gain":0,"max_hp_loss":0,"event_name":"Purifier","floor":22,"gold_loss":0}],"is_beta":false,"boss_relics":[{"not_picked":["Busted Crown","Philosopher\u0027s Stone"],"picked":"Orrery"}],"items_purged_floors":[],"is_endless":false,"potions_floor_spawned":[3,10,12,13,14,18,19],"killed_by":"Gremlin Leader","ascension_level":0}