{"gold_per_floor":[15,15,15,90,15,15,39,39,94,94,108,131,166,116,116,235,235,251,270,285,301,226,226,245,265,289,289,388,408,64,34,34,159,159,180,130,149,170,189,189,209,209,236,248,274,286,298,310,322,334],"floor_reached":51,"playtime":2022,"items_purged":["Strike_G","Strike_G","Strike_G"],"score":774,"play_id":"2a692e2c-9ff2-41d4-8fab-fabaaa7c066a","local_time":"20190129142706","is_ascension_mode":false,"campfire_choices":[{"data":"Neutralize","floor":6.0,"key":"SMITH"},{"data":"Skewer","floor":8.0,"key":"SMITH"},{"data":"Survivor","floor":10.0,"key":"SMITH"},{"data":"Terror","floor":15.0,"key":"SMITH"},{"data":"Defend_G","floor":23.0,"key":"SMITH"},{"floor":27.0,"key":"REST"},{"floor":32.0,"key":"REST"},{"data":"Defend_G","floor":40.0,"key":"PURGE"},{"data":"Parasite","floor":42.0,"key":"PURGE"},{"floor":44.0,"key":"REST"},{"data":"Defend_G","floor":46.0,"key":"PURGE"},{"data":"Neutralize+1","floor":49.0,"key":"PURGE"}],"neow_cost":"NO_GOLD","seed_source_timestamp":454229994597471,"circlet_count":0,"master_deck":["Defend_G+1","Survivor+1","Skewer+1","Terror+1","Grand Finale+1"],"special_seed":0,"relics":["Ring of the Snake","Calipers","Golden Idol","Smiling Mask","Kunai","Velvet Choker","Snake Skull","Peace Pipe","Empty Cage","MawBank"],"potions_floor_usage":[50,50,50],"damage_taken":[{"damage":0.0,"enemies":"Jaw Worm","floor":1.0,"turns":7.0},{"damage":3.0,"enemies":"Small Slimes","floor":7.0,"turns":4.0},{"damage":0.0,"enemies":"Cultist","floor":11.0,"turns":3.0},{"damage":0.0,"enemies":"2 Fungi Beasts","floor":12.0,"turns":3.0},{"damage":28.0,"enemies":"3 Sentries","floor":13.0,"turns":10.0},{"damage":16.0,"enemies":"The Guardian","floor":16.0,"turns":10.0},{"damage":13.0,"enemies":"3 Byrds","floor":18.0,"turns":7.0},{"damage":7.0,"enemies":"2 Thieves","floor":19.0,"turns":3.0},{"damage":14.0,"enemies":"Shelled Parasite and Fungi","floor":20.0,"turns":5.0},{"damage":0.0,"enemies":"Snecko","floor":21.0,"turns":4.0},{"damage":8.0,"enemies":"Snake Plant","floor":24.0,"turns":4.0},{"damage":10.0,"enemies":"3 Cultists","floor":25.0,"turns":4.0},{"damage":15.0,"enemies":"Chosen and Byrds","floor":29.0,"turns":7.0},{"damage":40.0,"enemies":"Automaton","floor":33.0,"turns":14.0},{"damage":2.0,"enemies":"3 Shapes","floor":35.0,"turns":6.0},{"damage":28.0,"enemies":"3 Darklings","floor":37.0,"turns":12.0},{"damage":13.0,"enemies":"Writhing Mass","floor":38.0,"turns":5.0},{"damage":14.0,"enemies":"4 Shapes","floor":39.0,"turns":9.0},{"damage":8.0,"enemies":"Spire Growth","floor":41.0,"turns":5.0},{"damage":3.0,"enemies":"Transient","floor":45.0,"turns":5.0},{"damage":32,"enemies":"Donu and Deca","floor":50,"turns":7}],"seed_played":"6198339345903959264","potions_obtained":[{"floor":7.0,"key":"FearPotion"},{"floor":11.0,"key":"Strength Potion"},{"floor":16.0,"key":"SpeedPotion"},{"floor":20.0,"key":"Fire Potion"},{"floor":24.0,"key":"GhostInAJar"},{"floor":29.0,"key":"SneckoOil"},{"floor":31.0,"key":"Fruit Juice"},{"floor":31.0,"key":"GamblersBrew"},{"floor":33.0,"key":"Strength Potion"},{"floor":38.0,"key":"SkillPotion"},{"floor":39.0,"key":"Ancient Potion"},{"floor":45.0,"key":"PowerPotion"}],"is_trial":false,"path_per_floor":["M","?","?","?","$","R","M","R","T","R","M","M","E","?","R","B",null,"M","M","M","M","?","R","M","M","T","R","?","M","$","?","R","B",null,"M","$","M","M","M","R","M","R","T","R","M","R","?","?","R","B",null],"character_chosen":"THE_SILENT","items_purchased":["Peace Pipe"],"campfire_rested":3,"item_purchase_floors":[30],"current_hp_per_floor":[70,75,57,50,50,50,47,47,47,47,47,47,19,19,19,3,75,62,55,41,41,41,41,33,23,23,45,45,30,30,35,59,19,80,78,78,50,37,23,23,15,15,15,38,35,35,35,35,35,3],"gold":346,"neow_bonus":"ONE_RARE_RELIC","is_prod":false,"is_daily":false,"chose_seed":false,"campfire_upgraded":5,"win_rate":0,"timestamp":1548732426,"path_taken":["M","?","?","?","$","R","M","R","T","R","?","M","E","?","R","BOSS","M","M","M","M","?","R","M","M","T","R","?","M","$","?","R","BOSS","M","$","M","M","M","R","M","R","T","R","M","R","?","?","R","BOSS"],"build_version":"2019-01-23","purchased_purges":3,"victory":true,"max_hp_per_floor":[70,75,75,75,75,75,75,75,75,75,75,75,75,75,75,75,75,75,75,75,75,75,75,75,75,75,75,75,75,75,80,80,80,80,80,80,80,80,80,80,80,77,77,77,77,77,73,73,73,73],"card_choices":[{"not_picked":["Backflip","Deflect","Dodge and Roll"],"picked":"SKIP","floor":1.0},{"not_picked":["Poisoned Stab","Leg Sweep"],"picked":"Skewer","floor":7.0},{"not_picked":["Dagger Spray","Deflect","Finisher"],"picked":"SKIP","floor":11.0},{"not_picked":["Bouncing Flask","Masterful Stab","Dagger Throw"],"picked":"SKIP","floor":12.0},{"not_picked":["Prepared","Deadly Poison"],"picked":"Terror","floor":13.0},{"not_picked":["Poisoned Stab+1","Crippling Poison","Blade Dance"],"picked":"SKIP","floor":18.0},{"not_picked":["Well Laid Plans","PiercingWail","Expertise"],"picked":"SKIP","floor":19.0},{"not_picked":["Outmaneuver+1","Acrobatics+1","Deadly Poison"],"picked":"SKIP","floor":20.0},{"not_picked":["Flying Knee+1","Distraction","Dash+1"],"picked":"SKIP","floor":21.0},{"not_picked":["Underhanded Strike","Distraction","Malaise"],"picked":"SKIP","floor":24.0},{"not_picked":["Bane","Prepared","Infinite Blades+1"],"picked":"SKIP","floor":25.0},{"not_picked":["Tactician+1","Endless Agony+1","Slice"],"picked":"SKIP","floor":29.0},{"not_picked":["Phantasmal Killer","Malaise"],"picked":"Grand Finale","floor":33.0},{"not_picked":["Sucker Punch+1","Bane+1","Cloak And Dagger"],"picked":"SKIP","floor":35.0},{"not_picked":["Backflip+1","Flying Knee","All Out Attack"],"picked":"SKIP","floor":37.0},{"not_picked":["PiercingWail","Crippling Poison","Caltrops"],"picked":"SKIP","floor":38.0},{"not_picked":["Dagger Spray+1","Flechettes+1","Acrobatics+1"],"picked":"SKIP","floor":39.0},{"not_picked":["Deadly Poison+1","Expertise+1","Deflect"],"picked":"SKIP","floor":41.0},{"not_picked":["A Thousand Cuts","Finisher","Blur"],"picked":"SKIP","floor":45.0}],"player_experience":567970,"relics_obtained":[{"floor":9.0,"key":"Smiling Mask"},{"floor":13.0,"key":"Kunai"},{"floor":26.0,"key":"Snake Skull"},{"floor":43.0,"key":"MawBank"}],"event_choices":[{"damage_healed":0.0,"max_hp_gain":5.0,"max_hp_loss":0.0,"gold_gain":0.0,"event_name":"Big Fish","player_choice":"Donut","floor":2.0,"gold_loss":0.0,"damage_taken":0.0},{"damage_healed":0.0,"max_hp_gain":0.0,"max_hp_loss":0.0,"gold_gain":0.0,"event_name":"Golden Idol","player_choice":"Take Damage","floor":3.0,"gold_loss":0.0,"damage_taken":18.0,"relics_obtained":["Golden Idol"]},{"damage_healed":0.0,"max_hp_gain":0.0,"max_hp_loss":0.0,"gold_gain":75.0,"event_name":"FaceTrader","player_choice":"Touch","floor":4.0,"gold_loss":0.0,"damage_taken":7.0},{"cards_removed":["Strike_G"],"damage_healed":0.0,"max_hp_gain":0.0,"max_hp_loss":0.0,"gold_gain":0.0,"event_name":"The Cleric","player_choice":"Card Removal","floor":14.0,"gold_loss":50.0,"damage_taken":0.0},{"cards_removed":["Defend_G"],"damage_healed":0.0,"max_hp_gain":0.0,"max_hp_loss":0.0,"gold_gain":0.0,"event_name":"Beggar","player_choice":"Gave Gold","floor":22.0,"gold_loss":75.0,"damage_taken":0.0},{"damage_healed":0.0,"max_hp_gain":0.0,"max_hp_loss":0.0,"gold_gain":99.0,"event_name":"Nest","player_choice":"Stole From Cult","floor":28.0,"gold_loss":0.0,"damage_taken":0.0},{"damage_healed":0.0,"max_hp_gain":0.0,"max_hp_loss":0.0,"gold_gain":0.0,"event_name":"The Woman in Blue","player_choice":"Bought 2 Potions","floor":31.0,"gold_loss":0.0,"damage_taken":0.0},{"damage_healed":0.0,"max_hp_gain":0.0,"max_hp_loss":4.0,"gold_gain":0.0,"event_name":"Winding Halls","player_choice":"Max HP","floor":47.0,"gold_loss":0.0,"damage_taken":0.0},{"damage_healed":0.0,"max_hp_gain":0.0,"max_hp_loss":0.0,"gold_gain":0.0,"event_name":"Accursed Blacksmith","player_choice":"Forge","floor":48.0,"gold_loss":0.0,"damage_taken":0.0,"cards_upgraded":["Grand Finale"]}],"is_beta":false,"boss_relics":[{"not_picked":["Black Star","Pandora\u0027s Box"],"picked":"Velvet Choker"},{"not_picked":["Cursed Key","Eternal Feather"],"picked":"Empty Cage"}],"items_purged_floors":[5,30,36],"is_endless":false,"potions_floor_spawned":[7,11,16,20,24,29,33,38,39,45],"ascension_level":0}