{"gold_per_floor":[114,114,114,64,76,76,101,114,140,140,170,182,211,228,228,325,325,342,354,371,383,383,383,408,408,408,439,449,449,462,476,476,574,574,585,510,510,610,610,610,645,657,732,759,769,782,3,29,29,29],"floor_reached":51,"playtime":5298,"items_purged":["Decay","Madness"],"score":1006,"play_id":"fa4882ce-6d97-4cdf-8ba9-740f309661a7","local_time":"20190707234640","is_ascension_mode":true,"campfire_choices":[{"data":"Armaments","floor":6.0,"key":"SMITH"},{"data":"Bash","floor":15.0,"key":"SMITH"},{"data":"Bloodletting","floor":23.0,"key":"SMITH"},{"data":"Immolate","floor":25.0,"key":"SMITH"},{"data":"Combust","floor":29.0,"key":"SMITH"},{"data":"Seeing Red","floor":32.0,"key":"SMITH"},{"data":"Double Tap","floor":40.0,"key":"SMITH"},{"floor":49.0,"key":"REST"}],"neow_cost":"NONE","seed_source_timestamp":289716030666212,"circlet_count":0,"master_deck":["Strike_R+1","Strike_R+1","Strike_R+1","Strike_R+1","Defend_R+1","Defend_R+1","Defend_R+1","Defend_R+1","Bash+1","Combust+1","Armaments+1","Clash+1","Bloodletting+1","Iron Wave","Pommel Strike+1","Rupture","Thunderclap","Immolate+1","Shockwave","Seeing Red+1","Flex","Second Wind+1","Uppercut+1","Flame Barrier","Clothesline+1","Double Tap+1","Immolate","Carnage","Madness","Burning Pact+1","Second Wind+1","Heavy Blade","Shrug It Off+1","Sever Soul+1","Master of Strategy","Battle Trance+1"],"special_seed":0,"relics":["Burning Blood","NeowsBlessing","Art of War","PreservedInsect","Paper Frog","Potion Belt","Velvet Choker","Orichalcum","Gremlin Horn","Whetstone","Mark of Pain","Mango","Calipers","Kunai","Meat on the Bone","Red Skull","Bottled Lightning","Oddly Smooth Stone"],"potions_floor_usage":[50,50,50,50],"damage_taken":[{"damage":0.0,"enemies":"Cultist","floor":1.0,"turns":1.0},{"damage":0.0,"enemies":"Jaw Worm","floor":5.0,"turns":1.0},{"damage":1.0,"enemies":"3 Sentries","floor":7.0,"turns":1.0},{"damage":7.0,"enemies":"2 Louse","floor":8.0,"turns":2.0},{"damage":36.0,"enemies":"Gremlin Nob","floor":11.0,"turns":5.0},{"damage":13.0,"enemies":"Exordium Thugs","floor":12.0,"turns":5.0},{"damage":13.0,"enemies":"3 Sentries","floor":13.0,"turns":6.0},{"damage":15.0,"enemies":"Exordium Wildlife","floor":14.0,"turns":4.0},{"damage":30.0,"enemies":"Slime Boss","floor":16.0,"turns":7.0},{"damage":24.0,"enemies":"3 Byrds","floor":18.0,"turns":4.0},{"damage":0.0,"enemies":"Chosen","floor":19.0,"turns":3.0},{"damage":15.0,"enemies":"Snecko","floor":20.0,"turns":5.0},{"damage":3.0,"enemies":"Centurion and Healer","floor":21.0,"turns":5.0},{"damage":25.0,"enemies":"Slavers","floor":24.0,"turns":4.0},{"damage":15.0,"enemies":"Book of Stabbing","floor":27.0,"turns":3.0},{"damage":3.0,"enemies":"Cultist and Chosen","floor":28.0,"turns":3.0},{"damage":1.0,"enemies":"3 Cultists","floor":30.0,"turns":3.0},{"damage":0.0,"enemies":"Snecko","floor":31.0,"turns":3.0},{"damage":60.0,"enemies":"Champ","floor":33.0,"turns":9.0},{"damage":5.0,"enemies":"3 Darklings","floor":35.0,"turns":3.0},{"damage":0.0,"enemies":"Mind Bloom Boss Battle","floor":38.0,"turns":3.0},{"damage":24.0,"enemies":"Giant Head","floor":41.0,"turns":6.0},{"damage":7.0,"enemies":"3 Shapes","floor":42.0,"turns":3.0},{"damage":54.0,"enemies":"Reptomancer","floor":44.0,"turns":5.0},{"damage":5.0,"enemies":"Maw","floor":45.0,"turns":6.0},{"damage":30.0,"enemies":"Spire Growth","floor":46.0,"turns":5.0},{"damage":0.0,"enemies":"Nemesis","floor":48.0,"turns":3.0},{"damage":64,"enemies":"Awakened One","floor":50,"turns":9}],"seed_played":"4924660314389725922","potions_obtained":[{"floor":5.0,"key":"FearPotion"},{"floor":7.0,"key":"Weak Potion"},{"floor":11.0,"key":"SteroidPotion"},{"floor":13.0,"key":"Block Potion"},{"floor":19.0,"key":"Fire Potion"},{"floor":24.0,"key":"Regen Potion"},{"floor":27.0,"key":"Energy Potion"},{"floor":38.0,"key":"Fire Potion"},{"floor":44.0,"key":"GamblersBrew"},{"floor":45.0,"key":"Fire Potion"}],"is_trial":false,"path_per_floor":["M","?","?","?","M","R","E","M","T","?","E","M","E","M","R","B",null,"M","M","M","M","?","R","E","R","T","E","M","R","M","M","R","B",null,"M","$","?","?","?","R","E","M","T","E","M","M","$","E","R","B",null],"character_chosen":"IRONCLAD","items_purchased":["Red Skull","Master of Strategy","Bottled Lightning","FearPotion","SkillPotion"],"campfire_rested":1,"item_purchase_floors":[47,47,47,47,47],"current_hp_per_floor":[80,85,85,85,85,85,85,84,84,84,54,47,40,31,31,7,85,67,73,64,67,67,67,48,48,48,48,51,51,56,62,62,8,85,85,85,74,94,94,94,76,75,75,27,40,28,28,46,75,29],"gold":29,"neow_bonus":"THREE_ENEMY_KILL","is_prod":false,"is_daily":false,"chose_seed":false,"campfire_upgraded":7,"win_rate":0,"timestamp":1562514400,"path_taken":["M","?","?","?","M","R","E","M","T","?","E","M","E","M","R","BOSS","M","M","M","M","?","R","E","R","T","E","M","R","M","M","R","BOSS","M","$","?","?","?","R","E","M","T","E","M","?","$","E","R","BOSS"],"build_version":"2019-07-05","purchased_purges":2,"victory":true,"max_hp_per_floor":[80,85,85,85,85,85,85,85,85,85,85,85,85,85,85,85,85,85,85,85,85,85,85,85,85,85,85,85,85,85,85,85,85,85,85,85,85,99,99,99,99,99,99,99,99,99,99,99,99,99],"card_choices":[{"not_picked":["True Grit","Spot Weakness"],"picked":"Combust","floor":1.0},{"not_picked":["Clothesline","Twin Strike"],"picked":"Armaments","floor":5.0},{"not_picked":["Entrench","Exhume"],"picked":"Clash","floor":7.0},{"not_picked":["Burning Pact","Intimidate"],"picked":"Bloodletting","floor":8.0},{"not_picked":["Entrench","Armaments"],"picked":"Iron Wave","floor":11.0},{"not_picked":["Armaments","Corruption"],"picked":"Pommel Strike","floor":12.0},{"not_picked":["Immolate","Power Through"],"picked":"Rupture","floor":13.0},{"not_picked":["Wild Strike","Flame Barrier"],"picked":"Thunderclap","floor":14.0},{"not_picked":["Dark Embrace","Fiend Fire"],"picked":"Immolate","floor":16.0},{"not_picked":["Rupture+1","Pommel Strike"],"picked":"Shockwave","floor":18.0},{"not_picked":["Twin Strike","Thunderclap"],"picked":"Seeing Red","floor":19.0},{"not_picked":["Cleave+1","Armaments"],"picked":"Flex","floor":20.0},{"not_picked":["Cleave+1","Headbutt"],"picked":"Second Wind+1","floor":21.0},{"not_picked":["Twin Strike","Seeing Red","Fire Breathing"],"picked":"SKIP","floor":24.0},{"not_picked":["Power Through","Perfected Strike"],"picked":"Uppercut+1","floor":27.0},{"not_picked":["Evolve+1","Second Wind"],"picked":"Flame Barrier","floor":28.0},{"not_picked":["Shrug It Off","Havoc"],"picked":"Clothesline+1","floor":30.0},{"not_picked":["True Grit","Iron Wave"],"picked":"Double Tap","floor":31.0},{"not_picked":["Berserk","Exhume"],"picked":"Immolate","floor":33.0},{"not_picked":["Power Through","Warcry"],"picked":"Carnage","floor":35.0},{"not_picked":["Havoc","Sentinel"],"picked":"Burning Pact+1","floor":38.0},{"not_picked":["Combust+1","Barricade"],"picked":"Second Wind+1","floor":41.0},{"not_picked":["Anger","Body Slam"],"picked":"Heavy Blade","floor":42.0},{"not_picked":["Headbutt+1","Entrench+1"],"picked":"Shrug It Off+1","floor":44.0},{"not_picked":["Sword Boomerang+1","Flex","Wild Strike+1"],"picked":"SKIP","floor":45.0},{"not_picked":["Perfected Strike","Pommel Strike"],"picked":"Sever Soul+1","floor":46.0},{"not_picked":["Iron Wave","Headbutt"],"picked":"Battle Trance+1","floor":48.0}],"player_experience":233148,"relics_obtained":[{"floor":7.0,"key":"Art of War"},{"floor":9.0,"key":"PreservedInsect"},{"floor":11.0,"key":"Paper Frog"},{"floor":13.0,"key":"Potion Belt"},{"floor":24.0,"key":"Orichalcum"},{"floor":26.0,"key":"Gremlin Horn"},{"floor":27.0,"key":"Whetstone"},{"floor":38.0,"key":"Mango"},{"floor":41.0,"key":"Calipers"},{"floor":43.0,"key":"Kunai"},{"floor":44.0,"key":"Meat on the Bone"},{"floor":48.0,"key":"Oddly Smooth Stone"}],"event_choices":[{"damage_healed":0.0,"max_hp_gain":5.0,"max_hp_loss":0.0,"gold_gain":0.0,"event_name":"Big Fish","player_choice":"Donut","floor":2.0,"gold_loss":0.0,"damage_taken":0.0},{"damage_healed":0.0,"max_hp_gain":0.0,"max_hp_loss":0.0,"gold_gain":0.0,"event_name":"Liars Game","player_choice":"Ignored","floor":3.0,"gold_loss":0.0,"damage_taken":0.0},{"cards_removed":["Strike_R"],"damage_healed":0.0,"max_hp_gain":0.0,"max_hp_loss":0.0,"gold_gain":0.0,"event_name":"The Cleric","player_choice":"Card Removal","floor":4.0,"gold_loss":50.0,"damage_taken":0.0},{"damage_healed":0.0,"max_hp_gain":0.0,"max_hp_loss":0.0,"gold_gain":0.0,"event_name":"Wheel of Change","player_choice":"Cursed","floor":10.0,"gold_loss":0.0,"damage_taken":0.0,"cards_obtained":["Decay"]},{"damage_healed":0.0,"max_hp_gain":0.0,"max_hp_loss":0.0,"gold_gain":0.0,"event_name":"Back to Basics","player_choice":"Simplicity","floor":22.0,"gold_loss":0.0,"damage_taken":0.0,"cards_upgraded":["Strike_R","Strike_R","Strike_R","Strike_R","Defend_R","Defend_R","Defend_R","Defend_R"]},{"damage_healed":0.0,"max_hp_gain":0.0,"max_hp_loss":0.0,"gold_gain":0.0,"event_name":"Winding Halls","player_choice":"Embrace Madness","floor":37.0,"gold_loss":0.0,"damage_taken":11.0,"cards_obtained":["Madness","Madness"]},{"damage_healed":0.0,"max_hp_gain":0.0,"max_hp_loss":0.0,"gold_gain":0.0,"event_name":"MindBloom","player_choice":"Fight","floor":38.0,"gold_loss":0.0,"damage_taken":0.0},{"damage_healed":0.0,"max_hp_gain":0.0,"max_hp_loss":0.0,"gold_gain":0.0,"event_name":"SecretPortal","player_choice":"Ignored","floor":39.0,"gold_loss":0.0,"damage_taken":0.0}],"is_beta":false,"boss_relics":[{"not_picked":["White Beast Statue","Busted Crown"],"picked":"Velvet Choker"},{"not_picked":["Runic Pyramid","Runic Dome"],"picked":"Mark of Pain"}],"items_purged_floors":[36,47],"is_endless":false,"potions_floor_spawned":[5,7,11,13,19,24,27,38,44,45,48],"ascension_level":4}