{"gold_per_floor":[115,127,105,121,296,296,322,322,322,12,38,38,53,16,16,116,116,131,151,165,56,76,76,107,107,132,151,168,168,4,4,4,105,105,123,23,43,62,80,80,111,111,111,143,143,171,171,186,186,186],"floor_reached":51,"playtime":8898,"items_purged":["Doubt","Pain"],"score":918,"play_id":"4933795b-503e-4b7b-a49d-16dd3bc07cfa","local_time":"20190720143634","is_ascension_mode":true,"campfire_choices":[{"data":"Static Discharge","floor":6.0,"key":"SMITH"},{"data":"Zap","floor":8.0,"key":"SMITH"},{"floor":15.0,"key":"REST"},{"data":"Defragment","floor":23.0,"key":"SMITH"},{"data":"Buffer","floor":25.0,"key":"SMITH"},{"floor":32.0,"key":"REST"},{"floor":40,"key":"REST"},{"floor":42,"key":"REST"},{"floor":45,"key":"REST"},{"floor":49,"key":"REST"}],"neow_cost":"NONE","seed_source_timestamp":888555877857720,"circlet_count":0,"master_deck":["Defend_B","Defend_B","Defend_B","Defend_B","Zap+1","Dualcast","Genetic Algorithm","Static Discharge+1","Steam","Rebound","White Noise","Go for the Eyes","Reprogram","Cold Snap","Defragment+1","Buffer+1","Aggregate+1","Steam Power+1","Reinforced Body+1","BootSequence+1","Chill","Capacitor","White Noise","Chill","Glacier","Consume","Panacea","Biased Cognition","Force Field","Ball Lightning+1","Capacitor","Stack+1","Seek","Defragment+1"],"special_seed":0,"relics":["Cracked Core","Ginger","Kunai","Dead Branch","Singing Bowl","Astrolabe","Lantern","Centennial Puzzle","WarpedTongs","Fusion Hammer","Symbiotic Virus","Sundial","Pen Nib","Orichalcum"],"potions_floor_usage":[50,50,50],"damage_taken":[{"damage":0.0,"enemies":"Cultist","floor":1.0,"turns":3.0},{"damage":0.0,"enemies":"2 Louse","floor":2.0,"turns":3.0},{"damage":0.0,"enemies":"Jaw Worm","floor":4.0,"turns":2.0},{"damage":33.0,"enemies":"Gremlin Nob","floor":7.0,"turns":4.0},{"damage":29.0,"enemies":"Lagavulin","floor":11.0,"turns":6.0},{"damage":9.0,"enemies":"Lots of Slimes","floor":13.0,"turns":3.0},{"damage":12.0,"enemies":"Hexaghost","floor":16.0,"turns":9.0},{"damage":11.0,"enemies":"Spheric Guardian","floor":18.0,"turns":5.0},{"damage":8.0,"enemies":"Shell Parasite","floor":19.0,"turns":7.0},{"damage":16.0,"enemies":"Snecko","floor":20.0,"turns":6.0},{"damage":0.0,"enemies":"Centurion and Healer","floor":22.0,"turns":8.0},{"damage":0.0,"enemies":"Slavers","floor":24.0,"turns":6.0},{"damage":0.0,"enemies":"Snake Plant","floor":27.0,"turns":4.0},{"damage":0.0,"enemies":"3 Cultists","floor":28.0,"turns":9.0},{"damage":42,"enemies":"Automaton","floor":33,"turns":9},{"damage":21,"enemies":"3 Darklings","floor":35,"turns":4},{"damage":5,"enemies":"Orb Walker","floor":37,"turns":3},{"damage":0,"enemies":"Maw","floor":38,"turns":10},{"damage":0,"enemies":"Transient","floor":39,"turns":5},{"damage":2,"enemies":"Nemesis","floor":41,"turns":7},{"damage":3,"enemies":"Reptomancer","floor":44,"turns":7},{"damage":0,"enemies":"Nemesis","floor":46,"turns":7},{"damage":17,"enemies":"Spire Growth","floor":48,"turns":7},{"damage":74,"enemies":"Awakened One","floor":50,"turns":8}],"seed_played":"1679994549336758712","potions_obtained":[{"floor":0.0,"key":"Ancient Potion"},{"floor":0.0,"key":"SkillPotion"},{"floor":0.0,"key":"Dexterity Potion"},{"floor":2.0,"key":"Regen Potion"},{"floor":4.0,"key":"Energy Potion"},{"floor":16.0,"key":"AttackPotion"},{"floor":18.0,"key":"Block Potion"},{"floor":20.0,"key":"AttackPotion"},{"floor":22.0,"key":"Explosive Potion"},{"floor":37,"key":"SpeedPotion"},{"floor":38,"key":"Ancient Potion"},{"floor":39,"key":"EssenceOfSteel"},{"floor":44,"key":"FocusPotion"}],"is_trial":false,"path_per_floor":["M","M","$","M","?","R","E","R","T","$","E","?","M","$","R","B",null,"M","M","M","$","M","R","E","R","T","M","M","?","$","?","R","B",null,"M","$","M","M","M","R","E","R","T","E","R","E","?","M","R","B",null],"character_chosen":"DEFECT","items_purchased":["Steam","Dead Branch","Defragment","Capacitor","White Noise","Panacea"],"campfire_rested":6,"item_purchase_floors":[3,10,14,21,21,30],"current_hp_per_floor":[75,75,75,75,75,75,42,42,42,42,28,28,19,19,41,29,75,64,56,42,42,42,42,44,44,44,44,44,44,44,44,67,25,79,58,58,53,55,55,79,77,81,81,78,81,81,81,66,83,9],"gold":186,"neow_bonus":"THREE_SMALL_POTIONS","is_prod":false,"is_daily":false,"chose_seed":false,"campfire_upgraded":4,"win_rate":0,"timestamp":1563647794,"path_taken":["M","M","?","M","?","R","E","R","T","$","E","?","M","$","R","BOSS","M","?","?","$","M","R","E","R","T","M","M","?","$","?","R","BOSS","M","?","?","M","M","R","E","R","T","E","R","E","?","M","R","BOSS"],"build_version":"2019-07-17","purchased_purges":2,"victory":true,"max_hp_per_floor":[75,75,75,75,75,75,75,75,75,75,75,75,75,75,75,75,75,75,75,77,77,77,77,79,79,79,79,79,79,79,79,79,79,79,79,79,79,81,81,81,81,81,81,81,81,81,81,83,83,83],"card_choices":[{"not_picked":["Hologram","Force Field"],"picked":"Genetic Algorithm","floor":1.0},{"not_picked":["Aggregate","Double Energy"],"picked":"Static Discharge","floor":2.0},{"not_picked":["Redo","Recycle"],"picked":"Rebound","floor":4.0},{"not_picked":["Electrodynamics","Hello World"],"picked":"White Noise","floor":7.0},{"not_picked":["Sunder","Steam"],"picked":"Go for the Eyes","floor":11.0},{"not_picked":["Compile Driver","Gash"],"picked":"Cold Snap","floor":13.0},{"not_picked":["Multi-Cast","Biased Cognition"],"picked":"Buffer","floor":16.0},{"not_picked":["Loop","Go for the Eyes"],"picked":"BootSequence+1","floor":18.0},{"not_picked":["Consume","Fusion+1"],"picked":"Chill","floor":19.0},{"not_picked":["Sweeping Beam","Coolheaded","Steam"],"picked":"Singing Bowl","floor":20.0},{"not_picked":["Meteor Strike","Sweeping Beam"],"picked":"Chill","floor":22.0},{"not_picked":["Conserve Battery","Static Discharge+1","BootSequence"],"picked":"Singing Bowl","floor":24.0},{"not_picked":["Hologram","Scrape"],"picked":"Glacier","floor":27.0},{"not_picked":["Glacier","Reprogram+1"],"picked":"Consume","floor":28.0},{"not_picked":["Rainbow","Amplify"],"picked":"Biased Cognition","floor":33},{"not_picked":["Steam+1","Cold Snap"],"picked":"Force Field","floor":35},{"not_picked":["Coolheaded+1","Rebound+1"],"picked":"Ball Lightning+1","floor":37},{"not_picked":["Sunder","Hello World","Loop"],"picked":"Singing Bowl","floor":38},{"not_picked":["Steam+1","BootSequence"],"picked":"Capacitor","floor":39},{"not_picked":["Recycle+1","Hologram+1"],"picked":"Stack+1","floor":41},{"not_picked":["Cold Snap+1","Coolheaded"],"picked":"Seek","floor":44},{"not_picked":["Compile Driver","Doom and Gloom"],"picked":"Defragment+1","floor":46},{"not_picked":["Leap","Blizzard","Sunder"],"picked":"Singing Bowl","floor":48}],"player_experience":704831,"relics_obtained":[{"floor":7.0,"key":"Ginger"},{"floor":9.0,"key":"Kunai"},{"floor":11.0,"key":"Singing Bowl"},{"floor":24.0,"key":"Lantern"},{"floor":26.0,"key":"Centennial Puzzle"},{"floor":41,"key":"Symbiotic Virus"},{"floor":43,"key":"Sundial"},{"floor":44,"key":"Pen Nib"},{"floor":46,"key":"Orichalcum"}],"event_choices":[{"damage_healed":0.0,"max_hp_gain":0.0,"max_hp_loss":0.0,"gold_gain":175.0,"event_name":"Liars Game","player_choice":"AGREE","floor":5.0,"gold_loss":0.0,"damage_taken":0.0,"cards_obtained":["Doubt"]},{"damage_healed":0.0,"max_hp_gain":0.0,"max_hp_loss":0.0,"gold_gain":0.0,"cards_transformed":["Strike_B"],"event_name":"Transmorgrifier","player_choice":"Transformed","floor":12.0,"gold_loss":0.0,"damage_taken":0.0,"cards_obtained":["Reprogram"]},{"damage_healed":0.0,"max_hp_gain":0.0,"max_hp_loss":0.0,"gold_gain":0.0,"event_name":"Vampires","player_choice":"Ignored","floor":29.0,"gold_loss":0.0,"damage_taken":0.0},{"damage_healed":0.0,"max_hp_gain":0.0,"max_hp_loss":0.0,"gold_gain":0.0,"event_name":"Accursed Blacksmith","player_choice":"Rummage","floor":31.0,"gold_loss":0.0,"damage_taken":0.0,"relics_obtained":["WarpedTongs"],"cards_obtained":["Pain"]},{"damage_healed":0,"gold_gain":0,"player_choice":"Ignored","damage_taken":0,"max_hp_gain":0,"max_hp_loss":0,"event_name":"SecretPortal","floor":47,"gold_loss":0}],"is_beta":false,"boss_relics":[{"not_picked":["Black Star","White Beast Statue"],"picked":"Astrolabe"},{"not_picked":["Busted Crown","Cursed Key"],"picked":"Fusion Hammer"}],"items_purged_floors":[30,36],"is_endless":false,"potions_floor_spawned":[2,4,16,18,20,22,37,38,39,44],"ascension_level":4}