{"gold_per_floor":[115,134,209,227,237,237,64,99,126,151,151,79,79,135,135,235,235,250,250,250,270,287,317,317,346,393,411,326,20,31,31,31,31],"floor_reached":33,"playtime":1580,"items_purged":["Normality"],"score":364,"play_id":"0cad37ea-a53c-4a98-9bae-605c1d10252a","local_time":"20190715115756","is_ascension_mode":true,"campfire_choices":[{"data":"Uppercut","floor":6.0,"key":"SMITH"},{"floor":11.0,"key":"REST"},{"data":"Shockwave","floor":13.0,"key":"SMITH"},{"data":"Demon Form","floor":15.0,"key":"SMITH"},{"floor":24.0,"key":"REST"},{"floor":32.0,"key":"REST"}],"neow_cost":"NONE","seed_source_timestamp":435722975790388,"circlet_count":0,"master_deck":["Strike_R","Strike_R","Strike_R","Strike_R","Strike_R","Defend_R","Defend_R","Defend_R","Defend_R","Bash","Pommel Strike","Shockwave+1","Uppercut+1","Feel No Pain","True Grit","Clothesline","Spot Weakness","Demon Form+1","Infernal Blade","Offering","True Grit","Injury","Feel No Pain+1","Reckless Charge","Flame Barrier","Double Tap","Ghostly Armor","Heavy Blade+1"],"special_seed":0,"relics":["Burning Blood","Lantern","Pen Nib","Ancient Tea Set","Boot","Tiny Chest","Cursed Key","Molten Egg 2","Mercury Hourglass","Oddly Smooth Stone","Strawberry","Bronze Scales"],"potions_floor_usage":[33],"damage_taken":[{"damage":7.0,"enemies":"Jaw Worm","floor":1.0,"turns":3.0},{"damage":1.0,"enemies":"Cultist","floor":2.0,"turns":3.0},{"damage":12.0,"enemies":"2 Louse","floor":4.0,"turns":2.0},{"damage":32.0,"enemies":"Lots of Slimes","floor":5.0,"turns":5.0},{"damage":24.0,"enemies":"3 Sentries","floor":8.0,"turns":11.0},{"damage":18.0,"enemies":"Gremlin Nob","floor":10.0,"turns":4.0},{"damage":10.0,"enemies":"Lagavulin","floor":14.0,"turns":4.0},{"damage":36.0,"enemies":"The Guardian","floor":16.0,"turns":8.0},{"damage":15.0,"enemies":"3 Byrds","floor":18.0,"turns":6.0},{"damage":15.0,"enemies":"Shell Parasite","floor":21.0,"turns":4.0},{"damage":15.0,"enemies":"Chosen and Byrds","floor":22.0,"turns":7.0},{"damage":32.0,"enemies":"Slavers","floor":23.0,"turns":6.0},{"damage":31.0,"enemies":"Book of Stabbing","floor":25.0,"turns":6.0},{"damage":9.0,"enemies":"Snake Plant","floor":27.0,"turns":3.0},{"damage":0.0,"enemies":"Centurion and Healer","floor":30.0,"turns":4.0},{"damage":14.0,"enemies":"Colosseum Slavers","floor":31.0,"turns":3.0},{"damage":51,"enemies":"Collector","floor":33,"turns":3}],"seed_played":"-9028598392604107237","potions_obtained":[{"floor":0.0,"key":"Strength Potion"},{"floor":0.0,"key":"Regen Potion"},{"floor":0.0,"key":"Dexterity Potion"},{"floor":2.0,"key":"Poison Potion"},{"floor":8.0,"key":"SpeedPotion"},{"floor":10.0,"key":"Ancient Potion"},{"floor":14.0,"key":"Regen Potion"},{"floor":21.0,"key":"GamblersBrew"},{"floor":23.0,"key":"Fire Potion"},{"floor":27.0,"key":"Strength Potion"}],"is_trial":false,"path_per_floor":["M","M","?","M","M","R","$","E","T","E","R","$","R","E","R","B",null,"M","T","?","M","M","E","R","E","T","M","?","$","M","?","R","B"],"character_chosen":"IRONCLAD","items_purchased":["Lantern","True Grit","Demon Form","Bronze Scales","Ghostly Armor"],"campfire_rested":3,"item_purchase_floors":[7,7,12,29,29],"current_hp_per_floor":[79,80,72,66,52,52,52,34,34,22,46,46,46,42,42,27,80,71,71,63,54,45,19,43,18,18,15,22,22,28,20,46,0],"gold":31,"neow_bonus":"THREE_SMALL_POTIONS","is_prod":false,"is_daily":false,"chose_seed":false,"campfire_upgraded":3,"win_rate":0,"timestamp":1563206276,"path_taken":["M","M","?","M","?","R","$","E","T","E","R","?","R","E","R","BOSS","M","?","?","M","?","E","R","E","T","M","?","$","M","?","R","BOSS"],"build_version":"2019-07-05","purchased_purges":1,"victory":false,"max_hp_per_floor":[80,80,80,80,80,80,80,80,80,80,80,80,80,80,80,80,80,80,80,80,80,80,80,80,80,80,80,87,87,87,87,87,87],"card_choices":[{"not_picked":["Headbutt","Sever Soul"],"picked":"Pommel Strike","floor":1.0},{"not_picked":["Rupture","Havoc"],"picked":"Shockwave","floor":2.0},{"not_picked":["Flex","Seeing Red"],"picked":"Uppercut","floor":4.0},{"not_picked":["Rampage","Shrug It Off"],"picked":"Feel No Pain","floor":5.0},{"not_picked":["Wild Strike","Cleave"],"picked":"Clothesline","floor":8.0},{"not_picked":["Rage","Clash"],"picked":"Spot Weakness","floor":10.0},{"not_picked":["Barricade","Shrug It Off"],"picked":"Infernal Blade","floor":14.0},{"not_picked":["Fiend Fire","Exhume"],"picked":"Offering","floor":16.0},{"not_picked":["Wild Strike+1","Sword Boomerang+1"],"picked":"True Grit","floor":18.0},{"not_picked":["Armaments","Warcry"],"picked":"Feel No Pain+1","floor":21.0},{"not_picked":["Havoc+1","Dropkick"],"picked":"Reckless Charge","floor":22.0},{"not_picked":["Headbutt","Sentinel+1"],"picked":"Flame Barrier","floor":23.0},{"not_picked":["Blood for Blood+1","Perfected Strike+1","Anger+1"],"picked":"SKIP","floor":25.0},{"not_picked":["Body Slam+1","Havoc"],"picked":"Double Tap","floor":27.0},{"not_picked":["Twin Strike+1","Flex+1"],"picked":"Heavy Blade+1","floor":30.0}],"player_experience":161054,"relics_obtained":[{"floor":8.0,"key":"Pen Nib"},{"floor":9.0,"key":"Ancient Tea Set"},{"floor":10.0,"key":"Boot"},{"floor":14.0,"key":"Tiny Chest"},{"floor":23.0,"key":"Molten Egg 2"},{"floor":25.0,"key":"Mercury Hourglass"},{"floor":26.0,"key":"Oddly Smooth Stone"}],"event_choices":[{"damage_healed":0.0,"max_hp_gain":0.0,"max_hp_loss":0.0,"gold_gain":75.0,"event_name":"FaceTrader","player_choice":"Touch","floor":3.0,"gold_loss":0.0,"damage_taken":8.0},{"damage_healed":0.0,"max_hp_gain":0.0,"max_hp_loss":0.0,"gold_gain":0.0,"event_name":"Knowing Skull","player_choice":"","floor":20.0,"potions_obtained":[],"gold_loss":0.0,"damage_taken":8.0,"cards_obtained":[]},{"damage_healed":0.0,"max_hp_gain":0.0,"max_hp_loss":0.0,"gold_gain":0.0,"event_name":"Addict","player_choice":"Obtained Relic","floor":28.0,"gold_loss":85.0,"damage_taken":0.0,"relics_obtained":["Strawberry"]},{"damage_healed":0.0,"max_hp_gain":0.0,"max_hp_loss":0.0,"gold_gain":0.0,"event_name":"Colosseum","player_choice":"Fight","floor":31.0,"gold_loss":0.0,"damage_taken":0.0},{"damage_healed":0.0,"max_hp_gain":0.0,"max_hp_loss":0.0,"gold_gain":0.0,"event_name":"Colosseum","player_choice":"Fled From Nobs","floor":31.0,"gold_loss":0.0,"damage_taken":0.0}],"is_beta":false,"boss_relics":[{"not_picked":["Fusion Hammer","White Beast Statue"],"picked":"Cursed Key"}],"items_purged_floors":[29],"is_endless":false,"potions_floor_spawned":[2,8,10,14,21,23,27,31],"killed_by":"Collector","ascension_level":4}