{"gold_per_floor":[116,116,134,59,84,117,117,117],"floor_reached":8,"playtime":419,"items_purged":["Injury"],"score":101,"play_id":"0659c172-7147-4b81-86c3-05d0081b53a5","local_time":"20181230180650","is_ascension_mode":true,"campfire_choices":[{"data":"Neutralize","floor":7.0,"key":"SMITH"}],"neow_cost":"NONE","seed_source_timestamp":25188881543780,"circlet_count":0,"master_deck":["AscendersBane","Defend_G","Defend_G","Defend_G","Defend_G","Defend_G","Strike_G","Strike_G","Strike_G","Strike_G+1","Strike_G","Survivor","Neutralize+1","Dash+1","Backflip","Dagger Spray"],"special_seed":0,"relics":["Black Star","Golden Idol","Bottled Lightning","Whetstone"],"potions_floor_usage":[],"damage_taken":[{"damage":5.0,"enemies":"2 Louse","floor":1.0,"turns":3.0},{"damage":2.0,"enemies":"Jaw Worm","floor":3.0,"turns":5.0},{"damage":0.0,"enemies":"Cultist","floor":5.0,"turns":5.0},{"damage":22.0,"enemies":"3 Sentries","floor":6.0,"turns":16.0},{"damage":38,"enemies":"Gremlin Nob","floor":8,"turns":4}],"seed_played":"2561251316654564526","potions_obtained":[{"floor":3.0,"key":"Strength Potion"}],"is_trial":false,"path_per_floor":["M","?","M","$","M","E","R"],"character_chosen":"THE_SILENT","items_purchased":[],"campfire_rested":0,"item_purchase_floors":[],"current_hp_per_floor":[54,54,52,52,52,30,30,0],"gold":117,"neow_bonus":"BOSS_RELIC","is_prod":false,"is_daily":false,"chose_seed":false,"campfire_upgraded":1,"win_rate":0,"timestamp":1546153610,"path_taken":["M","?","M","$","M","E","R","E"],"build_version":"2018-12-25","purchased_purges":1,"victory":false,"max_hp_per_floor":[66,66,66,66,66,66,66,66],"card_choices":[{"not_picked":["Dagger Spray","Backstab"],"picked":"Dash","floor":1.0},{"not_picked":["Bane","Caltrops","Dodge and Roll"],"picked":"SKIP","floor":3.0},{"not_picked":["Bane","Caltrops","Dodge and Roll"],"picked":"SKIP","floor":3.0},{"not_picked":["Dagger Spray","Poisoned Stab"],"picked":"Backflip","floor":5.0},{"not_picked":["Flying Knee","Prepared"],"picked":"Dagger Spray","floor":6.0}],"player_experience":501411,"relics_obtained":[{"floor":6.0,"key":"Bottled Lightning"},{"floor":6.0,"key":"Whetstone"}],"event_choices":[{"damage_healed":0.0,"max_hp_gain":0.0,"max_hp_loss":0.0,"gold_gain":0.0,"event_name":"Golden Idol","player_choice":"Take Wound","floor":2.0,"gold_loss":0.0,"damage_taken":0.0,"relics_obtained":["Golden Idol"],"cards_obtained":["Injury"]}],"is_beta":true,"boss_relics":[],"items_purged_floors":[4],"is_endless":false,"potions_floor_spawned":[3],"killed_by":"Gremlin Nob","ascension_level":16}