{"gold_per_floor":[110,120,71,71,71,71,3,3,29,29,49,49,60,85,85,180,180,163,163,183,183,108,122,122,134,180,180,105,105,120,136,136,136],"floor_reached":33,"playtime":1067,"items_purged":["Strike_R"],"score":245,"play_id":"be6a9db9-127c-448e-8411-254e3f93ea55","local_time":"20181211200710","is_ascension_mode":false,"campfire_choices":[{"data":"Feel No Pain","floor":6.0,"key":"SMITH"},{"data":"Demon Form","floor":8.0,"key":"SMITH"},{"data":"Shrug It Off","floor":10.0,"key":"SMITH"},{"data":"Inflame","floor":15.0,"key":"SMITH"},{"data":"Limit Break","floor":24.0,"key":"SMITH"},{"floor":32.0,"key":"REST"}],"neow_cost":"NONE","seed_source_timestamp":305647837821891,"circlet_count":0,"master_deck":["Strike_R","Strike_R+1","Strike_R","Defend_R","Defend_R","Defend_R","Defend_R","Bash+1","Shrug It Off+1","Feel No Pain+1","Twin Strike","Demon Form+1","Pommel Strike+1","Inflame+1","Limit Break+1","Pummel","J.A.X.","Twin Strike"],"special_seed":0,"relics":["Burning Blood","Bronze Scales","Ice Cream","Mark of Pain"],"potions_floor_usage":[33,33],"damage_taken":[{"damage":9.0,"enemies":"Jaw Worm","floor":1.0,"turns":6.0},{"damage":2.0,"enemies":"Small Slimes","floor":2.0,"turns":5.0},{"damage":1.0,"enemies":"2 Louse","floor":11.0,"turns":2.0},{"damage":19.0,"enemies":"Exordium Thugs","floor":13.0,"turns":5.0},{"damage":6.0,"enemies":"Gremlin Nob","floor":14.0,"turns":3.0},{"damage":52.0,"enemies":"Slime Boss","floor":16.0,"turns":9.0},{"damage":19.0,"enemies":"2 Thieves","floor":18.0,"turns":4.0},{"damage":11.0,"enemies":"3 Byrds","floor":20.0,"turns":3.0},{"damage":21.0,"enemies":"Snake Plant","floor":23.0,"turns":2.0},{"damage":12.0,"enemies":"Centurion and Healer","floor":25.0,"turns":4.0},{"damage":28.0,"enemies":"3 Cultists","floor":30.0,"turns":4.0},{"damage":24.0,"enemies":"Snake Plant","floor":31.0,"turns":2.0},{"damage":39,"enemies":"Champ","floor":33,"turns":6}],"seed_played":"1089750949908224399","potions_obtained":[{"floor":2.0,"key":"PowerPotion"},{"floor":13.0,"key":"Swift Potion"},{"floor":16.0,"key":"Swift Potion"},{"floor":20.0,"key":"AttackPotion"},{"floor":30.0,"key":"SpeedPotion"}],"is_trial":false,"path_per_floor":["M","M","$","?","?","R","$","R","T","R","M","?","M","E","R","B",null,"M","?","M","?","$","M","R","M","T","$","?","$","M","M","R","B"],"character_chosen":"IRONCLAD","items_purchased":["Twin Strike","Demon Form"],"campfire_rested":1,"item_purchase_floors":[3,7],"current_hp_per_floor":[85,88,88,70,70,70,70,70,70,70,75,75,62,62,62,16,88,75,75,70,70,70,55,55,49,49,49,49,49,27,9,35,0],"gold":136,"neow_bonus":"TEN_PERCENT_HP_BONUS","is_prod":false,"is_daily":false,"chose_seed":false,"campfire_upgraded":5,"win_rate":0,"timestamp":1544519230,"path_taken":["M","M","$","?","?","R","?","R","T","R","?","?","M","E","R","BOSS","M","?","M","?","$","?","R","M","T","?","?","$","M","M","R","BOSS"],"build_version":"2018-12-06","purchased_purges":1,"victory":false,"max_hp_per_floor":[88,88,88,88,88,88,88,88,88,88,88,88,88,88,88,88,88,88,88,88,88,88,88,88,88,88,88,88,88,88,88,88,88],"card_choices":[{"not_picked":["Battle Trance","Twin Strike"],"picked":"Shrug It Off","floor":1.0},{"not_picked":["Iron Wave","Armaments"],"picked":"Feel No Pain","floor":2.0},{"not_picked":["Ghostly Armor","Anger"],"picked":"Pommel Strike","floor":11.0},{"not_picked":["Body Slam","Iron Wave"],"picked":"Inflame","floor":13.0},{"not_picked":["Rage","Iron Wave","Bloodletting"],"picked":"SKIP","floor":14.0},{"not_picked":["Fiend Fire","Berserk"],"picked":"Limit Break","floor":16.0},{"not_picked":["Bloodletting","Searing Blow"],"picked":"Pummel","floor":18.0},{"not_picked":["Body Slam","Rupture"],"picked":"Twin Strike","floor":20.0},{"not_picked":["Clothesline+1","Whirlwind+1","Sever Soul"],"picked":"SKIP","floor":23.0},{"not_picked":["Havoc","Whirlwind","True Grit"],"picked":"SKIP","floor":25.0},{"not_picked":["Clothesline","Anger","Heavy Blade"],"picked":"SKIP","floor":30.0},{"not_picked":["Armaments","Shockwave","Carnage+1"],"picked":"SKIP","floor":31.0}],"player_experience":452097,"relics_obtained":[{"floor":9.0,"key":"Bronze Scales"},{"floor":14.0,"key":"Ice Cream"}],"event_choices":[{"damage_healed":0.0,"max_hp_gain":0.0,"max_hp_loss":0.0,"gold_gain":0.0,"event_name":"Shining Light","player_choice":"Entered Light","floor":4.0,"gold_loss":0.0,"damage_taken":18.0,"cards_upgraded":["Strike_R","Bash"]},{"damage_healed":0.0,"max_hp_gain":0.0,"max_hp_loss":0.0,"gold_gain":0.0,"event_name":"Liars Game","player_choice":"Ignored","floor":5.0,"gold_loss":0.0,"damage_taken":0.0},{"damage_healed":0.0,"max_hp_gain":0.0,"max_hp_loss":0.0,"gold_gain":0.0,"event_name":"Accursed Blacksmith","player_choice":"Forge","floor":12.0,"gold_loss":0.0,"damage_taken":0.0,"cards_upgraded":["Pommel Strike"]},{"damage_healed":0.0,"max_hp_gain":0.0,"max_hp_loss":0.0,"gold_gain":0.0,"event_name":"Drug Dealer","player_choice":"Obtain J.A.X.","floor":19.0,"gold_loss":0.0,"damage_taken":0.0,"cards_obtained":["J.A.X."]},{"damage_healed":0.0,"max_hp_gain":0.0,"max_hp_loss":0.0,"gold_gain":0.0,"event_name":"Cursed Tome","player_choice":"Ignored","floor":21.0,"gold_loss":0.0,"damage_taken":0.0},{"cards_removed":["Strike_R"],"damage_healed":0.0,"max_hp_gain":0.0,"max_hp_loss":0.0,"gold_gain":0.0,"event_name":"Beggar","player_choice":"Gave Gold","floor":28.0,"gold_loss":75.0,"damage_taken":0.0}],"is_beta":true,"boss_relics":[{"not_picked":["Orrery","Astrolabe"],"picked":"Mark of Pain"}],"items_purged_floors":[22],"is_endless":false,"potions_floor_spawned":[2,13,16,20,30],"killed_by":"Champ","ascension_level":0}