{"gold_per_floor":[112,127,127,137,61,61,86,104,152,152,152,177,177,191,191,287,287,302,44,64,64,84,84,84,84,84,117,128,182,209,227,227,322,322,339,391,391,61,161,187,199,235,326,354,381,427,439,451,463,475],"floor_reached":51,"playtime":2916,"items_purged":["Strike_B"],"score":939,"play_id":"a014c26d-1921-4ba1-9e1b-1bd5b555d840","local_time":"20190719001859","is_ascension_mode":true,"campfire_choices":[{"data":"Sweeping Beam","floor":6.0,"key":"SMITH"},{"floor":11.0,"key":"REST"},{"floor":15.0,"key":"REST"},{"floor":23,"key":"REST"},{"floor":25,"key":"REST"},{"floor":32,"key":"REST"},{"floor":41,"key":"REST"},{"floor":47,"key":"REST"},{"floor":49,"key":"REST"}],"neow_cost":"NONE","seed_source_timestamp":0,"circlet_count":0,"master_deck":["Strike_B","Strike_B","Strike_B","Defend_B","Defend_B+1","Defend_B","Defend_B","Zap","Dualcast","Echo Form+1","Sweeping Beam+1","Genetic Algorithm","Conserve Battery","Scrape+1","Compile Driver","Stack","Go for the Eyes","Core Surge","Gash","Gash","Steam","Go for the Eyes+1","Machine Learning","Conserve Battery","Rainbow","Hello World+1","Chaos+1","Skim","Glacier+1","Stack+1","Steam"],"special_seed":0,"relics":["Cracked Core","Art of War","Omamori","Fusion Hammer","Shuriken","Nloth\u0027s Gift","PreservedInsect","Tiny Chest","Pear","Lizard Tail","Ginger","Turnip","Pantograph","Incense Burner","MawBank","Blood Vial","Mercury Hourglass","Pen Nib"],"potions_floor_usage":[27,30,40,40,40,40,45],"damage_taken":[{"damage":0.0,"enemies":"2 Louse","floor":1.0,"turns":4.0},{"damage":4.0,"enemies":"Jaw Worm","floor":2.0,"turns":4.0},{"damage":4.0,"enemies":"Small Slimes","floor":4.0,"turns":3.0},{"damage":38.0,"enemies":"Gremlin Nob","floor":7.0,"turns":5.0},{"damage":0.0,"enemies":"Blue Slaver","floor":8.0,"turns":4.0},{"damage":10.0,"enemies":"3 Sentries","floor":12.0,"turns":5.0},{"damage":5.0,"enemies":"Exordium Wildlife","floor":14.0,"turns":4.0},{"damage":0.0,"enemies":"The Guardian","floor":16.0,"turns":12.0},{"damage":24,"enemies":"Shell Parasite","floor":18,"turns":6},{"damage":3,"enemies":"Chosen","floor":20,"turns":5},{"damage":4,"enemies":"Sentry and Sphere","floor":22,"turns":5},{"damage":38,"enemies":"Slavers","floor":27,"turns":6},{"damage":7,"enemies":"Snecko","floor":28,"turns":4},{"damage":13,"enemies":"Gremlin Leader","floor":30,"turns":5},{"damage":20,"enemies":"Chosen and Byrds","floor":31,"turns":7},{"damage":54,"enemies":"Automaton","floor":33,"turns":11},{"damage":4,"enemies":"3 Shapes","floor":35,"turns":8},{"damage":75,"enemies":"2 Orb Walkers","floor":36,"turns":8},{"damage":0,"enemies":"Mind Bloom Boss Battle","floor":39,"turns":8},{"damage":48,"enemies":"Giant Head","floor":40,"turns":9},{"damage":37,"enemies":"3 Darklings","floor":44,"turns":5},{"damage":25,"enemies":"Writhing Mass","floor":45,"turns":7},{"damage":21,"enemies":"Nemesis","floor":46,"turns":7},{"damage":66,"enemies":"Awakened One","floor":50,"turns":14}],"seed_played":"6918978787912661151","potions_obtained":[{"floor":2.0,"key":"Fruit Juice"},{"floor":7.0,"key":"Strength Potion"},{"floor":12.0,"key":"Dexterity Potion"},{"floor":14.0,"key":"PowerPotion"},{"floor":22,"key":"Regen Potion"},{"floor":30,"key":"EntropicBrew"},{"floor":33,"key":"Ancient Potion"},{"floor":36,"key":"Fire Potion"},{"floor":45,"key":"Fruit Juice"},{"floor":46,"key":"SteroidPotion"}],"is_trial":false,"path_per_floor":["M","M","?","M","$","R","E","M","T","?","R","E","?","M","R","B",null,"M","$","M","?","M","R","?","R","T","E","M","T","E","M","R","B",null,"M","?","T","$","?","E","R","T","T","M","M","E","R","?","R","B",null],"character_chosen":"DEFECT","items_purchased":["Scrape","Shuriken","Pantograph"],"campfire_rested":8,"item_purchase_floors":[5,19,38],"current_hp_per_floor":[75,76,60,56,56,56,18,18,18,18,42,32,32,27,51,51,80,56,56,53,53,49,73,58,83,83,57,50,50,47,27,55,1,95,91,16,16,16,41,47,75,75,75,40,22,3,33,33,63,24],"gold":487,"neow_bonus":"ONE_RANDOM_RARE_CARD","is_prod":false,"is_daily":false,"chose_seed":false,"campfire_upgraded":1,"win_rate":0,"timestamp":1563509939,"path_taken":["M","M","?","M","$","R","E","M","T","?","R","E","?","M","R","BOSS","M","$","M","?","?","R","?","R","T","E","M","?","E","?","R","BOSS","M","?","?","$","?","E","R","?","T","?","M","E","R","?","R","BOSS"],"build_version":"2019-07-17","purchased_purges":1,"victory":true,"max_hp_per_floor":[75,80,80,80,80,80,80,80,80,80,80,80,80,80,80,80,80,80,80,80,80,80,80,85,85,85,85,85,85,95,95,95,95,95,95,95,95,95,95,95,95,95,95,95,100,100,100,100,100,100],"card_choices":[{"not_picked":["Leap","Gash"],"picked":"Sweeping Beam","floor":1.0},{"not_picked":["Streamline","Recycle"],"picked":"Genetic Algorithm","floor":2.0},{"not_picked":["Steam Power","Coolheaded"],"picked":"Conserve Battery","floor":4.0},{"not_picked":["Double Energy","Static Discharge"],"picked":"Compile Driver","floor":7.0},{"not_picked":["Aggregate","Fusion"],"picked":"Stack","floor":8.0},{"not_picked":["Gash","Stack","Lockon"],"picked":"SKIP","floor":12.0},{"not_picked":["Redo","Compile Driver"],"picked":"Go for the Eyes","floor":14.0},{"not_picked":["Machine Learning","Fission"],"picked":"Core Surge","floor":16.0},{"not_picked":["Rebound","Ball Lightning"],"picked":"Gash","floor":18},{"not_picked":["Barrage+1","Chill"],"picked":"Gash","floor":20},{"not_picked":["Redo","Blizzard"],"picked":"Steam","floor":22},{"not_picked":["Meteor Strike","Static Discharge"],"picked":"Go for the Eyes+1","floor":27},{"not_picked":["Sweeping Beam+1","Ball Lightning+1","Barrage"],"picked":"SKIP","floor":28},{"not_picked":["White Noise","Sweeping Beam"],"picked":"Machine Learning","floor":30},{"not_picked":["Redo","Turbo+1"],"picked":"Conserve Battery","floor":31},{"not_picked":["Meteor Strike","Thunder Strike"],"picked":"Rainbow","floor":33},{"not_picked":["Coolheaded","Ball Lightning+1"],"picked":"Hello World+1","floor":35},{"not_picked":["Steam+1","Barrage"],"picked":"Chaos+1","floor":36},{"not_picked":["Coolheaded","Stack"],"picked":"Skim","floor":39},{"not_picked":["Self Repair+1","Storm"],"picked":"Glacier+1","floor":40},{"not_picked":["Stack","Barrage+1","Fission"],"picked":"SKIP","floor":44},{"not_picked":["Rip and Tear+1","Force Field"],"picked":"Stack+1","floor":45},{"not_picked":["Echo Form","Compile Driver+1"],"picked":"Steam","floor":46}],"player_experience":211688,"relics_obtained":[{"floor":7.0,"key":"Bottled Flame"},{"floor":9.0,"key":"Art of War"},{"floor":12.0,"key":"Omamori"},{"floor":27,"key":"PreservedInsect"},{"floor":29,"key":"Tiny Chest"},{"floor":30,"key":"Pear"},{"floor":36,"key":"Ginger"},{"floor":37,"key":"Turnip"},{"floor":39,"key":"Incense Burner"},{"floor":40,"key":"MawBank"},{"floor":42,"key":"Blood Vial"},{"floor":43,"key":"Mercury Hourglass"},{"floor":46,"key":"Pen Nib"}],"event_choices":[{"damage_healed":0.0,"max_hp_gain":0.0,"max_hp_loss":0.0,"gold_gain":0.0,"event_name":"Shining Light","player_choice":"Entered Light","floor":3.0,"gold_loss":0.0,"damage_taken":16.0,"cards_upgraded":["Echo Form","Defend_B"]},{"damage_healed":0.0,"max_hp_gain":0.0,"max_hp_loss":0.0,"gold_gain":0.0,"event_name":"Living Wall","player_choice":"Grow","floor":10.0,"gold_loss":0.0,"damage_taken":0.0,"cards_upgraded":["Scrape"]},{"damage_healed":0.0,"max_hp_gain":0.0,"max_hp_loss":0.0,"gold_gain":0.0,"event_name":"Golden Wing","player_choice":"Ignored","floor":13.0,"gold_loss":0.0,"damage_taken":0.0},{"damage_healed":0,"gold_gain":0,"player_choice":"Traded Relic","damage_taken":0,"relics_obtained":["Nloth\u0027s Gift"],"max_hp_gain":0,"max_hp_loss":0,"event_name":"N\u0027loth","floor":21,"relics_lost":["Bottled Flame"],"gold_loss":0},{"damage_healed":0,"gold_gain":0,"player_choice":"Shed Blood","damage_taken":20,"max_hp_gain":5,"max_hp_loss":0,"event_name":"Forgotten Altar","floor":24,"gold_loss":0},{"damage_healed":0,"gold_gain":0,"player_choice":"Fight","damage_taken":0,"max_hp_gain":0,"max_hp_loss":0,"event_name":"Mysterious Sphere","floor":36,"gold_loss":0},{"damage_healed":0,"gold_gain":0,"player_choice":"Fight","damage_taken":0,"max_hp_gain":0,"max_hp_loss":0,"event_name":"MindBloom","floor":39,"gold_loss":0},{"damage_healed":0,"gold_gain":0,"player_choice":"Ignored","damage_taken":0,"max_hp_gain":0,"max_hp_loss":0,"event_name":"Tomb of Lord Red Mask","floor":48,"gold_loss":0}],"is_beta":false,"boss_relics":[{"not_picked":["Velvet Choker","Pandora\u0027s Box"],"picked":"Fusion Hammer"},{"not_picked":["Sozu","Nuclear Battery"],"picked":"Lizard Tail"}],"items_purged_floors":[38],"is_endless":false,"potions_floor_spawned":[2,7,12,14,20,22,30,33,36,45,46],"ascension_level":3}