{"gold_per_floor":[111,128,95,114,128,155,155,185,208,276,303,322,334,32,32,132,132,146,245,260,260,275,275,302,302],"floor_reached":25,"playtime":1018,"items_purged":[],"score":304,"play_id":"b54bd2da-f507-4fd3-9be5-5df697170d1a","local_time":"20190719221842","is_ascension_mode":true,"campfire_choices":[{"data":"Scrape","floor":7,"key":"SMITH"},{"floor":15,"key":"REST"},{"floor":23,"key":"REST"}],"neow_cost":"NONE","seed_source_timestamp":819292534528215,"circlet_count":0,"master_deck":["Strike_B","Strike_B","Strike_B","Strike_B","Defend_B","Defend_B","Defend_B","Defend_B","Zap","Dualcast","Auto Shields","Go for the Eyes","Sunder","Scrape+1","FTL","Hello World","White Noise","Leap","Defragment","Rebound","Compile Driver","Creative AI","White Noise","Sweeping Beam","Defragment","Sweeping Beam","Thunder Strike"],"relics":["Cracked Core","NeowsBlessing","Art of War","Orichalcum","Vajra","PreservedInsect","OrangePellets","Lizard Tail","Potion Belt"],"potions_floor_usage":[11,13,13,16,22],"damage_taken":[{"damage":0,"enemies":"Cultist","floor":1,"turns":1},{"damage":0,"enemies":"Small Slimes","floor":2,"turns":1},{"damage":0,"enemies":"2 Louse","floor":4,"turns":1},{"damage":8,"enemies":"Blue Slaver","floor":5,"turns":3},{"damage":24,"enemies":"Gremlin Nob","floor":6,"turns":4},{"damage":17,"enemies":"3 Sentries","floor":8,"turns":8},{"damage":18,"enemies":"Gremlin Nob","floor":11,"turns":4},{"damage":4,"enemies":"2 Fungi Beasts","floor":12,"turns":3},{"damage":0,"enemies":"Red Slaver","floor":13,"turns":4},{"damage":7,"enemies":"Slime Boss","floor":16,"turns":6},{"damage":21,"enemies":"Spheric Guardian","floor":18,"turns":4},{"damage":23,"enemies":"2 Thieves","floor":20,"turns":4},{"damage":8,"enemies":"Snecko","floor":22,"turns":4},{"damage":32,"enemies":"Gremlin Leader","floor":24,"turns":5},{"damage":45,"enemies":"Shelled Parasite and Fungi","floor":25,"turns":5}],"seed_played":"1581250057670532892","potions_obtained":[{"floor":1,"key":"FearPotion"},{"floor":4,"key":"Regen Potion"},{"floor":6,"key":"EssenceOfSteel"},{"floor":12,"key":"Block Potion"},{"floor":16,"key":"SpeedPotion"},{"floor":18,"key":"SteroidPotion"},{"floor":22,"key":"FearPotion"}],"is_trial":false,"path_per_floor":["M","M","$","M","M","E","R","E","T","?","E","M","M","$","R","B",null,"M","?","M","?","M","R","E","M"],"character_chosen":"DEFECT","items_purchased":["Sunder","OrangePellets","SkillPotion","Compile Driver"],"campfire_rested":2,"item_purchase_floors":[3,14,14,14],"current_hp_per_floor":[75,75,75,75,67,43,43,26,26,26,8,4,16,16,38,31,64,43,43,20,20,12,34,2,0],"gold":302,"neow_bonus":"THREE_ENEMY_KILL","is_prod":false,"is_daily":false,"chose_seed":false,"campfire_upgraded":1,"win_rate":0,"timestamp":1563589122,"path_taken":["M","?","$","M","M","E","R","E","T","?","E","M","M","$","R","BOSS","M","?","M","?","?","R","E","M"],"build_version":"2019-07-17","purchased_purges":0,"victory":false,"max_hp_per_floor":[75,75,75,75,75,75,75,75,75,75,75,75,75,75,75,75,75,75,75,75,75,75,75,75,75],"card_choices":[{"not_picked":["Force Field","Barrage"],"picked":"Auto Shields","floor":1},{"not_picked":["Streamline","Reprogram"],"picked":"Go for the Eyes","floor":2},{"not_picked":["Tempest","Hologram"],"picked":"Scrape","floor":4},{"not_picked":["Rebound","Rainbow"],"picked":"FTL","floor":5},{"not_picked":["Steam","Rebound"],"picked":"Hello World","floor":6},{"not_picked":["Turbo","Redo"],"picked":"White Noise","floor":8},{"not_picked":["Barrage","Gash"],"picked":"Leap","floor":11},{"not_picked":["Steam Power","Gash"],"picked":"Defragment","floor":12},{"not_picked":["Fission","Barrage"],"picked":"Rebound","floor":13},{"not_picked":["Fission","All For One"],"picked":"Creative AI","floor":16},{"not_picked":["Compile Driver","Hologram+1"],"picked":"White Noise","floor":18},{"not_picked":["Steam Power","Rip and Tear"],"picked":"Sweeping Beam","floor":20},{"not_picked":["Coolheaded","Barrage"],"picked":"Sweeping Beam","floor":22},{"not_picked":["Compile Driver","Streamline+1"],"picked":"Thunder Strike","floor":24}],"player_experience":225597,"relics_obtained":[{"floor":6,"key":"Art of War"},{"floor":8,"key":"Orichalcum"},{"floor":9,"key":"Vajra"},{"floor":11,"key":"PreservedInsect"},{"floor":24,"key":"Potion Belt"}],"event_choices":[{"damage_healed":0,"gold_gain":68,"player_choice":"Gained Gold","damage_taken":0,"max_hp_gain":0,"max_hp_loss":0,"event_name":"Golden Wing","floor":10,"gold_loss":0},{"damage_healed":0,"gold_gain":99,"player_choice":"Stole From Cult","damage_taken":0,"max_hp_gain":0,"max_hp_loss":0,"event_name":"Nest","floor":19,"gold_loss":0},{"damage_healed":0,"gold_gain":0,"player_choice":"Copied","damage_taken":0,"max_hp_gain":0,"max_hp_loss":0,"event_name":"Duplicator","floor":21,"gold_loss":0,"cards_obtained":["Defragment"]}],"is_beta":false,"boss_relics":[{"not_picked":["Fusion Hammer","Coffee Dripper"],"picked":"Lizard Tail"}],"items_purged_floors":[],"is_endless":false,"potions_floor_spawned":[1,4,6,12,16,18,22],"killed_by":"Shelled Parasite and Fungi","ascension_level":5}