{"gold_per_floor":[115,135,145,160,40,40,68,68,68,68,80,80,112,122,122,227,227,247,147,147,162,261,295,312,312,312,312,345,50,80,95,95,197,197,208,228,228,228,228,228],"floor_reached":40,"playtime":2037,"items_purged":["Strike_G","Strike_G"],"score":806,"play_id":"a8a10866-fd88-486f-a7bf-d28c146b2094","local_time":"20181106201815","is_ascension_mode":true,"campfire_choices":[{"floor":6.0,"key":"REST"},{"floor":8.0,"key":"REST"},{"floor":10.0,"key":"REST"},{"floor":15.0,"key":"RECALL"},{"floor":27.0,"key":"REST"},{"floor":32,"key":"REST"}],"neow_cost":"NONE","seed_source_timestamp":284201687908715,"circlet_count":0,"master_deck":["AscendersBane","Defend_G","Defend_G","Defend_G","Defend_G","Defend_G","Strike_G","Strike_G","Strike_G","Survivor","Neutralize+1","Quick Slash","Backflip","Dagger Spray","Backflip","Blur","Backstab","Riddle With Holes+1","After Image","Cloak And Dagger+1","Corpse Explosion","Footwork","Leg Sweep","Well Laid Plans","Flash of Steel+1","Storm of Steel","Leg Sweep"],"special_seed":0,"relics":["Fusion Hammer","Art of War","Pen Nib","Molten Egg 2","Cursed Key","FossilizedHelix","Blue Candle","Bag of Marbles","Blood Vial","White Beast Statue","SsserpentHead"],"potions_floor_usage":[40,40],"damage_taken":[{"damage":0.0,"enemies":"Jaw Worm","floor":1.0,"turns":4.0},{"damage":1.0,"enemies":"Small Slimes","floor":2.0,"turns":3.0},{"damage":0.0,"enemies":"Cultist","floor":3.0,"turns":4.0},{"damage":3.0,"enemies":"Blue Slaver","floor":4.0,"turns":3.0},{"damage":20.0,"enemies":"3 Sentries","floor":7.0,"turns":9.0},{"damage":0.0,"enemies":"2 Fungi Beasts","floor":11.0,"turns":5.0},{"damage":0.0,"enemies":"Lagavulin","floor":13.0,"turns":9.0},{"damage":0.0,"enemies":"Exordium Wildlife","floor":14.0,"turns":3.0},{"damage":20.0,"enemies":"The Guardian","floor":16.0,"turns":16.0},{"damage":0.0,"enemies":"Chosen","floor":18.0,"turns":6.0},{"damage":7.0,"enemies":"Spheric Guardian","floor":21.0,"turns":4.0},{"damage":56.0,"enemies":"Book of Stabbing","floor":23.0,"turns":9.0},{"damage":0.0,"enemies":"Shelled Parasite and Fungi","floor":24.0,"turns":7.0},{"damage":2.0,"enemies":"Gremlin Leader","floor":28.0,"turns":8.0},{"damage":7.0,"enemies":"Book of Stabbing","floor":30.0,"turns":7.0},{"damage":6,"enemies":"Chosen and Byrds","floor":31,"turns":6},{"damage":30,"enemies":"Collector","floor":33,"turns":14},{"damage":0,"enemies":"3 Darklings","floor":35,"turns":4},{"damage":0,"enemies":"Orb Walker","floor":36,"turns":5},{"damage":66,"enemies":"Giant Head","floor":40,"turns":13}],"seed_played":"2203113079941836893","potions_obtained":[{"floor":1.0,"key":"LiquidBronze"},{"floor":4.0,"key":"Swift Potion"},{"floor":7.0,"key":"Explosive Potion"},{"floor":11.0,"key":"Strength Potion"},{"floor":14.0,"key":"Strength Potion"},{"floor":24.0,"key":"AttackPotion"},{"floor":30.0,"key":"Dexterity Potion"},{"floor":31,"key":"AttackPotion"}],"is_trial":false,"path_per_floor":["M","M","M","M","$","R","E","R","T","R","M","?","E","M","R","B",null,"M","$","?","M","?","E","M","?","T","R","E","$","E","M","R","B",null,"M","M","?","$","?","E"],"character_chosen":"THE_SILENT","items_purchased":["Backflip","Bag of Marbles","Well Laid Plans","Flash of Steel+1"],"campfire_rested":5,"item_purchase_floors":[5,29,29,29],"current_hp_per_floor":[63,62,62,59,59,70,50,70,70,70,70,75,75,75,75,55,70,70,70,70,63,63,7,7,7,7,29,27,27,20,16,38,10,59,61,63,63,63,63,0],"gold":228,"neow_bonus":"BOSS_RELIC","is_prod":false,"is_daily":false,"chose_seed":false,"campfire_upgraded":0,"win_rate":0,"timestamp":1541495895,"path_taken":["M","M","M","M","$","R","E","R","T","R","M","?","E","M","R","BOSS","M","$","?","?","?","E","M","?","T","R","E","?","E","M","R","BOSS","M","M","?","$","?","E"],"build_version":"2018-11-05","purchased_purges":2,"victory":false,"max_hp_per_floor":[70,70,70,70,70,70,70,70,70,70,70,75,75,75,75,75,75,75,75,75,75,75,75,75,75,75,75,75,75,75,75,75,75,75,75,75,75,75,75,75],"card_choices":[{"not_picked":["Eviscerate","Underhanded Strike","Dodge and Roll"],"picked":"SKIP","floor":1.0},{"not_picked":["Predator","Outmaneuver"],"picked":"Quick Slash","floor":2.0},{"not_picked":["Backstab","Distraction"],"picked":"Backflip","floor":3.0},{"not_picked":["Slice","Bane"],"picked":"Dagger Spray","floor":4.0},{"not_picked":["Bane","Expertise"],"picked":"Blur","floor":7.0},{"not_picked":["Prepared","Eviscerate"],"picked":"Backstab","floor":11.0},{"not_picked":["Flechettes","PiercingWail","Finisher"],"picked":"SKIP","floor":13.0},{"not_picked":["Dodge and Roll","Flechettes+1"],"picked":"Riddle With Holes+1","floor":14.0},{"not_picked":["Die Die Die+1","Wraith Form v2"],"picked":"After Image","floor":16.0},{"not_picked":["Prepared","Predator+1"],"picked":"Cloak And Dagger+1","floor":18.0},{"not_picked":["Prepared","Dagger Throw+1","Underhanded Strike+1"],"picked":"SKIP","floor":21.0},{"not_picked":["Bane+1","Concentrate"],"picked":"Corpse Explosion","floor":23.0},{"not_picked":["Deadly Poison","Quick Slash+1"],"picked":"Footwork","floor":24.0},{"not_picked":["Infinite Blades","Underhanded Strike+1"],"picked":"Leg Sweep","floor":28.0},{"not_picked":["Setup","Blade Dance","Dodge and Roll"],"picked":"SKIP","floor":30.0},{"not_picked":["Slice+1","Heel Hook+1","Outmaneuver+1"],"picked":"SKIP","floor":31},{"not_picked":["Wraith Form v2","Die Die Die+1"],"picked":"Storm of Steel","floor":33},{"not_picked":["Cloak And Dagger","Flying Knee+1"],"picked":"Leg Sweep","floor":35},{"not_picked":["Distraction","Blade Dance","Dodge and Roll"],"picked":"SKIP","floor":36}],"player_experience":435115,"relics_obtained":[{"floor":7.0,"key":"Art of War"},{"floor":9.0,"key":"Pen Nib"},{"floor":13.0,"key":"Molten Egg 2"},{"floor":23.0,"key":"FossilizedHelix"},{"floor":28.0,"key":"Blue Candle"},{"floor":30.0,"key":"Blood Vial"}],"event_choices":[{"damage_healed":0.0,"max_hp_gain":5.0,"max_hp_loss":0.0,"gold_gain":0.0,"event_name":"Big Fish","player_choice":"Donut","floor":12.0,"gold_loss":0.0,"damage_taken":0.0},{"damage_healed":0.0,"max_hp_gain":0.0,"max_hp_loss":0.0,"gold_gain":0.0,"event_name":"Accursed Blacksmith","player_choice":"Forge","floor":20.0,"gold_loss":0.0,"damage_taken":0.0,"cards_upgraded":["Neutralize"]},{"damage_healed":0.0,"max_hp_gain":0.0,"max_hp_loss":0.0,"gold_gain":99.0,"event_name":"Nest","player_choice":"Stole From Cult","floor":22.0,"gold_loss":0.0,"damage_taken":0.0},{"damage_healed":0.0,"max_hp_gain":0.0,"max_hp_loss":0.0,"gold_gain":0.0,"event_name":"Ghosts","player_choice":"Ignored","floor":25.0,"gold_loss":0.0,"damage_taken":0.0},{"damage_healed":0,"gold_gain":0,"player_choice":"Ignored","damage_taken":0,"max_hp_gain":0,"max_hp_loss":0,"event_name":"Mysterious Sphere","floor":37,"gold_loss":0},{"damage_healed":0,"gold_gain":0,"player_choice":"Trade","damage_taken":0,"relics_obtained":["SsserpentHead"],"max_hp_gain":0,"max_hp_loss":0,"event_name":"FaceTrader","floor":39,"gold_loss":0}],"is_beta":true,"boss_relics":[{"not_picked":["Philosopher\u0027s Stone","Velvet Choker"],"picked":"Cursed Key"},{"not_picked":["HoveringKite","Runic Pyramid"],"picked":"White Beast Statue"}],"items_purged_floors":[5,19],"is_endless":false,"potions_floor_spawned":[1,4,7,11,14,21,24,30,31,35,36],"killed_by":"Giant Head","ascension_level":12}