{"gold_per_floor":[124,136,113,95,121,133,179,211,223,235,274,354,366,408,420,535,547,574,599,145,145,145,145,179,213,264,277,305,305,317,362,362,463,463,478,493,509,533,549,549,582,582,608,608,619,77,96,123,123,123,123,123,45,74,74],"floor_reached":55,"playtime":3714,"items_purged":["Strike_G"],"score":964,"play_id":"e8c88bdf-551d-49d4-9a06-f0d66c4bdfc3","local_time":"20190717231419","is_ascension_mode":true,"campfire_choices":[{"data":"Neutralize","floor":6.0,"key":"SMITH"},{"floor":10.0,"key":"REST"},{"floor":13.0,"key":"REST"},{"floor":15.0,"key":"REST"},{"data":"Blade Dance","floor":23.0,"key":"SMITH"},{"floor":29.0,"key":"REST"},{"data":"Cloak And Dagger","floor":32.0,"key":"SMITH"},{"data":"After Image","floor":40.0,"key":"SMITH"},{"data":"Crippling Poison","floor":42.0,"key":"SMITH"},{"data":"Crippling Poison","floor":44.0,"key":"SMITH"},{"floor":49,"key":"RECALL"},{"data":"Footwork","floor":52,"key":"SMITH"}],"neow_cost":"NONE","seed_source_timestamp":647048263227240,"circlet_count":0,"master_deck":["Strike_G+1","Strike_G+1","Strike_G+1","Strike_G+1","Defend_G+1","Defend_G+1","Defend_G+1","Defend_G+1","Defend_G+1","Survivor","Neutralize+1","Finisher+1","All Out Attack","PiercingWail","Sucker Punch+1","PiercingWail","Footwork+1","Glass Knife+1","Blade Dance+1","Crippling Poison+1","Cloak And Dagger+1","Dodge and Roll","Cloak And Dagger+1","Backstab+1","After Image+1","Cloak And Dagger+1","Escape Plan","Crippling Poison+1","Crippling Poison+1","Dodge and Roll+1","Backflip+1","Well Laid Plans","Cloak And Dagger+1","Blur+1"],"special_seed":0,"relics":["Ring of the Snake","MawBank","Pocketwatch","Mummified Hand","Torii","Shuriken","Eternal Feather","Snake Skull","War Paint","Red Mask","Whetstone","Art of War","Anchor","Coffee Dripper","Potion Belt","Pen Nib","Bag of Preparation","Oddly Smooth Stone","Bronze Scales","Lee\u0027s Waffle","Toxic Egg 2","Bag of Marbles"],"potions_floor_usage":[45,50,55,55],"damage_taken":[{"damage":0.0,"enemies":"Jaw Worm","floor":1.0,"turns":5.0},{"damage":2.0,"enemies":"2 Louse","floor":5.0,"turns":3.0},{"damage":36.0,"enemies":"Lagavulin","floor":7.0,"turns":9.0},{"damage":1.0,"enemies":"Small Slimes","floor":8.0,"turns":2.0},{"damage":16.0,"enemies":"Gremlin Nob","floor":11.0,"turns":4.0},{"damage":21.0,"enemies":"Lagavulin","floor":14.0,"turns":6.0},{"damage":10.0,"enemies":"Slime Boss","floor":16.0,"turns":10.0},{"damage":1.0,"enemies":"Chosen","floor":18.0,"turns":6.0},{"damage":2.0,"enemies":"Shell Parasite","floor":19.0,"turns":5.0},{"damage":2.0,"enemies":"Masked Bandits","floor":24.0,"turns":4.0},{"damage":28.0,"enemies":"Slavers","floor":25.0,"turns":8.0},{"damage":8.0,"enemies":"Snake Plant","floor":27.0,"turns":6.0},{"damage":2.0,"enemies":"Book of Stabbing","floor":28.0,"turns":5.0},{"damage":1.0,"enemies":"Sentry and Sphere","floor":30.0,"turns":3.0},{"damage":29.0,"enemies":"Automaton","floor":33.0,"turns":11.0},{"damage":0.0,"enemies":"3 Shapes","floor":35.0,"turns":3.0},{"damage":7.0,"enemies":"3 Darklings","floor":36.0,"turns":5.0},{"damage":27.0,"enemies":"Spire Growth","floor":37.0,"turns":5.0},{"damage":0.0,"enemies":"Maw","floor":39.0,"turns":7.0},{"damage":3.0,"enemies":"Reptomancer","floor":41.0,"turns":6.0},{"damage":2,"enemies":"Writhing Mass","floor":45,"turns":4},{"damage":8,"enemies":"Spire Growth","floor":47,"turns":5},{"damage":8,"enemies":"Nemesis","floor":48,"turns":5},{"damage":26,"enemies":"Time Eater","floor":50,"turns":11},{"damage":13,"enemies":"Shield and Spear","floor":54,"turns":8},{"damage":66,"enemies":"The Heart","floor":55,"turns":6}],"seed_played":"-2878421624937728815","potions_obtained":[{"floor":1.0,"key":"LiquidBronze"},{"floor":4.0,"key":"SkillPotion"},{"floor":4.0,"key":"SkillPotion"},{"floor":11.0,"key":"AttackPotion"},{"floor":14.0,"key":"Regen Potion"},{"floor":19.0,"key":"SneckoOil"},{"floor":27.0,"key":"GhostInAJar"},{"floor":33.0,"key":"Explosive Potion"},{"floor":36.0,"key":"FearPotion"},{"floor":45,"key":"Dexterity Potion"}],"is_trial":false,"path_per_floor":["M","?","?","?","M","R","E","M","T","R","E","?","R","E","R","B",null,"M","M","$","?","?","R","?","E","T","M","E","R","M","T","R","B",null,"M","M","M","T","M","R","E","R","T","R","M","$","M","E","R","B",null,"R","$","E","B"],"character_chosen":"THE_SILENT","items_purchased":["Snake Skull","Cloak And Dagger","War Paint","Dodge and Roll","Oddly Smooth Stone","Bronze Scales","Lee\u0027s Waffle","Well Laid Plans","Blur+1"],"campfire_rested":4,"item_purchase_floors":[20,20,20,20,46,46,46,46,53],"current_hp_per_floor":[70,56,70,70,68,68,32,31,31,52,36,36,57,36,57,47,64,63,70,70,70,70,70,68,40,40,32,30,63,62,62,70,41,63,63,56,29,29,29,44,41,59,59,70,68,77,69,61,77,51,71,77,77,64,0],"gold":74,"neow_bonus":"RANDOM_COMMON_RELIC","is_prod":false,"is_daily":false,"chose_seed":false,"campfire_upgraded":7,"win_rate":0,"timestamp":1563419659,"path_taken":["M","?","?","?","M","R","E","?","T","R","E","?","R","E","R","BOSS","M","M","$","?","?","R","?","E","T","M","E","R","M","?","R","BOSS","M","M","M","?","M","R","E","R","T","R","M","$","M","E","R","BOSS","R","$","E","BOSS"],"build_version":"2019-07-17","purchased_purges":1,"victory":false,"max_hp_per_floor":[70,70,70,70,70,70,70,70,70,70,70,70,70,70,70,70,70,70,70,70,70,70,70,70,70,70,70,70,70,70,70,70,70,70,70,70,70,70,70,70,70,70,70,70,70,77,77,77,77,77,77,77,77,77,77],"card_choices":[{"not_picked":["Well Laid Plans","Riddle With Holes"],"picked":"Finisher","floor":1.0},{"not_picked":["Dagger Throw","Deadly Poison"],"picked":"All Out Attack","floor":5.0},{"not_picked":["Distraction","Deadly Poison"],"picked":"PiercingWail","floor":7.0},{"not_picked":["Night Terror","Deflect"],"picked":"Sucker Punch","floor":8.0},{"not_picked":["Prepared","Bane"],"picked":"PiercingWail","floor":11.0},{"not_picked":["Outmaneuver","Prepared"],"picked":"Footwork","floor":14.0},{"not_picked":["Unload","Bullet Time"],"picked":"Glass Knife","floor":16.0},{"not_picked":["Dagger Throw","Sucker Punch+1"],"picked":"Blade Dance","floor":18.0},{"not_picked":["Deadly Poison","Calculated Gamble+1"],"picked":"Crippling Poison","floor":19.0},{"not_picked":["Dagger Throw+1","Endless Agony+1"],"picked":"Cloak And Dagger+1","floor":25.0},{"not_picked":["Bane","Skewer","Sucker Punch"],"picked":"SKIP","floor":27.0},{"not_picked":["Bane","Slice"],"picked":"Backstab+1","floor":28.0},{"not_picked":["Acrobatics+1","Tools of the Trade","Underhanded Strike+1"],"picked":"SKIP","floor":30.0},{"not_picked":["Die Die Die","Wraith Form v2"],"picked":"After Image","floor":33.0},{"not_picked":["Sucker Punch+1","Underhanded Strike"],"picked":"Cloak And Dagger+1","floor":35.0},{"not_picked":["Skewer+1","Flying Knee"],"picked":"Escape Plan","floor":36.0},{"not_picked":["Deadly Poison","Acrobatics"],"picked":"Crippling Poison","floor":37.0},{"not_picked":["Dagger Spray+1","Acrobatics"],"picked":"Crippling Poison+1","floor":39.0},{"not_picked":["A Thousand Cuts","Phantasmal Killer"],"picked":"Dodge and Roll+1","floor":41.0},{"not_picked":["PiercingWail","Riddle With Holes+1"],"picked":"Backflip+1","floor":45},{"not_picked":["Quick Slash","Slice+1","Dagger Throw+1"],"picked":"SKIP","floor":47},{"not_picked":["Escape Plan+1","Quick Slash+1"],"picked":"Cloak And Dagger+1","floor":48},{"not_picked":["Slice+1","Acrobatics+1","Skewer+1"],"picked":"SKIP","floor":54}],"player_experience":201605,"relics_obtained":[{"floor":7.0,"key":"Pocketwatch"},{"floor":9.0,"key":"Mummified Hand"},{"floor":11.0,"key":"Torii"},{"floor":14.0,"key":"Shuriken"},{"floor":24.0,"key":"Red Mask"},{"floor":25.0,"key":"Whetstone"},{"floor":26.0,"key":"Art of War"},{"floor":28.0,"key":"Anchor"},{"floor":38.0,"key":"Potion Belt"},{"floor":41.0,"key":"Pen Nib"},{"floor":43.0,"key":"Bag of Preparation"},{"floor":48,"key":"Toxic Egg 2"},{"floor":54,"key":"Bag of Marbles"}],"event_choices":[{"damage_healed":0.0,"max_hp_gain":0.0,"max_hp_loss":0.0,"gold_gain":0.0,"event_name":"Shining Light","player_choice":"Entered Light","floor":2.0,"gold_loss":0.0,"damage_taken":14.0,"cards_upgraded":["Strike_G","Finisher"]},{"damage_healed":17.0,"max_hp_gain":0.0,"max_hp_loss":0.0,"gold_gain":0.0,"event_name":"The Cleric","player_choice":"Healed","floor":3.0,"gold_loss":35.0,"damage_taken":0.0},{"damage_healed":0.0,"max_hp_gain":0.0,"max_hp_loss":0.0,"gold_gain":0.0,"event_name":"The Woman in Blue","player_choice":"Bought 2 Potions","floor":4.0,"gold_loss":0.0,"damage_taken":0.0},{"damage_healed":0.0,"max_hp_gain":0.0,"max_hp_loss":0.0,"gold_gain":68.0,"event_name":"Golden Wing","player_choice":"Gained Gold","floor":12.0,"gold_loss":0.0,"damage_taken":0.0},{"damage_healed":0.0,"max_hp_gain":0.0,"max_hp_loss":0.0,"gold_gain":0.0,"event_name":"Back to Basics","player_choice":"Simplicity","floor":21.0,"gold_loss":0.0,"damage_taken":0.0,"cards_upgraded":["Strike_G","Strike_G","Strike_G","Defend_G","Defend_G","Defend_G"]},{"damage_healed":0.0,"max_hp_gain":0.0,"max_hp_loss":0.0,"gold_gain":0.0,"event_name":"Ghosts","player_choice":"Ignored","floor":22.0,"gold_loss":0.0,"damage_taken":0.0},{"damage_healed":0.0,"max_hp_gain":0.0,"max_hp_loss":0.0,"gold_gain":0.0,"event_name":"Masked Bandits","player_choice":"Fought Bandits","floor":24.0,"gold_loss":0.0,"damage_taken":0.0}],"is_beta":false,"boss_relics":[{"not_picked":["Lizard Tail","Busted Crown"],"picked":"Eternal Feather"},{"not_picked":["Snecko Eye","Empty Cage"],"picked":"Coffee Dripper"}],"items_purged_floors":[20],"is_endless":false,"potions_floor_spawned":[1,11,14,18,19,27,33,36,37,45],"killed_by":"The Heart","ascension_level":5}