{"gold_per_floor":[215,229,504,523,143,204,224,224,224,253,263,263,263],"floor_reached":13,"playtime":581,"items_purged":["Regret"],"score":190,"play_id":"2dd82c8f-8c1c-4c18-ab2c-6ba883b1e88c","local_time":"20190706101800","is_ascension_mode":true,"campfire_choices":[{"data":"Corpse Explosion","floor":8.0,"key":"SMITH"},{"data":"Mayhem","floor":12,"key":"SMITH"}],"neow_cost":"NONE","seed_source_timestamp":2032365856312300,"circlet_count":0,"master_deck":["AscendersBane","Strike_G","Strike_G","Strike_G","Strike_G","Strike_G","Defend_G","Defend_G","Defend_G","Defend_G","Defend_G","Survivor","Neutralize","Leg Sweep","Heel Hook","Crippling Poison","Mayhem+1","Well Laid Plans","Sucker Punch","Backflip","Corpse Explosion+1","Deadly Poison","Deadly Poison"],"special_seed":0,"relics":["Ring of the Snake","Tiny Chest","Bottled Tornado","Dead Branch"],"potions_floor_usage":[10,10,13],"damage_taken":[{"damage":5.0,"enemies":"Small Slimes","floor":1.0,"turns":4.0},{"damage":3.0,"enemies":"Cultist","floor":2.0,"turns":6.0},{"damage":4.0,"enemies":"2 Louse","floor":4.0,"turns":4.0},{"damage":16.0,"enemies":"Lagavulin","floor":6.0,"turns":10.0},{"damage":11.0,"enemies":"Lots of Slimes","floor":7.0,"turns":5.0},{"damage":18,"enemies":"Gremlin Nob","floor":10,"turns":4},{"damage":0,"enemies":"3 Louse","floor":11,"turns":2},{"damage":2,"enemies":"Large Slime","floor":13,"turns":4}],"seed_played":"-6287500567743859861","potions_obtained":[{"floor":1.0,"key":"Energy Potion"},{"floor":2.0,"key":"Strength Potion"},{"floor":6.0,"key":"SteroidPotion"},{"floor":11,"key":"Weak Potion"}],"is_trial":false,"path_per_floor":["M","M","?","M","$","E","M","R","T","E","M","R","M"],"character_chosen":"THE_SILENT","items_purchased":["Mayhem","Well Laid Plans","Sucker Punch"],"campfire_rested":0,"item_purchase_floors":[5,5,5],"current_hp_per_floor":[54,51,51,47,47,31,20,20,20,2,2,2,0],"gold":263,"neow_bonus":"HUNDRED_GOLD","is_prod":false,"is_daily":false,"chose_seed":false,"campfire_upgraded":2,"win_rate":0,"timestamp":1562401080,"path_taken":["M","M","?","M","$","E","M","R","T","E","?","R","M"],"build_version":"2019-07-05","purchased_purges":1,"victory":false,"max_hp_per_floor":[66,66,66,66,66,66,66,66,66,66,66,66,66],"card_choices":[{"not_picked":["Expertise","Accuracy"],"picked":"Leg Sweep","floor":1.0},{"not_picked":["Flechettes","Underhanded Strike"],"picked":"Heel Hook","floor":2.0},{"not_picked":["Dodge and Roll","Outmaneuver"],"picked":"Crippling Poison","floor":4.0},{"not_picked":["Concentrate","Flechettes"],"picked":"Backflip","floor":6.0},{"not_picked":["Slice","Distraction"],"picked":"Corpse Explosion","floor":7.0},{"not_picked":["Setup","Flying Knee"],"picked":"Deadly Poison","floor":10},{"not_picked":["Concentrate","Dagger Spray"],"picked":"Deadly Poison","floor":11}],"player_experience":610669,"relics_obtained":[{"floor":6.0,"key":"Tiny Chest"},{"floor":9.0,"key":"Bottled Tornado"},{"floor":10,"key":"Dead Branch"}],"event_choices":[{"damage_healed":0.0,"max_hp_gain":0.0,"max_hp_loss":0.0,"gold_gain":275.0,"event_name":"Golden Shrine","player_choice":"Desecrate","floor":3.0,"gold_loss":0.0,"damage_taken":0.0,"cards_obtained":["Regret"]}],"is_beta":false,"boss_relics":[],"items_purged_floors":[5],"is_endless":false,"potions_floor_spawned":[1,2,6,11],"killed_by":"Large Slime","ascension_level":20}