{"gold_per_floor":[110,121,10,27,40,40,140,154,178,191,112,124,55,70,70,167,167,178,178,139,64,75,75,75,75,129,142,142,142],"floor_reached":29,"playtime":1734,"items_purged":[],"score":242,"play_id":"e129bc66-eb9a-4c62-94ed-7476d74ef1df","local_time":"20190711104702","is_ascension_mode":false,"campfire_choices":[{"data":"Creative AI","floor":6,"key":"SMITH"},{"floor":15,"key":"REST"},{"data":"White Noise","floor":23,"key":"SMITH"},{"data":"Capacitor","floor":25,"key":"SMITH"}],"neow_cost":"NONE","seed_source_timestamp":85865312206232,"circlet_count":0,"master_deck":["Strike_B","Strike_B","Defend_B","Defend_B","Defend_B","Defend_B","Zap","Dualcast","Capacitor+1","Heatsinks","White Noise+1","Creative AI+1","Static Discharge","Defragment","Loop","Storm","Leap","Loop","Self Repair","Electrodynamics","Biased Cognition+1","Compile Driver+1","White Noise+1","Loop","Self Repair","Loop","Heatsinks"],"relics":["Cracked Core","Anchor","Astrolabe","PreservedInsect","Nilry\u0027s Codex"],"potions_floor_usage":[4,16,16,16],"damage_taken":[{"damage":6,"enemies":"Jaw Worm","floor":1,"turns":4},{"damage":7,"enemies":"Cultist","floor":2,"turns":5},{"damage":0,"enemies":"2 Louse","floor":4,"turns":3},{"damage":5,"enemies":"Looter","floor":5,"turns":4},{"damage":12,"enemies":"Blue Slaver","floor":8,"turns":5},{"damage":11,"enemies":"Red Slaver","floor":10,"turns":4},{"damage":6,"enemies":"Large Slime","floor":12,"turns":4},{"damage":24,"enemies":"Exordium Thugs","floor":14,"turns":4},{"damage":4,"enemies":"The Guardian","floor":16,"turns":8},{"damage":5,"enemies":"Spheric Guardian","floor":18,"turns":3},{"damage":5,"enemies":"3 Byrds","floor":22,"turns":2},{"damage":23,"enemies":"Snecko","floor":27,"turns":5},{"damage":42,"enemies":"Centurion and Healer","floor":29,"turns":4}],"seed_played":"1681144847375511098","potions_obtained":[{"floor":1,"key":"AttackPotion"},{"floor":5,"key":"PowerPotion"},{"floor":8,"key":"Regen Potion"},{"floor":12,"key":"Energy Potion"},{"floor":22,"key":"FocusPotion"},{"floor":27,"key":"Ancient Potion"}],"is_trial":false,"path_per_floor":["M","M","$","M","M","R","?","M","T","M","$","M","$","M","R","B",null,"M","?","$","?","M","R","$","R","T","M","?","M"],"character_chosen":"DEFECT","items_purchased":["Heatsinks","White Noise","Storm","Loop","Self Repair"],"campfire_rested":1,"item_purchase_floors":[3,3,11,13,20],"current_hp_per_floor":[69,62,62,62,57,57,57,45,45,34,34,28,28,4,26,44,75,70,70,70,70,72,72,72,72,72,56,40,0],"gold":142,"neow_bonus":"THREE_CARDS","is_prod":false,"is_daily":false,"chose_seed":false,"campfire_upgraded":3,"win_rate":0.0,"timestamp":1562856422,"path_taken":["M","M","$","M","M","R","?","M","T","M","$","?","$","M","R","BOSS","M","?","$","?","M","R","?","R","T","?","?","M"],"build_version":"2019-07-05","purchased_purges":0,"victory":false,"max_hp_per_floor":[75,75,75,75,75,75,75,75,75,75,75,75,75,75,75,75,75,75,75,75,75,75,75,75,75,75,75,75,75],"card_choices":[{"not_picked":["BootSequence","Storm"],"picked":"Capacitor","floor":0},{"not_picked":["Hologram","BootSequence"],"picked":"Blizzard","floor":1},{"not_picked":["Rebound","Gash"],"picked":"Cold Snap","floor":2},{"not_picked":["FTL","Defragment"],"picked":"Creative AI","floor":4},{"not_picked":["Cold Snap","Scrape"],"picked":"Static Discharge","floor":5},{"not_picked":["Steam","Streamline"],"picked":"Defragment","floor":8},{"not_picked":["Ball Lightning","Hologram"],"picked":"Loop","floor":10},{"not_picked":["Go for the Eyes","Beam Cell"],"picked":"Leap","floor":12},{"not_picked":["Auto Shields","Seek"],"picked":"Self Repair","floor":14},{"not_picked":["Reboot","All For One"],"picked":"Electrodynamics","floor":16},{"not_picked":["Beam Cell+1","Compile Driver"],"picked":"Loop","floor":18},{"not_picked":["Self Repair+1","Coolheaded"],"picked":"Loop","floor":22},{"not_picked":["Redo","Compile Driver+1"],"picked":"Heatsinks","floor":27}],"player_experience":66826,"relics_obtained":[{"floor":9,"key":"Anchor"},{"floor":26,"key":"PreservedInsect"},{"floor":28,"key":"Nilry\u0027s Codex"}],"event_choices":[{"damage_healed":0,"gold_gain":100,"player_choice":"Pray","damage_taken":0,"max_hp_gain":0,"max_hp_loss":0,"event_name":"Golden Shrine","floor":7,"gold_loss":0},{"damage_healed":0,"gold_gain":0,"player_choice":"Ignored","damage_taken":0,"max_hp_gain":0,"max_hp_loss":0,"event_name":"The Mausoleum","floor":19,"gold_loss":0},{"cards_removed":["Strike_B"],"damage_healed":0,"gold_gain":0,"player_choice":"Gave Gold","damage_taken":0,"max_hp_gain":0,"max_hp_loss":0,"event_name":"Beggar","floor":21,"gold_loss":75},{"damage_healed":0,"gold_gain":0,"player_choice":"Obtained Book","damage_taken":16,"max_hp_gain":0,"max_hp_loss":0,"event_name":"Cursed Tome","floor":28,"gold_loss":0}],"is_beta":false,"boss_relics":[{"not_picked":["Coffee Dripper","Busted Crown"],"picked":"Astrolabe"}],"items_purged_floors":[],"is_endless":false,"potions_floor_spawned":[1,5,8,12,22,27],"killed_by":"Centurion and Healer","ascension_level":0}