{"gold_per_floor":[112,125,143,68,68,93,93,118,188,204,221,249,264,264,264,361,361,378,478,498,498,518,518,533,533,587,616,634,634,22,42,42,42],"floor_reached":33,"playtime":1330,"items_purged":["Strike_B"],"score":525,"play_id":"3123de67-87c1-4c71-b9cd-7cc29463ea9c","local_time":"20190701211158","is_ascension_mode":true,"campfire_choices":[{"data":"Sunder","floor":7,"key":"SMITH"},{"data":"White Noise","floor":15,"key":"SMITH"},{"data":"Dualcast","floor":23,"key":"SMITH"},{"data":"Conserve Battery","floor":29,"key":"SMITH"},{"floor":32,"key":"REST"}],"neow_cost":"NONE","seed_source_timestamp":280246032847606,"circlet_count":0,"master_deck":["AscendersBane","Strike_B","Strike_B","Strike_B","Defend_B","Defend_B","Defend_B","Defend_B","Zap+1","Dualcast+1","Conserve Battery+1","Sunder+1","Ball Lightning","Sweeping Beam","Ball Lightning","Skim","Melter","White Noise+1","Biased Cognition","Cold Snap","Cold Snap+1","Steam+1","White Noise+1","Magnetism"],"relics":["Cracked Core","Thread and Needle","Anchor","Darkstone Periapt","DataDisk","Inserter","CultistMask","Blood Vial","Matryoshka","Pear","Strange Spoon"],"potions_floor_usage":[12,28,33],"damage_taken":[{"damage":0,"enemies":"Small Slimes","floor":1,"turns":2},{"damage":0,"enemies":"2 Louse","floor":2,"turns":3},{"damage":0,"enemies":"Cultist","floor":3,"turns":3},{"damage":28,"enemies":"Lagavulin","floor":6,"turns":5},{"damage":4,"enemies":"Gremlin Nob","floor":8,"turns":3},{"damage":0,"enemies":"3 Louse","floor":10,"turns":2},{"damage":0,"enemies":"Red Slaver","floor":11,"turns":3},{"damage":6,"enemies":"3 Sentries","floor":12,"turns":5},{"damage":0,"enemies":"Large Slime","floor":13,"turns":2},{"damage":0,"enemies":"Slime Boss","floor":16,"turns":6},{"damage":6,"enemies":"2 Thieves","floor":18,"turns":3},{"damage":0,"enemies":"Spheric Guardian","floor":20,"turns":3},{"damage":20,"enemies":"3 Cultists","floor":22,"turns":4},{"damage":1,"enemies":"Snake Plant","floor":24,"turns":3},{"damage":14,"enemies":"Book of Stabbing","floor":27,"turns":5},{"damage":3,"enemies":"Chosen and Byrds","floor":28,"turns":6},{"damage":26,"enemies":"Shelled Parasite and Fungi","floor":31,"turns":5},{"damage":43,"enemies":"Automaton","floor":33,"turns":6}],"seed_played":"-2372868213566130602","potions_obtained":[{"floor":3,"key":"Explosive Potion"},{"floor":10,"key":"SkillPotion"},{"floor":12,"key":"LiquidBronze"},{"floor":16,"key":"Explosive Potion"},{"floor":27,"key":"AttackPotion"}],"is_trial":false,"path_per_floor":["M","M","M","$","?","E","R","E","T","M","M","E","M","?","R","B",null,"M","?","M","?","M","R","M","?","T","E","M","R","$","M","R","B"],"character_chosen":"DEFECT","items_purchased":["Magnetism","Pear","Strange Spoon"],"campfire_rested":1,"item_purchase_floors":[30,30,30],"current_hp_per_floor":[68,68,68,68,68,40,40,36,36,36,36,30,30,55,55,55,70,64,64,64,64,44,44,43,43,43,31,30,30,40,16,41,0],"gold":42,"neow_bonus":"UPGRADE_CARD","is_prod":false,"is_daily":false,"chose_seed":false,"campfire_upgraded":4,"win_rate":0,"timestamp":1561979518,"path_taken":["M","M","M","$","?","E","R","E","T","M","M","E","M","?","R","BOSS","M","?","?","?","?","R","M","?","T","E","M","R","$","M","R","BOSS"],"build_version":"2019-01-23","purchased_purges":1,"victory":false,"max_hp_per_floor":[75,75,75,75,75,75,75,75,75,75,75,75,75,75,75,75,75,75,75,75,75,75,75,75,75,75,75,75,75,85,85,85,85],"card_choices":[{"not_picked":["Turbo","Compile Driver"],"picked":"Conserve Battery","floor":1},{"not_picked":["Compile Driver","Gash"],"picked":"Sunder","floor":2},{"not_picked":["Streamline","Redo"],"picked":"Ball Lightning","floor":3},{"not_picked":["Force Field","Chaos"],"picked":"Sweeping Beam","floor":6},{"not_picked":["Compile Driver","Beam Cell"],"picked":"Ball Lightning","floor":8},{"not_picked":["Barrage","Force Field"],"picked":"Skim","floor":10},{"not_picked":["Sweeping Beam","Ball Lightning"],"picked":"Melter","floor":11},{"not_picked":["Stack","Thunder Strike"],"picked":"White Noise","floor":12},{"not_picked":["Hello World","Turbo","Tempest"],"picked":"SKIP","floor":13},{"not_picked":["Hyperbeam","Multi-Cast"],"picked":"Biased Cognition","floor":16},{"not_picked":["Streamline","Tempest"],"picked":"Cold Snap","floor":18},{"not_picked":["Cold Snap+1","Storm","Conserve Battery"],"picked":"SKIP","floor":20},{"not_picked":["Storm","Conserve Battery"],"picked":"Cold Snap+1","floor":20},{"not_picked":["Streamline","Barrage","Rip and Tear"],"picked":"SKIP","floor":22},{"not_picked":["Turbo+1","Barrage"],"picked":"Steam+1","floor":24},{"not_picked":["Redo","Go for the Eyes","Fusion"],"picked":"SKIP","floor":27},{"not_picked":["Reprogram","Storm","Doom and Gloom"],"picked":"SKIP","floor":28},{"not_picked":["Static Discharge","Sunder+1","Go for the Eyes"],"picked":"SKIP","floor":31}],"player_experience":593097,"relics_obtained":[{"floor":6,"key":"Thread and Needle"},{"floor":8,"key":"Anchor"},{"floor":9,"key":"Darkstone Periapt"},{"floor":12,"key":"DataDisk"},{"floor":26,"key":"Blood Vial"},{"floor":27,"key":"Matryoshka"}],"event_choices":[{"damage_healed":0,"gold_gain":0,"player_choice":"Ignored","damage_taken":0,"max_hp_gain":0,"max_hp_loss":0,"event_name":"Liars Game","floor":5,"gold_loss":0},{"damage_healed":25,"gold_gain":0,"player_choice":"Banana","damage_taken":0,"max_hp_gain":0,"max_hp_loss":0,"event_name":"Big Fish","floor":14,"gold_loss":0},{"damage_healed":0,"gold_gain":100,"player_choice":"Pray","damage_taken":0,"max_hp_gain":0,"max_hp_loss":0,"event_name":"Golden Shrine","floor":19,"gold_loss":0},{"damage_healed":0,"gold_gain":0,"player_choice":"Trade","damage_taken":0,"relics_obtained":["CultistMask"],"max_hp_gain":0,"max_hp_loss":0,"event_name":"FaceTrader","floor":21,"gold_loss":0},{"damage_healed":0,"gold_gain":0,"player_choice":"Copied","damage_taken":0,"max_hp_gain":0,"max_hp_loss":0,"event_name":"Duplicator","floor":25,"gold_loss":0,"cards_obtained":["White Noise"]}],"is_beta":false,"boss_relics":[{"not_picked":["Coffee Dripper","Runic Pyramid"],"picked":"Inserter"}],"items_purged_floors":[4],"is_endless":false,"potions_floor_spawned":[3,10,12,16,22,24,27],"killed_by":"Automaton","ascension_level":11}