{"gold_per_floor":[116,116,130,52,66,66,97,109,109,109,126,157,170,199,199,300,300,300,300,48,48,48,48,48,48,48,48,48,48,48,48,48,48,48,48,48,48,48,48,48,48,48,48,48,48,48,48,48,48,48,48,48,10,10,10],"floor_reached":55,"playtime":2552,"items_purged":["Strike_R"],"score":1004,"play_id":"1831e8f6-ff1a-4557-b271-7a1343566a72","local_time":"20190715222048","is_ascension_mode":true,"campfire_choices":[{"data":"Uppercut","floor":6.0,"key":"SMITH"},{"floor":15.0,"key":"REST"},{"data":"Corruption","floor":24.0,"key":"SMITH"},{"data":"Shockwave","floor":27.0,"key":"SMITH"},{"floor":30.0,"key":"REST"},{"floor":32.0,"key":"REST"},{"floor":41.0,"key":"REST"},{"floor":49.0,"key":"RECALL"},{"data":"1","floor":52,"key":"LIFT"}],"neow_cost":"CURSE","seed_source_timestamp":472144581898860,"circlet_count":0,"master_deck":["Strike_R","Strike_R","Strike_R","Defend_R","Defend_R","Defend_R","Defend_R","Bash","Battle Trance","Uppercut+1","Feel No Pain","Iron Wave","Anger","Corruption+1","Twin Strike","Shockwave+1","Shrug It Off","Dark Embrace","Spot Weakness+1","Feel No Pain","Cleave+1","True Grit+1","Seeing Red","Offering","Pommel Strike+1","Immolate+1","Shrug It Off+1","Metallicize+1","Double Tap","Disarm","Iron Wave+1"],"special_seed":0,"relics":["Burning Blood","Ginger","Bronze Scales","Vajra","The Courier","Molten Egg 2","Ectoplasm","MutagenicStrength","PreservedInsect","Blood Vial","Runic Pyramid","Tiny Chest","Paper Frog","Happy Flower","Girya","Mango","Strawberry"],"potions_floor_usage":[55,55],"damage_taken":[{"damage":9.0,"enemies":"Jaw Worm","floor":1.0,"turns":6.0},{"damage":8.0,"enemies":"2 Louse","floor":3.0,"turns":4.0},{"damage":9.0,"enemies":"Cultist","floor":5.0,"turns":5.0},{"damage":18.0,"enemies":"3 Sentries","floor":7.0,"turns":9.0},{"damage":10.0,"enemies":"Exordium Thugs","floor":8.0,"turns":5.0},{"damage":0.0,"enemies":"Large Slime","floor":11.0,"turns":6.0},{"damage":6.0,"enemies":"Lagavulin","floor":12.0,"turns":6.0},{"damage":0.0,"enemies":"2 Fungi Beasts","floor":13.0,"turns":3.0},{"damage":20.0,"enemies":"3 Sentries","floor":14.0,"turns":7.0},{"damage":28.0,"enemies":"Slime Boss","floor":16.0,"turns":10.0},{"damage":16.0,"enemies":"Spheric Guardian","floor":18.0,"turns":4.0},{"damage":3.0,"enemies":"Chosen","floor":21.0,"turns":2.0},{"damage":14.0,"enemies":"Slavers","floor":23.0,"turns":2.0},{"damage":12.0,"enemies":"3 Cultists","floor":28.0,"turns":4.0},{"damage":7.0,"enemies":"Snecko","floor":29.0,"turns":4.0},{"damage":12.0,"enemies":"Shelled Parasite and Fungi","floor":31.0,"turns":4.0},{"damage":24.0,"enemies":"Collector","floor":33.0,"turns":5.0},{"damage":46.0,"enemies":"3 Darklings","floor":35.0,"turns":3.0},{"damage":6.0,"enemies":"3 Shapes","floor":36.0,"turns":3.0},{"damage":8.0,"enemies":"Sphere and 2 Shapes","floor":37.0,"turns":2.0},{"damage":31.0,"enemies":"Reptomancer","floor":40.0,"turns":5.0},{"damage":15.0,"enemies":"Nemesis","floor":42.0,"turns":3.0},{"damage":0.0,"enemies":"Maw","floor":44.0,"turns":6.0},{"damage":0.0,"enemies":"Giant Head","floor":45.0,"turns":4.0},{"damage":54,"enemies":"Time Eater","floor":50,"turns":8},{"damage":19,"enemies":"Shield and Spear","floor":54,"turns":3},{"damage":102,"enemies":"The Heart","floor":55,"turns":5}],"seed_played":"-8674510364566114322","potions_obtained":[{"floor":3.0,"key":"Dexterity Potion"},{"floor":5.0,"key":"Energy Potion"},{"floor":12.0,"key":"GamblersBrew"},{"floor":16.0,"key":"LiquidBronze"},{"floor":23.0,"key":"Poison Potion"},{"floor":29.0,"key":"PowerPotion"},{"floor":33.0,"key":"Block Potion"},{"floor":36.0,"key":"Fruit Juice"},{"floor":37.0,"key":"Poison Potion"},{"floor":40.0,"key":"Energy Potion"},{"floor":44.0,"key":"Explosive Potion"}],"is_trial":false,"path_per_floor":["M","?","M","$","M","R","E","M","T","?","M","E","M","E","R","B",null,"M","?","$","M","?","E","R","?","T","R","M","M","R","M","R","B",null,"M","M","M","?","$","E","R","E","T","M","E","$","T","?","R","B",null,"R","$","E","B"],"character_chosen":"IRONCLAD","items_purchased":["Feel No Pain","PreservedInsect","Feel No Pain","Strength Potion"],"campfire_rested":4,"item_purchase_floors":[4,20,20,53],"current_hp_per_floor":[77,77,75,75,72,72,60,56,56,56,62,62,68,54,78,56,80,70,70,70,73,58,50,50,50,50,50,46,47,72,68,85,67,85,45,52,52,52,52,29,56,49,49,57,65,65,79,79,79,33,104,104,104,98,0],"gold":10,"neow_bonus":"ONE_RARE_RELIC","is_prod":false,"is_daily":false,"chose_seed":false,"campfire_upgraded":3,"win_rate":0,"timestamp":1563243648,"path_taken":["M","?","M","$","M","R","E","M","T","?","M","E","?","E","R","BOSS","M","?","$","M","?","E","R","?","T","R","?","M","R","M","R","BOSS","M","M","M","?","$","E","R","E","T","?","E","$","?","?","R","BOSS","R","$","E","BOSS"],"build_version":"2019-07-05","purchased_purges":1,"victory":false,"max_hp_per_floor":[80,80,80,80,80,80,80,80,80,80,80,80,80,80,80,80,80,80,80,80,80,85,85,85,85,85,85,85,85,85,85,85,85,85,85,90,90,90,90,90,90,90,90,90,90,90,104,104,104,104,104,104,104,111,111],"card_choices":[{"not_picked":["Rampage","Armaments"],"picked":"Battle Trance","floor":1.0},{"not_picked":["Sword Boomerang","Flame Barrier"],"picked":"Uppercut","floor":3.0},{"not_picked":["Flex","Carnage"],"picked":"Iron Wave","floor":5.0},{"not_picked":["Barricade","Clash"],"picked":"Anger","floor":7.0},{"not_picked":["Power Through","Intimidate","Havoc"],"picked":"SKIP","floor":8.0},{"not_picked":["Clash","Fire Breathing"],"picked":"Twin Strike","floor":11.0},{"not_picked":["Heavy Blade","Body Slam"],"picked":"Shockwave","floor":12.0},{"not_picked":["Cleave","Sever Soul","Bloodletting"],"picked":"SKIP","floor":13.0},{"not_picked":["Exhume","Searing Blow"],"picked":"Shrug It Off","floor":14.0},{"not_picked":["Bludgeon+1","Double Tap"],"picked":"Dark Embrace","floor":16.0},{"not_picked":["Corruption+1","Shrug It Off"],"picked":"Spot Weakness+1","floor":18.0},{"not_picked":["Searing Blow+1","Clash+1"],"picked":"Cleave+1","floor":21.0},{"not_picked":["Reckless Charge+1","Twin Strike+1"],"picked":"True Grit+1","floor":23.0},{"not_picked":["Cleave+1","Heavy Blade+1"],"picked":"Seeing Red","floor":28.0},{"not_picked":["Anger+1","True Grit+1"],"picked":"Offering","floor":29.0},{"not_picked":["Hemokinesis+1","Rampage+1"],"picked":"Pommel Strike+1","floor":31.0},{"not_picked":["Berserk","Limit Break"],"picked":"Immolate+1","floor":33.0},{"not_picked":["Havoc+1","Twin Strike+1"],"picked":"Shrug It Off+1","floor":35.0},{"not_picked":["Headbutt+1","Rampage+1","Dropkick+1"],"picked":"SKIP","floor":36.0},{"not_picked":["Corruption+1","Searing Blow+1"],"picked":"Metallicize+1","floor":37.0},{"not_picked":["Clash+1","Wild Strike+1","Power Through"],"picked":"SKIP","floor":40.0},{"not_picked":["Cleave+1","Warcry+1","Twin Strike+1"],"picked":"SKIP","floor":42.0},{"not_picked":["Corruption+1","Body Slam+1"],"picked":"Double Tap","floor":44.0},{"not_picked":["Sword Boomerang+1","True Grit"],"picked":"Disarm","floor":45.0},{"not_picked":["Battle Trance","Armaments+1"],"picked":"Iron Wave+1","floor":54}],"player_experience":173984,"relics_obtained":[{"floor":7.0,"key":"Bronze Scales"},{"floor":9.0,"key":"Vajra"},{"floor":12.0,"key":"The Courier"},{"floor":14.0,"key":"Molten Egg 2"},{"floor":23.0,"key":"Blood Vial"},{"floor":40.0,"key":"Tiny Chest"},{"floor":42.0,"key":"Paper Frog"},{"floor":43.0,"key":"Happy Flower"},{"floor":45.0,"key":"Girya"},{"floor":47.0,"key":"Mango"},{"floor":54,"key":"Strawberry"}],"event_choices":[{"damage_healed":0.0,"max_hp_gain":0.0,"max_hp_loss":0.0,"gold_gain":0.0,"event_name":"Liars Game","player_choice":"Ignored","floor":2.0,"gold_loss":0.0,"damage_taken":0.0},{"damage_healed":0.0,"max_hp_gain":0.0,"max_hp_loss":0.0,"gold_gain":0.0,"cards_transformed":["Strike_R"],"event_name":"Transmorgrifier","player_choice":"Transformed","floor":10.0,"gold_loss":0.0,"damage_taken":0.0,"cards_obtained":["Corruption"]},{"damage_healed":0.0,"max_hp_gain":0.0,"max_hp_loss":0.0,"gold_gain":0.0,"event_name":"Drug Dealer","player_choice":"Inject Mutagens","floor":19.0,"gold_loss":0.0,"damage_taken":0.0,"relics_obtained":["MutagenicStrength"]},{"damage_healed":0.0,"max_hp_gain":5.0,"max_hp_loss":0.0,"gold_gain":0.0,"event_name":"Forgotten Altar","player_choice":"Shed Blood","floor":22.0,"gold_loss":0.0,"damage_taken":20.0},{"cards_removed":["Clumsy"],"damage_healed":0.0,"max_hp_gain":0.0,"max_hp_loss":0.0,"gold_gain":0.0,"event_name":"Fountain of Cleansing","player_choice":"Removed Curses","floor":25.0,"gold_loss":0.0,"damage_taken":0.0},{"damage_healed":0.0,"max_hp_gain":0.0,"max_hp_loss":0.0,"gold_gain":100.0,"event_name":"Golden Shrine","player_choice":"Pray","floor":38.0,"gold_loss":0.0,"damage_taken":0.0},{"damage_healed":0.0,"max_hp_gain":0.0,"max_hp_loss":0.0,"gold_gain":0.0,"event_name":"Mysterious Sphere","player_choice":"Ignored","floor":48.0,"gold_loss":0.0,"damage_taken":0.0}],"is_beta":false,"boss_relics":[{"not_picked":["Astrolabe","Mark of Pain"],"picked":"Ectoplasm"},{"not_picked":["Runic Cube","Calling Bell"],"picked":"Runic Pyramid"}],"items_purged_floors":[20],"is_endless":false,"potions_floor_spawned":[3,5,12,16,21,23,29,33,36,37,40,44],"killed_by":"The Heart","ascension_level":4}