{"gold_per_floor":[114,114,129,144,144,144,159,159,159,9,9,24,39,39,39,139,139,154,154,39,39,54,54,54,69,69,69,84,84,99,129,129,229,229,244,244,244,259,259,259,259,289,289,64,64,79,109,124,124,124],"floor_reached":51,"playtime":7577,"items_purged":[],"score":790,"play_id":"40c3c9a5-7543-4017-a868-e952ec4dcc3f","local_time":"20190720211902","daily_mods":["Draft","Vintage","Lethality"],"is_ascension_mode":false,"campfire_choices":[{"data":"Cloak And Dagger","floor":6,"key":"SMITH"},{"data":"Blade Dance","floor":8,"key":"SMITH"},{"data":"Footwork","floor":11,"key":"SMITH"},{"data":"Blade Dance","floor":15,"key":"SMITH"},{"data":"Accuracy","floor":24,"key":"SMITH"},{"data":"Backstab","floor":27,"key":"SMITH"},{"data":"Deflect","floor":29,"key":"SMITH"},{"floor":32,"key":"REST"},{"data":"Acrobatics","floor":40,"key":"SMITH"},{"data":"Dagger Spray","floor":45,"key":"SMITH"},{"data":"Noxious Fumes","floor":49,"key":"SMITH"}],"neow_cost":"","seed_source_timestamp":929586456140812,"circlet_count":0,"master_deck":["Footwork+1","Acrobatics+1","Deadly Poison","Deflect+1","Dagger Spray+1","Backstab+1","Cloak And Dagger+1","Dodge and Roll+1","Blur+1","Bouncing Flask","Blade Dance+1","Noxious Fumes+1","Accuracy+1","Blade Dance+1","Night Terror+1","Bullet Time","Footwork+1","Flash of Steel+1","Necronomicurse","Skewer+1","Dodge and Roll+1","Riddle With Holes+1"],"special_seed":18097,"relics":["Ring of the Snake","Bird Faced Urn","Ice Cream","Frozen Egg 2","Centennial Puzzle","Letter Opener","Lantern","WingedGreaves","Molten Egg 2","Lizard Tail","Bag of Marbles","MutagenicStrength","War Paint","Necronomicon","Bag of Preparation","Bottled Tornado","Kunai","Sundial","Question Card","Busted Crown","Bottled Flame","Juzu Bracelet","Gremlin Horn","Darkstone Periapt","Pear","Ancient Tea Set","Potion Belt","Ornamental Fan","Mercury Hourglass"],"potions_floor_usage":[25,28,47,50],"damage_taken":[{"damage":1,"enemies":"Jaw Worm","floor":1,"turns":2},{"damage":0,"enemies":"Cultist","floor":3,"turns":2},{"damage":0,"enemies":"2 Louse","floor":4,"turns":1},{"damage":3,"enemies":"Red Slaver","floor":7,"turns":2},{"damage":0,"enemies":"Large Slime","floor":12,"turns":7},{"damage":0,"enemies":"3 Louse","floor":13,"turns":1},{"damage":7,"enemies":"The Guardian","floor":16,"turns":7},{"damage":8,"enemies":"Chosen","floor":18,"turns":2},{"damage":0,"enemies":"3 Byrds","floor":22,"turns":2},{"damage":0,"enemies":"Snake Plant","floor":25,"turns":3},{"damage":0,"enemies":"Centurion and Healer","floor":28,"turns":1},{"damage":0,"enemies":"Cultist and Chosen","floor":30,"turns":1},{"damage":0,"enemies":"Slavers","floor":31,"turns":1},{"damage":7,"enemies":"Automaton","floor":33,"turns":6},{"damage":0,"enemies":"Orb Walker","floor":35,"turns":1},{"damage":0,"enemies":"3 Darklings","floor":38,"turns":1},{"damage":0,"enemies":"Nemesis","floor":42,"turns":1},{"damage":0,"enemies":"Jaw Worm Horde","floor":46,"turns":1},{"damage":13,"enemies":"Giant Head","floor":47,"turns":3},{"damage":0,"enemies":"Maw","floor":48,"turns":2},{"damage":5,"enemies":"Awakened One","floor":50,"turns":8}],"seed_played":"-5512153490597295687","potions_obtained":[{"floor":4,"key":"FairyPotion"},{"floor":12,"key":"GhostInAJar"},{"floor":13,"key":"Regen Potion"},{"floor":16,"key":"Strength Potion"},{"floor":25,"key":"SteroidPotion"},{"floor":28,"key":"Poison Potion"},{"floor":31,"key":"Swift Potion"},{"floor":46,"key":"Poison Potion"}],"is_trial":false,"path_per_floor":["M","?","M","M","?","R","M","R","T","$","R","M","M","?","R","B",null,"M","?","$","?","M","?","R","M","T","R","M","R","M","E","R","B",null,"M","?","?","M","$","R","?","E","T","$","R","M","E","M","R","B",null],"character_chosen":"THE_SILENT","items_purchased":["Lantern","Footwork+1","Flash of Steel+1","Ancient Tea Set","Riddle With Holes+1"],"campfire_rested":1,"item_purchase_floors":[10,20,20,44,44],"current_hp_per_floor":[69,69,70,70,70,70,69,69,69,69,69,70,70,75,75,68,75,67,67,67,53,53,37,37,41,41,41,45,45,47,49,73,70,80,80,80,80,80,80,80,80,80,90,90,90,90,77,77,77,80],"gold":124,"neow_bonus":"","is_prod":false,"is_daily":true,"chose_seed":false,"campfire_upgraded":10,"win_rate":0,"timestamp":1563671942,"path_taken":["M","?","?","M","?","R","?","R","T","$","R","M","M","?","R","BOSS","M","?","$","?","M","?","R","M","T","R","M","R","M","E","R","BOSS","M","?","?","M","?","R","?","E","T","$","R","M","E","M","R","BOSS"],"build_version":"2019-06-28","purchased_purges":0,"victory":true,"max_hp_per_floor":[70,70,70,70,70,70,70,70,70,70,70,70,70,75,75,75,75,75,75,75,80,80,80,80,80,80,80,80,80,80,80,80,80,80,80,80,80,80,80,80,80,80,90,90,90,90,90,90,90,90],"card_choices":[{"not_picked":["Blade Dance","Tactician"],"picked":"Deadly Poison","floor":0},{"not_picked":["Sucker Punch","Blade Dance"],"picked":"Footwork","floor":0},{"not_picked":["Prepared","Infinite Blades"],"picked":"Acrobatics","floor":0},{"not_picked":["Outmaneuver","Caltrops"],"picked":"Deadly Poison","floor":0},{"not_picked":["Acrobatics","All Out Attack"],"picked":"Deflect","floor":0},{"not_picked":["Blade Dance","Sucker Punch"],"picked":"Dagger Spray","floor":0},{"not_picked":["Deflect","Deadly Poison"],"picked":"Backstab","floor":0},{"not_picked":["Bouncing Flask","Quick Slash"],"picked":"Cloak And Dagger","floor":0},{"not_picked":["Quick Slash","Flying Knee"],"picked":"Dodge and Roll","floor":0},{"not_picked":["Backflip","Predator"],"picked":"Blur","floor":0},{"not_picked":["Flying Knee","Flechettes"],"picked":"Bouncing Flask","floor":0},{"not_picked":["Deadly Poison","Underhanded Strike"],"picked":"Blade Dance","floor":0},{"not_picked":["Riddle With Holes","Cloak And Dagger"],"picked":"Noxious Fumes","floor":0},{"not_picked":["Expertise","Calculated Gamble"],"picked":"Accuracy","floor":0},{"not_picked":["Quick Slash","Bouncing Flask"],"picked":"Blade Dance","floor":0},{"not_picked":["Night Terror","Unload+1"],"picked":"Bullet Time","floor":16},{"not_picked":["Dagger Spray+1","Tactician+1"],"picked":"Skewer+1","floor":31},{"not_picked":["Night Terror","Burst","Unload+1"],"picked":"Die Die Die+1","floor":33},{"not_picked":["Eviscerate+1"],"picked":"Dodge and Roll+1","floor":42},{"not_picked":["Concentrate+1","Slice+1"],"picked":"SKIP","floor":47}],"player_experience":127400,"relics_obtained":[{"floor":1,"key":"Bird Faced Urn"},{"floor":3,"key":"Ice Cream"},{"floor":4,"key":"Frozen Egg 2"},{"floor":7,"key":"Centennial Puzzle"},{"floor":9,"key":"Letter Opener"},{"floor":12,"key":"WingedGreaves"},{"floor":13,"key":"Molten Egg 2"},{"floor":18,"key":"Bag of Marbles"},{"floor":22,"key":"War Paint"},{"floor":23,"key":"Necronomicon"},{"floor":25,"key":"Bag of Preparation"},{"floor":26,"key":"Bottled Tornado"},{"floor":28,"key":"Kunai"},{"floor":30,"key":"Sundial"},{"floor":31,"key":"Question Card"},{"floor":35,"key":"Bottled Flame"},{"floor":38,"key":"Juzu Bracelet"},{"floor":41,"key":"Gremlin Horn"},{"floor":42,"key":"Darkstone Periapt"},{"floor":43,"key":"Pear"},{"floor":46,"key":"Potion Belt"},{"floor":47,"key":"Ornamental Fan"},{"floor":48,"key":"Mercury Hourglass"}],"event_choices":[{"damage_healed":0,"gold_gain":0,"cards_transformed":["Deadly Poison"],"player_choice":"Transformed","damage_taken":0,"max_hp_gain":0,"max_hp_loss":0,"event_name":"Transmorgrifier","floor":2,"gold_loss":0,"cards_obtained":["Night Terror"]},{"damage_healed":0,"gold_gain":0,"player_choice":"Upgraded","damage_taken":0,"max_hp_gain":0,"max_hp_loss":0,"event_name":"Upgrade Shrine","floor":5,"gold_loss":0,"cards_upgraded":["Night Terror"]},{"damage_healed":0,"gold_gain":0,"player_choice":"Donut","damage_taken":0,"max_hp_gain":5,"max_hp_loss":0,"event_name":"Big Fish","floor":14,"gold_loss":0},{"damage_healed":0,"gold_gain":0,"player_choice":"Inject Mutagens","damage_taken":0,"relics_obtained":["MutagenicStrength"],"max_hp_gain":0,"max_hp_loss":0,"event_name":"Drug Dealer","floor":19,"gold_loss":0},{"damage_healed":0,"gold_gain":0,"player_choice":"Shed Blood","damage_taken":19,"max_hp_gain":5,"max_hp_loss":0,"event_name":"Forgotten Altar","floor":21,"gold_loss":0},{"damage_healed":0,"gold_gain":0,"player_choice":"Obtained Book","damage_taken":16,"max_hp_gain":0,"max_hp_loss":0,"event_name":"Cursed Tome","floor":23,"gold_loss":0},{"cards_removed":["Die Die Die"],"damage_healed":0,"gold_gain":0,"player_choice":"Removed Attack","damage_taken":0,"max_hp_gain":0,"max_hp_loss":0,"event_name":"Falling","floor":36,"gold_loss":0},{"damage_healed":0,"gold_gain":0,"player_choice":"Ignored","damage_taken":0,"max_hp_gain":0,"max_hp_loss":0,"event_name":"Tomb of Lord Red Mask","floor":37,"gold_loss":0},{"damage_healed":0,"gold_gain":0,"player_choice":"Relic","damage_taken":0,"max_hp_gain":0,"max_hp_loss":0,"event_name":"Wheel of Change","floor":41,"gold_loss":0}],"is_beta":true,"boss_relics":[{"not_picked":["Fusion Hammer","Astrolabe"],"picked":"Lizard Tail"},{"not_picked":["Sozu","Runic Pyramid"],"picked":"Busted Crown"}],"items_purged_floors":[],"is_endless":false,"potions_floor_spawned":[4,12,13,16,22,25,28,31,35,42,46],"ascension_level":0}