{"gold_per_floor":[113,128,139,150,150,150,181,181,181,198,22,55,55,55,55,128,128,141,141,3,23,36,36,36],"floor_reached":24,"playtime":1158,"items_purged":[],"score":350,"play_id":"1d67d2a2-588d-442a-a5ae-0ddc928c7a34","local_time":"20190716183008","is_ascension_mode":true,"campfire_choices":[{"data":"FTL","floor":6,"key":"SMITH"},{"floor":8,"key":"REST"},{"floor":15,"key":"REST"},{"floor":23,"key":"REST"}],"neow_cost":"NONE","seed_source_timestamp":371456294388246,"circlet_count":0,"master_deck":["AscendersBane","Zap+1","Dualcast","Conserve Battery","Rebound","FTL+1","Leap","Compile Driver","Ball Lightning","Defragment","Coolheaded","Machine Learning","Biased Cognition","Stack","Tempest","Loop","Skim","Steam","Self Repair","Streamline","Darkness","RitualDagger","Melter","Reboot","Coolheaded","Coolheaded"],"relics":["Cracked Core","Lantern","Question Card","Dead Branch","Nunchaku","Pandora\u0027s Box"],"potions_floor_usage":[7,12,16,24],"damage_taken":[{"damage":6,"enemies":"Cultist","floor":1,"turns":3},{"damage":0,"enemies":"Jaw Worm","floor":2,"turns":4},{"damage":3,"enemies":"Small Slimes","floor":3,"turns":3},{"damage":1,"enemies":"Blue Slaver","floor":4,"turns":3},{"damage":18,"enemies":"3 Sentries","floor":7,"turns":7},{"damage":6,"enemies":"3 Louse","floor":10,"turns":3},{"damage":15,"enemies":"Lagavulin","floor":12,"turns":6},{"damage":34,"enemies":"Slime Boss","floor":16,"turns":9},{"damage":5,"enemies":"Chosen","floor":18,"turns":2},{"damage":20,"enemies":"Shell Parasite","floor":21,"turns":6},{"damage":26,"enemies":"Snake Plant","floor":22,"turns":4},{"damage":30,"enemies":"Gremlin Leader","floor":24,"turns":2}],"seed_played":"-7572767196830576210","potions_obtained":[{"floor":1,"key":"Strength Potion"},{"floor":10,"key":"GamblersBrew"},{"floor":21,"key":"Swift Potion"}],"is_trial":false,"path_per_floor":["M","M","M","M","?","R","E","R","T","M","$","E","$","?","R","B",null,"M","?","$","M","M","R","E"],"character_chosen":"DEFECT","items_purchased":["Ball Lightning","Defragment","Weak Potion","Melter","Reboot"],"campfire_rested":3,"item_purchase_floors":[11,11,11,20,20],"current_hp_per_floor":[58,58,55,54,54,54,36,57,57,51,51,36,36,36,57,23,59,54,48,48,28,2,23,0],"gold":36,"neow_bonus":"RANDOM_COMMON_RELIC","is_prod":false,"is_daily":false,"chose_seed":false,"campfire_upgraded":1,"win_rate":0,"timestamp":1563265808,"path_taken":["M","M","?","M","?","R","E","R","T","?","?","E","$","?","R","BOSS","M","?","$","M","M","R","E"],"build_version":"2019-07-05","purchased_purges":0,"victory":false,"max_hp_per_floor":[71,71,71,71,71,71,71,71,71,71,71,71,71,71,71,71,71,71,71,71,71,71,71,71],"card_choices":[{"not_picked":["White Noise","Turbo"],"picked":"Conserve Battery","floor":1},{"not_picked":["Coolheaded","Cold Snap"],"picked":"Rebound","floor":2},{"not_picked":["Double Energy","Go for the Eyes"],"picked":"FTL","floor":3},{"not_picked":["Blizzard","Beam Cell"],"picked":"Leap","floor":4},{"not_picked":["Turbo","Skim","Blizzard"],"picked":"SKIP","floor":7},{"not_picked":["Recycle","Creative AI","Barrage"],"picked":"Compile Driver","floor":10},{"not_picked":["Conserve Battery","Gash","Beam Cell"],"picked":"Coolheaded","floor":12},{"not_picked":["Multi-Cast","Rainbow","All For One"],"picked":"Machine Learning","floor":16},{"not_picked":["Leap","Compile Driver","Coolheaded"],"picked":"Darkness","floor":18},{"not_picked":["Rebound","Consume","Redo"],"picked":"Coolheaded","floor":21},{"not_picked":["Barrage","Genetic Algorithm","Gash"],"picked":"Coolheaded","floor":22}],"player_experience":632305,"relics_obtained":[{"floor":7,"key":"Question Card"},{"floor":9,"key":"Dead Branch"},{"floor":12,"key":"Nunchaku"}],"event_choices":[{"damage_healed":0,"gold_gain":0,"player_choice":"Forge","damage_taken":0,"max_hp_gain":0,"max_hp_loss":0,"event_name":"Accursed Blacksmith","floor":5,"gold_loss":0,"cards_upgraded":["Zap"]},{"damage_healed":0,"gold_gain":0,"player_choice":"Ignored","damage_taken":0,"max_hp_gain":0,"max_hp_loss":0,"event_name":"Liars Game","floor":14,"gold_loss":0},{"damage_healed":0,"gold_gain":0,"player_choice":"Joined the Cult","damage_taken":6,"max_hp_gain":0,"max_hp_loss":0,"event_name":"Nest","floor":19,"gold_loss":0,"cards_obtained":["RitualDagger"]}],"is_beta":false,"boss_relics":[{"not_picked":["Coffee Dripper","White Beast Statue"],"picked":"Pandora\u0027s Box"}],"items_purged_floors":[],"is_endless":false,"potions_floor_spawned":[1,10,21],"killed_by":"Gremlin Leader","ascension_level":14}