{"gold_per_floor":[114,127,145,134,151,178,178,178,178,178,189,201,227,114,114,209,209,225,237,512,228,252,285,285,358,358,411,411,439,455,469,469,469],"floor_reached":33,"playtime":1525,"items_purged":["Strike_G","Regret"],"score":515,"play_id":"07f58f47-acd8-4c7b-9890-1bc5eb116c46","local_time":"20181106173908","is_ascension_mode":true,"campfire_choices":[{"data":"Neutralize","floor":7.0,"key":"SMITH"},{"data":"Sucker Punch","floor":10.0,"key":"SMITH"},{"data":"Blur","floor":15.0,"key":"SMITH"},{"data":"Quick Slash","floor":28.0,"key":"SMITH"},{"data":"Survivor","floor":32.0,"key":"SMITH"}],"neow_cost":"NONE","seed_source_timestamp":275022589844625,"circlet_count":0,"master_deck":["AscendersBane","Defend_G","Defend_G","Defend_G","Strike_G","Strike_G","Survivor+1","Neutralize+1","Quick Slash+1","Backstab","Sucker Punch+1","Escape Plan","Well Laid Plans","Blur+1","Backstab","Corpse Explosion","Backflip+1","Heel Hook+1","Concentrate+1","Infinite Blades","Backstab","Quick Slash"],"special_seed":0,"relics":["Coffee Dripper","Happy Flower","Dead Branch","Dodecahedron","Astrolabe","PreservedInsect","Regal Pillow","Incense Burner","The Courier","Ice Cream","Snake Skull","Frozen Egg 2"],"potions_floor_usage":[33],"damage_taken":[{"damage":0.0,"enemies":"2 Louse","floor":1.0,"turns":3.0},{"damage":1.0,"enemies":"Cultist","floor":2.0,"turns":5.0},{"damage":0.0,"enemies":"Jaw Worm","floor":3.0,"turns":4.0},{"damage":3.0,"enemies":"Exordium Thugs","floor":4.0,"turns":4.0},{"damage":2.0,"enemies":"2 Fungi Beasts","floor":5.0,"turns":3.0},{"damage":37.0,"enemies":"Lagavulin","floor":6.0,"turns":10.0},{"damage":0.0,"enemies":"Looter","floor":11.0,"turns":3.0},{"damage":0.0,"enemies":"Large Slime","floor":12.0,"turns":5.0},{"damage":10.0,"enemies":"3 Sentries","floor":13.0,"turns":6.0},{"damage":3.0,"enemies":"Hexaghost","floor":16.0,"turns":9.0},{"damage":12.0,"enemies":"3 Byrds","floor":18.0,"turns":3.0},{"damage":0.0,"enemies":"Shell Parasite","floor":19.0,"turns":2.0},{"damage":3.0,"enemies":"Gremlin Leader","floor":23.0,"turns":5.0},{"damage":0.0,"enemies":"Book of Stabbing","floor":29.0,"turns":4.0},{"damage":14.0,"enemies":"Shelled Parasite and Fungi","floor":30.0,"turns":3.0},{"damage":13.0,"enemies":"Sentry and Sphere","floor":31.0,"turns":4.0},{"damage":29,"enemies":"Collector","floor":33,"turns":6}],"seed_played":"6295231934574042499","potions_obtained":[{"floor":3.0,"key":"Weak Potion"},{"floor":4.0,"key":"SpeedPotion"},{"floor":12.0,"key":"EssenceOfSteel"},{"floor":29.0,"key":"Strength Potion"}],"is_trial":false,"path_per_floor":["M","M","M","M","M","E","R","?","T","R","M","M","E","$","R","B",null,"M","M","?","$","T","E","?","T","T","T","R","E","M","M","R","B"],"character_chosen":"THE_SILENT","items_purchased":["Backstab","PreservedInsect","Infinite Blades"],"campfire_rested":0,"item_purchase_floors":[14,21,21],"current_hp_per_floor":[63,62,62,59,57,20,20,70,70,70,70,70,60,60,60,57,67,55,55,55,55,55,52,52,52,52,52,52,52,38,25,25,0],"gold":469,"neow_bonus":"BOSS_RELIC","is_prod":false,"is_daily":false,"chose_seed":false,"campfire_upgraded":5,"win_rate":0,"timestamp":1541486348,"path_taken":["M","M","M","M","M","E","R","?","T","R","M","?","E","$","R","BOSS","M","M","?","$","?","E","?","?","T","?","R","E","M","M","R","BOSS"],"build_version":"2018-11-02","purchased_purges":2,"victory":false,"max_hp_per_floor":[70,70,70,70,70,70,70,70,70,70,70,70,70,70,70,70,70,70,70,70,70,70,70,70,70,70,70,70,70,70,70,70,70],"card_choices":[{"not_picked":["Acrobatics","Endless Agony","Outmaneuver"],"picked":"SKIP","floor":1.0},{"not_picked":["Deadly Poison","Backflip"],"picked":"Quick Slash","floor":2.0},{"not_picked":["Caltrops","Acrobatics","Outmaneuver"],"picked":"SKIP","floor":3.0},{"not_picked":["All Out Attack","Escape Plan"],"picked":"Backstab","floor":4.0},{"not_picked":["Blade Dance","Poisoned Stab"],"picked":"Sucker Punch","floor":5.0},{"not_picked":["Underhanded Strike","Blade Dance"],"picked":"Escape Plan","floor":6.0},{"not_picked":["Deadly Poison","PiercingWail"],"picked":"Well Laid Plans","floor":11.0},{"not_picked":["Slice","Finisher","Prepared"],"picked":"SKIP","floor":12.0},{"not_picked":["Flechettes","Flying Knee"],"picked":"Blur","floor":13.0},{"not_picked":["A Thousand Cuts","Storm of Steel"],"picked":"Corpse Explosion","floor":16.0},{"not_picked":["Well Laid Plans","Sucker Punch","Accuracy"],"picked":"SKIP","floor":18.0},{"not_picked":["Underhanded Strike","Eviscerate","Caltrops"],"picked":"SKIP","floor":19.0},{"not_picked":["Outmaneuver+1","Deflect","Night Terror"],"picked":"SKIP","floor":23.0},{"not_picked":["Quick Slash","Acrobatics"],"picked":"Backstab","floor":29.0},{"not_picked":["Prepared+1","Crippling Poison"],"picked":"Quick Slash","floor":30.0},{"not_picked":["Bane+1","Flechettes","Slice+1"],"picked":"SKIP","floor":31.0}],"player_experience":432044,"relics_obtained":[{"floor":6.0,"key":"Happy Flower"},{"floor":9.0,"key":"Dead Branch"},{"floor":13.0,"key":"Dodecahedron"},{"floor":22.0,"key":"Regal Pillow"},{"floor":23.0,"key":"Incense Burner"},{"floor":25.0,"key":"The Courier"},{"floor":26.0,"key":"Ice Cream"},{"floor":27.0,"key":"Snake Skull"},{"floor":29.0,"key":"Frozen Egg 2"}],"event_choices":[{"damage_healed":50.0,"max_hp_gain":0.0,"max_hp_loss":0.0,"gold_gain":0.0,"event_name":"Wheel of Change","player_choice":"Full Heal","floor":8.0,"gold_loss":0.0,"damage_taken":0.0},{"damage_healed":0.0,"max_hp_gain":0.0,"max_hp_loss":0.0,"gold_gain":275.0,"event_name":"Golden Shrine","player_choice":"Desecrate","floor":20.0,"gold_loss":0.0,"damage_taken":0.0,"cards_obtained":["Regret"]},{"cards_removed":["Defend_G"],"damage_healed":0.0,"max_hp_gain":0.0,"max_hp_loss":0.0,"gold_gain":0.0,"event_name":"Back to Basics","player_choice":"Elegance","floor":24.0,"gold_loss":0.0,"damage_taken":0.0}],"is_beta":true,"boss_relics":[{"not_picked":["Velvet Choker","Runic Pyramid"],"picked":"Astrolabe"}],"items_purged_floors":[14,21],"is_endless":false,"potions_floor_spawned":[3,4,12,29],"killed_by":"Collector","ascension_level":12}