{"gold_per_floor":[109,109,126,9,27,27,62,73,73,73,89,89,119,130,130,225,225,245,245,3,203,223,223,253,253,330,330,340,340,358,390,390,494,494,513,388,185,285,285,285,310,194,194,194,214,214,176,202,202,202],"floor_reached":51,"playtime":3804,"items_purged":["Strike_B+1"],"score":813,"play_id":"ae1d43ce-fe4e-4902-91c7-66c9b9f2954f","local_time":"20190714011626","is_ascension_mode":true,"campfire_choices":[{"data":"Genetic Algorithm","floor":6.0,"key":"SMITH"},{"floor":10.0,"key":"REST"},{"data":"Loop","floor":12.0,"key":"SMITH"},{"floor":15.0,"key":"REST"},{"floor":23.0,"key":"REST"},{"data":"Genetic Algorithm","floor":25.0,"key":"SMITH"},{"floor":27.0,"key":"REST"},{"floor":32.0,"key":"REST"},{"data":"Rainbow","floor":40,"key":"SMITH"},{"data":"Echo Form","floor":44,"key":"SMITH"},{"data":"Glacier","floor":46,"key":"SMITH"},{"data":"Barrage","floor":49,"key":"SMITH"}],"neow_cost":"NONE","seed_source_timestamp":0,"circlet_count":0,"master_deck":["Strike_B+1","Strike_B+1","Strike_B+1","Defend_B+1","Defend_B+1","Defend_B+1","Defend_B+1","Zap","Dualcast","Scrape","Genetic Algorithm+1","Beam Cell","Melter","Leap","Loop+1","Doom and Gloom","Capacitor","Blizzard","Glacier+1","Genetic Algorithm+1","Rainbow+1","Barrage+1","Loop+1","Go for the Eyes","Go for the Eyes","Rebound+1","Melter","White Noise+1","Go for the Eyes+1","Echo Form+1","Force Field","Hello World","Cold Snap+1","Leap+1","White Noise+1"],"special_seed":0,"relics":["Cracked Core","Centennial Puzzle","Shuriken","Bottled Lightning","Velvet Choker","Membership Card","Pantograph","Mummified Hand","Happy Flower","Eternal Feather","Pear","Mercury Hourglass","Thread and Needle","Art of War","Potion Belt","Smiling Mask"],"potions_floor_usage":[],"damage_taken":[{"damage":5.0,"enemies":"Small Slimes","floor":1.0,"turns":2.0},{"damage":1.0,"enemies":"Cultist","floor":3.0,"turns":3.0},{"damage":0.0,"enemies":"Jaw Worm","floor":5.0,"turns":3.0},{"damage":43.0,"enemies":"3 Sentries","floor":7.0,"turns":8.0},{"damage":7.0,"enemies":"Large Slime","floor":8.0,"turns":6.0},{"damage":0.0,"enemies":"Lots of Slimes","floor":11.0,"turns":2.0},{"damage":13.0,"enemies":"Lagavulin","floor":13.0,"turns":6.0},{"damage":6.0,"enemies":"Looter","floor":14.0,"turns":3.0},{"damage":33.0,"enemies":"The Guardian","floor":16.0,"turns":16.0},{"damage":27.0,"enemies":"Chosen","floor":18.0,"turns":5.0},{"damage":7.0,"enemies":"Shell Parasite","floor":22.0,"turns":5.0},{"damage":44.0,"enemies":"Gremlin Leader","floor":24.0,"turns":9.0},{"damage":5.0,"enemies":"Centurion and Healer","floor":28.0,"turns":5.0},{"damage":6.0,"enemies":"Snecko","floor":30.0,"turns":6.0},{"damage":18.0,"enemies":"Book of Stabbing","floor":31.0,"turns":5.0},{"damage":37.0,"enemies":"Automaton","floor":33.0,"turns":10.0},{"damage":8.0,"enemies":"3 Shapes","floor":35.0,"turns":7.0},{"damage":20,"enemies":"Mind Bloom Boss Battle","floor":38,"turns":7},{"damage":25,"enemies":"Giant Head","floor":41,"turns":11},{"damage":18,"enemies":"3 Darklings","floor":45,"turns":6},{"damage":45,"enemies":"Time Eater","floor":50,"turns":12}],"seed_played":"-9198460124050670661","potions_obtained":[{"floor":7.0,"key":"Regen Potion"},{"floor":8.0,"key":"Energy Potion"},{"floor":11.0,"key":"Fire Potion"},{"floor":14.0,"key":"EssenceOfSteel"},{"floor":24.0,"key":"Dexterity Potion"},{"floor":33.0,"key":"Strength Potion"}],"is_trial":false,"path_per_floor":["M","?","M","$","M","R","E","M","T","R","M","R","E","M","R","B",null,"M","?","$","?","M","R","E","R","T","R","M","?","M","E","R","B",null,"M","$","$","?","?","R","E","?","T","R","M","R","$","T","R","B",null],"character_chosen":"DEFECT","items_purchased":["Melter","Leap","Membership Card","Loop","Go for the Eyes","Pear","Mercury Hourglass","Force Field","Hello World"],"campfire_rested":5,"item_purchase_floors":[4,4,20,20,20,36,37,37,37],"current_hp_per_floor":[70,70,69,69,69,69,26,34,34,56,56,56,43,37,59,26,75,48,48,48,48,41,63,19,19,19,41,36,36,30,12,34,22,75,67,77,77,65,65,83,58,58,58,79,61,82,82,82,85,40],"gold":202,"neow_bonus":"THREE_CARDS","is_prod":false,"is_daily":false,"chose_seed":false,"campfire_upgraded":7,"win_rate":0,"timestamp":1563081386,"path_taken":["M","?","M","?","M","R","E","M","T","R","?","R","E","M","R","BOSS","M","?","$","?","?","R","E","R","T","R","?","?","M","E","R","BOSS","M","?","$","?","?","R","E","?","T","R","?","R","?","?","R","BOSS"],"build_version":"2019-07-05","purchased_purges":1,"victory":true,"max_hp_per_floor":[75,75,75,75,75,75,75,75,75,75,75,75,75,75,75,75,75,75,75,75,75,75,75,75,75,75,75,75,75,75,75,75,75,75,75,85,85,85,85,85,85,85,85,85,85,85,85,85,85,85],"card_choices":[{"not_picked":["Redo","Skim"],"picked":"Scrape","floor":0.0},{"not_picked":["Cold Snap","Turbo"],"picked":"Genetic Algorithm","floor":1.0},{"not_picked":["Hologram","Redo"],"picked":"Beam Cell","floor":3.0},{"not_picked":["Storm","Aggregate"],"picked":"Loop","floor":5.0},{"not_picked":["Turbo","Tempest"],"picked":"Doom and Gloom","floor":7.0},{"not_picked":["Leap","Cold Snap"],"picked":"Capacitor","floor":8.0},{"not_picked":["Turbo","Streamline"],"picked":"Blizzard","floor":11.0},{"not_picked":["Barrage","Stack"],"picked":"Glacier","floor":13.0},{"not_picked":["Double Energy","Rip and Tear"],"picked":"Genetic Algorithm","floor":14.0},{"not_picked":["Multi-Cast","Core Surge"],"picked":"Rainbow","floor":16.0},{"not_picked":["BootSequence","Steam+1"],"picked":"Barrage","floor":18.0},{"not_picked":["Recycle+1","Steam"],"picked":"Go for the Eyes","floor":22.0},{"not_picked":["Skim","Sweeping Beam"],"picked":"Rebound+1","floor":24.0},{"not_picked":["Sweeping Beam+1","Steam Power"],"picked":"Melter","floor":28.0},{"not_picked":["Reboot","Storm"],"picked":"White Noise+1","floor":30.0},{"not_picked":["Streamline","Stack"],"picked":"Go for the Eyes+1","floor":31.0},{"not_picked":["Buffer","Meteor Strike"],"picked":"Echo Form","floor":33.0},{"not_picked":["Steam","Beam Cell+1","Go for the Eyes"],"picked":"SKIP","floor":35.0},{"not_picked":["Hologram+1","Sunder+1"],"picked":"Cold Snap+1","floor":38},{"not_picked":["Compile Driver","Sweeping Beam"],"picked":"Leap+1","floor":41},{"not_picked":["Fusion","Redo"],"picked":"White Noise+1","floor":45}],"player_experience":135937,"relics_obtained":[{"floor":7.0,"key":"Centennial Puzzle"},{"floor":9.0,"key":"Shuriken"},{"floor":13.0,"key":"Bottled Lightning"},{"floor":24.0,"key":"Pantograph"},{"floor":26.0,"key":"Mummified Hand"},{"floor":31.0,"key":"Happy Flower"},{"floor":38,"key":"Thread and Needle"},{"floor":41,"key":"Art of War"},{"floor":48,"key":"Smiling Mask"}],"event_choices":[{"damage_healed":0.0,"max_hp_gain":0.0,"max_hp_loss":0.0,"gold_gain":0.0,"event_name":"Transmorgrifier","player_choice":"Ignored","floor":2.0,"gold_loss":0.0,"damage_taken":0.0},{"damage_healed":0.0,"max_hp_gain":0.0,"max_hp_loss":0.0,"gold_gain":0.0,"event_name":"Back to Basics","player_choice":"Simplicity","floor":19.0,"gold_loss":0.0,"damage_taken":0.0,"cards_upgraded":["Strike_B","Strike_B","Strike_B","Strike_B","Defend_B","Defend_B","Defend_B","Defend_B"]},{"damage_healed":0.0,"max_hp_gain":0.0,"max_hp_loss":0.0,"gold_gain":200.0,"event_name":"Wheel of Change","player_choice":"Gold","floor":21.0,"gold_loss":0.0,"damage_taken":0.0},{"damage_healed":0.0,"max_hp_gain":0.0,"max_hp_loss":0.0,"gold_gain":0.0,"event_name":"Upgrade Shrine","player_choice":"Upgraded","floor":29.0,"gold_loss":0.0,"damage_taken":0.0,"cards_upgraded":["Loop"]},{"damage_healed":0,"gold_gain":0,"player_choice":"Fight","damage_taken":0,"max_hp_gain":0,"max_hp_loss":0,"event_name":"MindBloom","floor":38,"gold_loss":0},{"damage_healed":0,"gold_gain":0,"player_choice":"Ignored","damage_taken":0,"max_hp_gain":0,"max_hp_loss":0,"event_name":"Tomb of Lord Red Mask","floor":39,"gold_loss":0},{"damage_healed":0,"gold_gain":0,"player_choice":"Paid Gold","damage_taken":0,"relics_obtained":["Potion Belt"],"max_hp_gain":0,"max_hp_loss":0,"event_name":"WeMeetAgain","floor":42,"gold_loss":116}],"is_beta":false,"boss_relics":[{"not_picked":["Sozu","Snecko Eye"],"picked":"Velvet Choker"},{"not_picked":["FrozenCore","Empty Cage"],"picked":"Eternal Feather"}],"items_purged_floors":[47],"is_endless":false,"potions_floor_spawned":[7,8,11,14,16,24,28,31,33,35,38],"ascension_level":2}