{"gold_per_floor":[115,128,128,140,140,175,175,206,206,206,126,140,140,45,45,149,149,167,167,178,197,197,229,229,229],"floor_reached":25,"playtime":2374,"items_purged":[],"score":291,"play_id":"c571a373-3a4f-44c8-a4c6-e67cb7c0cce5","local_time":"20190714204636","is_ascension_mode":true,"campfire_choices":[{"floor":7.0,"key":"REST"},{"floor":10.0,"key":"REST"},{"data":"Neutralize","floor":13.0,"key":"SMITH"},{"data":"Footwork","floor":15.0,"key":"SMITH"},{"floor":24,"key":"REST"}],"neow_cost":"NONE","seed_source_timestamp":380299004686374,"circlet_count":0,"master_deck":["Strike_G","Strike_G","Strike_G","Strike_G","Strike_G","Defend_G","Defend_G","Defend_G","Defend_G","Defend_G","Survivor","Neutralize+1","Crippling Poison","Slice","Quick Slash","Burst","Footwork+1","Backflip","Footwork","Cloak And Dagger","Slice","Noxious Fumes","Malaise","Deflect","Bouncing Flask","Slice"],"special_seed":0,"relics":["Ring of the Snake","Bag of Preparation","Ice Cream","Paper Crane","Runic Pyramid","Pear"],"potions_floor_usage":[23],"damage_taken":[{"damage":6.0,"enemies":"Cultist","floor":1.0,"turns":5.0},{"damage":0.0,"enemies":"Small Slimes","floor":2.0,"turns":5.0},{"damage":0.0,"enemies":"2 Louse","floor":4.0,"turns":2.0},{"damage":54.0,"enemies":"Gremlin Nob","floor":6.0,"turns":7.0},{"damage":18.0,"enemies":"3 Sentries","floor":8.0,"turns":10.0},{"damage":0.0,"enemies":"Red Slaver","floor":12.0,"turns":7.0},{"damage":5.0,"enemies":"The Guardian","floor":16.0,"turns":13.0},{"damage":3.0,"enemies":"Spheric Guardian","floor":18.0,"turns":7.0},{"damage":2.0,"enemies":"Shell Parasite","floor":20.0,"turns":9.0},{"damage":5.0,"enemies":"Sentry and Sphere","floor":21.0,"turns":10.0},{"damage":0.0,"enemies":"Centurion and Healer","floor":22.0,"turns":1.0},{"damage":43,"enemies":"Slavers","floor":23,"turns":7},{"damage":22,"enemies":"Gremlin Leader","floor":25,"turns":12}],"seed_played":"-1829824381400398502","potions_obtained":[{"floor":4.0,"key":"EssenceOfSteel"},{"floor":6.0,"key":"EssenceOfSteel"},{"floor":12.0,"key":"Fire Potion"},{"floor":16.0,"key":"Block Potion"},{"floor":20.0,"key":"FearPotion"},{"floor":23,"key":"GamblersBrew"}],"is_trial":false,"path_per_floor":["M","M","?","M","?","E","R","E","T","R","$","M","R","$","R","B",null,"M","?","M","M","M","E","R","E"],"character_chosen":"THE_SILENT","items_purchased":["Backflip","Footwork","Slice","Noxious Fumes"],"campfire_rested":3,"item_purchase_floors":[11,11,14,14],"current_hp_per_floor":[71,71,71,71,71,17,40,22,22,45,45,45,45,45,45,40,77,74,60,58,53,53,20,46,24],"gold":229,"neow_bonus":"TEN_PERCENT_HP_BONUS","is_prod":false,"is_daily":false,"chose_seed":false,"campfire_upgraded":2,"win_rate":0,"timestamp":1563151596,"path_taken":["M","?","?","M","?","E","R","E","T","R","$","?","R","?","R","BOSS","M","?","M","M","?","E","R","E"],"build_version":"2019-07-05","purchased_purges":0,"victory":false,"max_hp_per_floor":[77,77,77,77,77,77,77,77,77,77,77,77,77,77,77,77,77,77,77,77,77,77,87,87,87],"card_choices":[{"not_picked":["Outmaneuver","Quick Slash"],"picked":"Crippling Poison","floor":1.0},{"not_picked":["Acrobatics","Flechettes"],"picked":"Slice","floor":2.0},{"not_picked":["Escape Plan","Deflect"],"picked":"Quick Slash","floor":4.0},{"not_picked":["Dagger Spray","Backstab"],"picked":"Burst","floor":6.0},{"not_picked":["Setup","Predator"],"picked":"Footwork","floor":8.0},{"not_picked":["Tactician","Deadly Poison"],"picked":"Cloak And Dagger","floor":12.0},{"not_picked":["Adrenaline","Phantasmal Killer"],"picked":"Malaise","floor":16.0},{"not_picked":["Prepared+1","Quick Slash","Underhanded Strike"],"picked":"SKIP","floor":18.0},{"not_picked":["Bane+1","Venomology"],"picked":"Deflect","floor":20.0},{"not_picked":["Deadly Poison","Escape Plan+1"],"picked":"Bouncing Flask","floor":21.0},{"not_picked":["Backflip+1","Sucker Punch"],"picked":"Slice","floor":23}],"player_experience":148877,"relics_obtained":[{"floor":6.0,"key":"Bag of Preparation"},{"floor":8.0,"key":"Ice Cream"},{"floor":9.0,"key":"Paper Crane"},{"floor":23,"key":"Pear"}],"event_choices":[{"damage_healed":0.0,"max_hp_gain":0.0,"max_hp_loss":0.0,"gold_gain":0.0,"event_name":"Golden Wing","player_choice":"Ignored","floor":3.0,"gold_loss":0.0,"damage_taken":0.0},{"damage_healed":0.0,"max_hp_gain":0.0,"max_hp_loss":0.0,"gold_gain":0.0,"event_name":"Transmorgrifier","player_choice":"Ignored","floor":5.0,"gold_loss":0.0,"damage_taken":0.0},{"damage_healed":0.0,"max_hp_gain":0.0,"max_hp_loss":0.0,"gold_gain":0.0,"event_name":"Knowing Skull","player_choice":"POTION ","floor":19.0,"potions_obtained":["SmokeBomb"],"gold_loss":0.0,"damage_taken":14.0,"cards_obtained":[]}],"is_beta":false,"boss_relics":[{"not_picked":["Ectoplasm","Runic Dome"],"picked":"Runic Pyramid"}],"items_purged_floors":[],"is_endless":false,"potions_floor_spawned":[4,6,12,16,20,22,23],"killed_by":"Gremlin Leader","ascension_level":3}