{"gold_per_floor":[113,129,148,19,37,66,86,86,110,140,140,160,177,187,187,282,282,296,307,63,77,77,77,96,123,146,146,157,256,356,180,180,279,279,289,302,402,453,60,60],"floor_reached":40,"playtime":5535,"items_purged":["HollowMod:QuickDashStart","HollowMod:QuickDashStart","HollowMod:QuickDashStart"],"score":475,"play_id":"03b3fe59-87f4-4ed9-8abd-b7808dd728dc","local_time":"20190714013122","is_ascension_mode":false,"campfire_choices":[{"data":"HollowMod:HuntersJournal","floor":8.0,"key":"SMITH"},{"data":"HollowMod:LifebloodCocoon","floor":11.0,"key":"SMITH"},{"data":"HollowMod:theNailsmith","floor":15.0,"key":"SMITH"},{"data":"HollowMod:CornifersMapStart","floor":23.0,"key":"SMITH"},{"data":"HollowMod:FocusHealStart","floor":27.0,"key":"SMITH"},{"data":"HollowMod:SoulStrike","floor":32.0,"key":"SMITH"}],"neow_cost":"NONE","seed_source_timestamp":0,"circlet_count":0,"master_deck":["HollowMod:QuickDashStart+1","HollowMod:FocusHealStart+1","HollowMod:PogoStrike","HollowMod:SoulStrike+1","HollowMod:SoulSplash","HollowMod:DescendingDark","HollowMod:LifebloodCocoon+1","HollowMod:HuntersJournal+1","HollowMod:DashSlash","HollowMod:SoulVessel","HollowMod:CornifersMapStart+1","HollowMod:HeavyBlow","HollowMod:theNailsmith+1","HollowMod:DashSlash","HollowMod:MidwifesHunger","HollowMod:HeavyBlow+1","HollowMod:ChannelNail","HollowMod:SoulSplash+1","Bite","Bite","Bite","Bite","Bite","HollowMod:NewLittleFool","HollowMod:SoulStrike","HollowMod:DesolateDive+1","HollowMod:SoulVessel","HollowMod:SoulMaster","Injury","Injury","Shame","HollowMod:LifebloodCocoon","HollowMod:AwokenDreamNail","HollowMod:SoulSplash","HollowMod:HuntersJournal"],"special_seed":0,"relics":["HollowMod:VesselMask","Potion Belt","Whetstone","HollowMod:GodTunerRelic","Ancient Tea Set","HollowMod:GreatKnightMask","Regal Pillow","Gambling Chip","Bottled Lightning","Calling Bell","HollowMod:StagPassRelic","StoneCalendar","War Paint","Torii","Prayer Wheel","Pen Nib","Pantograph"],"potions_floor_usage":[36,36,38,38,38,38,38,40,40],"damage_taken":[{"damage":1.0,"enemies":"Cultist","floor":1.0,"turns":4.0},{"damage":1.0,"enemies":"Jaw Worm","floor":2.0,"turns":3.0},{"damage":0.0,"enemies":"Small Slimes","floor":3.0,"turns":2.0},{"damage":10.0,"enemies":"2 Fungi Beasts","floor":5.0,"turns":3.0},{"damage":40.0,"enemies":"Gremlin Nob","floor":6.0,"turns":4.0},{"damage":7.0,"enemies":"3 Louse","floor":7.0,"turns":2.0},{"damage":19.0,"enemies":"3 Sentries","floor":10.0,"turns":8.0},{"damage":0.0,"enemies":"Exordium Thugs","floor":12.0,"turns":4.0},{"damage":0.0,"enemies":"HollowMod:HuskWarrior","floor":13.0,"turns":3.0},{"damage":0.0,"enemies":"3 Louse","floor":14.0,"turns":1.0},{"damage":35.0,"enemies":"Slime Boss","floor":16.0,"turns":15.0},{"damage":7.0,"enemies":"2 Thieves","floor":18.0,"turns":4.0},{"damage":14.0,"enemies":"Spheric Guardian","floor":19.0,"turns":5.0},{"damage":14.0,"enemies":"Centurion and Healer","floor":21.0,"turns":8.0},{"damage":13.0,"enemies":"3 Cultists","floor":24.0,"turns":5.0},{"damage":0.0,"enemies":"HollowMod:Zote","floor":25.0,"turns":2.0},{"damage":11.0,"enemies":"Chosen and Byrds","floor":28.0,"turns":5.0},{"damage":26.0,"enemies":"Colosseum Slavers","floor":30.0,"turns":4.0},{"damage":17.0,"enemies":"Colosseum Nobs","floor":30.0,"turns":5.0},{"damage":91.0,"enemies":"Champ","floor":33.0,"turns":13.0},{"damage":20,"enemies":"Orb Walker","floor":35,"turns":4},{"damage":37,"enemies":"3 Shapes","floor":36,"turns":6},{"damage":16,"enemies":"Mind Bloom Boss Battle","floor":37,"turns":7},{"damage":75,"enemies":"2 Orb Walkers","floor":38,"turns":7},{"damage":24,"enemies":"Nemesis","floor":40,"turns":3}],"seed_played":"-5016537875749201435","potions_obtained":[{"floor":2.0,"key":"FairyPotion"},{"floor":3.0,"key":"Energy Potion"},{"floor":6.0,"key":"Dexterity Potion"},{"floor":10.0,"key":"FearPotion"},{"floor":13.0,"key":"EntropicBrew"},{"floor":16.0,"key":"FearPotion"},{"floor":18.0,"key":"AttackPotion"},{"floor":24.0,"key":"Poison Potion"},{"floor":28.0,"key":"Fruit Juice"},{"floor":30.0,"key":"FearPotion"},{"floor":33.0,"key":"PowerPotion"},{"floor":36,"key":"EssenceOfSteel"}],"is_trial":false,"path_per_floor":["M","M","M","$","M","E","M","R","T","E","R","M","M","M","R","B",null,"M","M","$","M","?","R","M","?","T","R","M","?","?","$","R","B",null,"M","M","?","?","$","E"],"character_chosen":"THE_BUGKNIGHT","items_purchased":["HollowMod:LifebloodCocoon","Ancient Tea Set","HollowMod:SoulVessel","Pen Nib","Pantograph"],"campfire_rested":0,"item_purchase_floors":[4,20,31,39,39],"current_hp_per_floor":[82,81,81,81,71,31,26,26,26,19,19,27,29,31,31,4,82,75,63,63,57,57,57,67,73,73,73,84,84,75,75,75,17,87,73,52,52,11,11,0],"gold":60,"neow_bonus":"TEN_PERCENT_HP_BONUS","is_prod":false,"is_daily":false,"chose_seed":false,"campfire_upgraded":6,"win_rate":0.0,"timestamp":1563039082,"path_taken":["M","M","M","?","M","E","M","R","T","E","R","M","M","M","R","BOSS","M","M","$","M","?","R","M","?","T","R","M","?","?","$","R","BOSS","M","M","?","?","$","E"],"build_version":"2019-07-05","purchased_purges":3,"victory":false,"max_hp_per_floor":[82,82,82,82,82,82,82,82,82,82,82,82,82,82,82,82,82,82,82,82,82,82,82,82,82,82,82,87,87,87,87,87,87,87,87,87,87,87,87,87],"card_choices":[{"not_picked":["HollowMod:SoulSplash","HollowMod:GoodIntentions"],"picked":"HollowMod:SoulStrike","floor":1.0},{"not_picked":["HollowMod:SoulEater","HollowMod:InfectedCysts"],"picked":"HollowMod:SoulSplash","floor":2.0},{"not_picked":["HollowMod:VoidDash","HollowMod:NewGlowingWomb"],"picked":"HollowMod:DescendingDark","floor":3.0},{"not_picked":["HollowMod:ChannelNail","HollowMod:NewGlowingWomb"],"picked":"HollowMod:HuntersJournal","floor":5.0},{"not_picked":["HollowMod:ShapeofUnn","HollowMod:BlackTendrils"],"picked":"HollowMod:DashSlash","floor":6.0},{"not_picked":["HollowMod:GoodIntentions","HollowMod:ThornsofAgony"],"picked":"HollowMod:SoulVessel","floor":7.0},{"not_picked":["HollowMod:FallenFury","HollowMod:SoulStrike"],"picked":"HollowMod:CornifersMapStart","floor":10.0},{"not_picked":["HollowMod:DoubleDash","HollowMod:NewLittleFool"],"picked":"HollowMod:HeavyBlow","floor":12.0},{"not_picked":["HollowMod:SiblingsSouls","HollowMod:GoodIntentions"],"picked":"HollowMod:theNailsmith","floor":13.0},{"not_picked":["HollowMod:SiblingsSouls","HollowMod:TaintedHusks"],"picked":"HollowMod:DashSlash","floor":14.0},{"not_picked":["HollowMod:LifebloodCore","HollowMod:theNailsmith"],"picked":"HollowMod:MidwifesHunger","floor":16.0},{"not_picked":["HollowMod:DreamGate","HollowMod:InfectedAttack"],"picked":"HollowMod:HeavyBlow+1","floor":18.0},{"not_picked":["HollowMod:SiblingsShadow","HollowMod:BlackTendrils+1"],"picked":"HollowMod:ChannelNail","floor":19.0},{"not_picked":["HollowMod:AbyssShriek","HollowMod:ShadowDash"],"picked":"HollowMod:SoulSplash","floor":21.0},{"not_picked":["HollowMod:NewJinnsSoul","HollowMod:CrystalDash"],"picked":"HollowMod:NewLittleFool","floor":24.0},{"not_picked":["HollowMod:CloakDash","HollowMod:NewInfectedGuardian"],"picked":"HollowMod:SoulStrike","floor":25.0},{"not_picked":["HollowMod:SiblingsSouls","HollowMod:BlackTendrils+1","HollowMod:InfectedAttack"],"picked":"SKIP","floor":28.0},{"not_picked":["HollowMod:NewJinnsSoul","HollowMod:RecoilStrike+1"],"picked":"HollowMod:DesolateDive+1","floor":30.0},{"not_picked":["HollowMod:theNailsmith","HollowMod:SharpenedShadows"],"picked":"HollowMod:SoulMaster","floor":33.0},{"not_picked":["HollowMod:SoulSplash","HollowMod:InfectionAssault"],"picked":"HollowMod:LifebloodCocoon","floor":35},{"not_picked":["HollowMod:CycloneSlash","HollowMod:NewJinnsSoul+1"],"picked":"HollowMod:AwokenDreamNail","floor":36},{"not_picked":["HollowMod:DescendingDark","HollowMod:ShapeofUnn"],"picked":"HollowMod:SoulSplash","floor":37},{"not_picked":["HollowMod:CloakDash","HollowMod:DashSlash"],"picked":"HollowMod:HuntersJournal","floor":38}],"player_experience":248016,"relics_obtained":[{"floor":6.0,"key":"Blood Vial"},{"floor":9.0,"key":"Potion Belt"},{"floor":10.0,"key":"Whetstone"},{"floor":25.0,"key":"HollowMod:GreatKnightMask"},{"floor":26.0,"key":"Regal Pillow"},{"floor":30.0,"key":"Gambling Chip"},{"floor":30.0,"key":"Bottled Lightning"},{"floor":34.0,"key":"HollowMod:StagPassRelic"},{"floor":34.0,"key":"StoneCalendar"},{"floor":34.0,"key":"War Paint"},{"floor":37,"key":"Torii"},{"floor":38,"key":"Prayer Wheel"}],"event_choices":[{"damage_healed":0.0,"max_hp_gain":0.0,"max_hp_loss":0.0,"gold_gain":0.0,"event_name":"Vampires","player_choice":"Became a vampire (Vial)","floor":22.0,"relics_lost":["Blood Vial"],"gold_loss":0.0,"damage_taken":0.0,"cards_obtained":["Bite","Bite","Bite","Bite","Bite"]},{"damage_healed":0.0,"max_hp_gain":0.0,"max_hp_loss":0.0,"gold_gain":99.0,"event_name":"Nest","player_choice":"Stole From Cult","floor":29.0,"gold_loss":0.0,"damage_taken":0.0},{"damage_healed":0.0,"max_hp_gain":0.0,"max_hp_loss":0.0,"gold_gain":0.0,"event_name":"Colosseum","player_choice":"Fight","floor":30.0,"gold_loss":0.0,"damage_taken":0.0},{"damage_healed":0.0,"max_hp_gain":0.0,"max_hp_loss":0.0,"gold_gain":0.0,"event_name":"Colosseum","player_choice":"Fought Nobs","floor":30.0,"gold_loss":0.0,"damage_taken":0.0},{"damage_healed":0,"gold_gain":0,"player_choice":"Fight","damage_taken":0,"max_hp_gain":0,"max_hp_loss":0,"event_name":"MindBloom","floor":37,"gold_loss":0},{"damage_healed":0,"gold_gain":0,"player_choice":"Fight","damage_taken":0,"max_hp_gain":0,"max_hp_loss":0,"event_name":"Mysterious Sphere","floor":38,"gold_loss":0}],"is_beta":false,"boss_relics":[{"not_picked":["Fusion Hammer","Coffee Dripper"],"picked":"HollowMod:GodTunerRelic"},{"not_picked":["Pandora\u0027s Box","Velvet Choker"],"picked":"Calling Bell"}],"items_purged_floors":[4,20,31],"is_endless":false,"potions_floor_spawned":[2,3,6,10,13,16,18,24,28,30,30,33,36],"killed_by":"Nemesis","ascension_level":0}