{"gold_per_floor":[117,117,134,66,85,85,120,45,71,94,138,161,173,202,214,328,340,366,393,425,453,481,493,540,552,564,604,628,140,154,164,164,264,264,279,298,298,298,25,25,56,74,74,99,199,199,214,85,85,85],"floor_reached":51,"playtime":4278,"items_purged":["Dark Embrace"],"score":849,"play_id":"791f31a5-d74a-4594-ba19-27d24a2d5d30","local_time":"20190711195836","is_ascension_mode":true,"campfire_choices":[{"data":"Inflame","floor":6,"key":"SMITH"},{"data":"Inflame","floor":13,"key":"SMITH"},{"data":"Flex","floor":15,"key":"SMITH"},{"floor":23,"key":"REST"},{"data":"Heavy Blade","floor":25,"key":"SMITH"},{"data":"Infernal Blade","floor":32,"key":"SMITH"},{"data":"Warcry","floor":40,"key":"SMITH"},{"data":"Impervious","floor":46,"key":"SMITH"},{"data":"Dark Shackles","floor":49,"key":"SMITH"}],"neow_cost":"NONE","seed_source_timestamp":116401522902482,"circlet_count":0,"master_deck":["Strike_R","Strike_R","Defend_R","Defend_R","Defend_R","Defend_R","Bash","Metallicize+1","Infernal Blade+1","Inflame+1","Pommel Strike","Inflame+1","Heavy Blade+1","Bloodletting","Flex+1","Reaper+1","Cleave+1","Shrug It Off+1","Warcry+1","Dual Wield+1","Clothesline","Thunderclap","Rampage+1","Infernal Blade+1","Shrug It Off+1","Seeing Red","Impervious+1","Dual Wield+1","Wild Strike+1","Rage+1","Battle Trance","Rampage","Iron Wave","Reckless Charge","Offering","Disarm+1","Seeing Red","Dark Shackles+1","Shrug It Off"],"relics":["Burning Blood","Orichalcum","MawBank","PreservedInsect","Runic Cube","Boot","Whetstone","Dream Catcher","Vajra","Blood Vial","Strange Spoon","Astrolabe","Medical Kit","Bronze Scales","Letter Opener","Juzu Bracelet","Magic Flower"],"potions_floor_usage":[7,11,20,22,27,33,42,42,45,47,50,50],"damage_taken":[{"damage":15,"enemies":"Jaw Worm","floor":1,"turns":5},{"damage":0,"enemies":"Cultist","floor":3,"turns":4},{"damage":3,"enemies":"2 Louse","floor":5,"turns":3},{"damage":18,"enemies":"Lagavulin","floor":7,"turns":6},{"damage":3,"enemies":"Blue Slaver","floor":10,"turns":3},{"damage":11,"enemies":"3 Sentries","floor":11,"turns":5},{"damage":2,"enemies":"2 Fungi Beasts","floor":12,"turns":2},{"damage":0,"enemies":"3 Louse","floor":14,"turns":4},{"damage":54,"enemies":"The Guardian","floor":16,"turns":8},{"damage":17,"enemies":"Spheric Guardian","floor":18,"turns":4},{"damage":13,"enemies":"3 Byrds","floor":19,"turns":5},{"damage":29,"enemies":"Snecko","floor":20,"turns":6},{"damage":10,"enemies":"Sentry and Sphere","floor":21,"turns":5},{"damage":34,"enemies":"Centurion and Healer","floor":22,"turns":8},{"damage":30,"enemies":"Book of Stabbing","floor":24,"turns":5},{"damage":3,"enemies":"Gremlin Leader","floor":27,"turns":3},{"damage":7,"enemies":"Cultist and Chosen","floor":28,"turns":5},{"damage":15,"enemies":"Snake Plant","floor":30,"turns":2},{"damage":7,"enemies":"Chosen and Byrds","floor":31,"turns":3},{"damage":50,"enemies":"Automaton","floor":33,"turns":8},{"damage":0,"enemies":"3 Darklings","floor":35,"turns":2},{"damage":9,"enemies":"Orb Walker","floor":36,"turns":2},{"damage":5,"enemies":"Nemesis","floor":41,"turns":6},{"damage":23,"enemies":"Transient","floor":42,"turns":5},{"damage":26,"enemies":"Giant Head","floor":44,"turns":7},{"damage":10,"enemies":"Mind Bloom Boss Battle","floor":45,"turns":7},{"damage":3,"enemies":"3 Darklings","floor":47,"turns":5},{"damage":62,"enemies":"Awakened One","floor":50,"turns":11}],"seed_played":"8935043868939545967","potions_obtained":[{"floor":1,"key":"SteroidPotion"},{"floor":3,"key":"Swift Potion"},{"floor":10,"key":"BloodPotion"},{"floor":19,"key":"Strength Potion"},{"floor":21,"key":"Swift Potion"},{"floor":31,"key":"SteroidPotion"},{"floor":33,"key":"Block Potion"},{"floor":35,"key":"BloodPotion"},{"floor":41,"key":"AttackPotion"},{"floor":42,"key":"Block Potion"},{"floor":44,"key":"PowerPotion"},{"floor":47,"key":"Dexterity Potion"}],"is_trial":false,"path_per_floor":["M","?","M","$","M","R","E","$","T","M","E","M","R","M","R","B",null,"M","M","M","M","M","R","E","R","T","E","M","$","M","M","R","B",null,"M","M","?","?","$","R","E","M","T","E","?","R","M","$","R","B",null],"character_chosen":"IRONCLAD","items_purchased":["Inflame","Vajra","Blood Vial","Strange Spoon","Medical Kit","Rampage","Dark Shackles","Shrug It Off"],"campfire_rested":1,"item_purchase_floors":[4,29,29,29,39,39,48,48],"current_hp_per_floor":[71,71,77,77,80,80,68,68,68,71,66,70,70,76,76,28,80,69,68,72,68,50,74,50,50,50,80,79,79,71,72,72,30,80,80,77,77,77,77,77,80,63,63,51,69,69,78,78,78,54],"gold":85,"neow_bonus":"ONE_RANDOM_RARE_CARD","is_prod":false,"is_daily":false,"chose_seed":false,"campfire_upgraded":8,"win_rate":0,"timestamp":1562889516,"path_taken":["M","?","?","$","M","R","E","$","T","M","E","M","R","M","R","BOSS","M","?","?","?","M","R","E","R","T","E","M","$","M","?","R","BOSS","M","M","?","?","$","R","E","M","T","E","?","R","M","$","R","BOSS"],"build_version":"2019-07-05","purchased_purges":1,"victory":true,"max_hp_per_floor":[80,80,80,80,80,80,80,80,80,80,80,80,80,80,80,80,80,80,80,80,80,80,80,80,80,80,80,80,80,80,80,80,80,80,80,80,80,80,80,80,80,80,80,80,80,80,80,80,80,80],"card_choices":[{"not_picked":["Pummel","Flex"],"picked":"Metallicize","floor":1},{"not_picked":["Fire Breathing","Clothesline"],"picked":"Infernal Blade","floor":3},{"not_picked":["Combust","Wild Strike"],"picked":"Pommel Strike","floor":5},{"not_picked":["Flame Barrier","Carnage"],"picked":"Inflame","floor":7},{"not_picked":["Cleave","Carnage"],"picked":"Heavy Blade","floor":10},{"not_picked":["Body Slam","Reckless Charge"],"picked":"Bloodletting","floor":11},{"not_picked":["Body Slam","Headbutt"],"picked":"Flex","floor":12},{"not_picked":["Intimidate","Feel No Pain"],"picked":"Pummel","floor":14},{"not_picked":["Bludgeon","Immolate"],"picked":"Reaper","floor":16},{"not_picked":["Thunderclap","Clash"],"picked":"Cleave","floor":18},{"not_picked":["Heavy Blade","Searing Blow"],"picked":"Shrug It Off+1","floor":19},{"not_picked":["Clash","Power Through"],"picked":"Warcry","floor":20},{"not_picked":["Flex","Combust+1"],"picked":"Dual Wield+1","floor":21},{"not_picked":["Dual Wield+1","Thunderclap"],"picked":"Clothesline","floor":22},{"not_picked":["Sword Boomerang","Fiend Fire"],"picked":"Thunderclap","floor":24},{"not_picked":["Shrug It Off","Flame Barrier"],"picked":"Rampage+1","floor":27},{"not_picked":["Blood for Blood","Iron Wave+1"],"picked":"Infernal Blade+1","floor":28},{"not_picked":["Cleave+1","Pommel Strike"],"picked":"Shrug It Off+1","floor":30},{"not_picked":["Fire Breathing+1","Sword Boomerang"],"picked":"Seeing Red","floor":31},{"not_picked":["Offering","Immolate"],"picked":"Impervious","floor":33},{"not_picked":["Warcry+1","Second Wind+1"],"picked":"Battle Trance","floor":35},{"not_picked":["Twin Strike","Wild Strike","Clash+1"],"picked":"SKIP","floor":36},{"not_picked":["Sever Soul","Carnage"],"picked":"Iron Wave","floor":41},{"not_picked":["Pummel+1","Shockwave"],"picked":"Reckless Charge","floor":42},{"not_picked":["Pummel","Thunderclap"],"picked":"Offering","floor":44},{"not_picked":["Heavy Blade","Thunderclap+1"],"picked":"Disarm+1","floor":45},{"not_picked":["Disarm+1","Wild Strike+1"],"picked":"Seeing Red","floor":47}],"player_experience":84464,"relics_obtained":[{"floor":7,"key":"Orichalcum"},{"floor":9,"key":"MawBank"},{"floor":11,"key":"PreservedInsect"},{"floor":24,"key":"Boot"},{"floor":26,"key":"Whetstone"},{"floor":27,"key":"Dream Catcher"},{"floor":41,"key":"Bronze Scales"},{"floor":43,"key":"Letter Opener"},{"floor":44,"key":"Juzu Bracelet"},{"floor":45,"key":"Magic Flower"}],"event_choices":[{"damage_healed":0,"gold_gain":0,"player_choice":"Forge","damage_taken":0,"max_hp_gain":0,"max_hp_loss":0,"event_name":"Accursed Blacksmith","floor":2,"gold_loss":0,"cards_upgraded":["Metallicize"]},{"damage_healed":0,"gold_gain":0,"player_choice":"Ignored","damage_taken":0,"max_hp_gain":0,"max_hp_loss":0,"event_name":"Tomb of Lord Red Mask","floor":37,"gold_loss":0},{"cards_removed":["Pummel"],"damage_healed":0,"gold_gain":0,"player_choice":"Removed Attack","damage_taken":0,"max_hp_gain":0,"max_hp_loss":0,"event_name":"Falling","floor":38,"gold_loss":0},{"damage_healed":0,"gold_gain":0,"player_choice":"Fight","damage_taken":0,"max_hp_gain":0,"max_hp_loss":0,"event_name":"MindBloom","floor":45,"gold_loss":0}],"is_beta":false,"boss_relics":[{"not_picked":["Ectoplasm","Fusion Hammer"],"picked":"Runic Cube"},{"not_picked":["Calling Bell","Runic Dome"],"picked":"Astrolabe"}],"items_purged_floors":[8],"is_endless":false,"potions_floor_spawned":[1,3,10,19,21,31,33,35,41,42,44,47],"ascension_level":1}