{"gold_per_floor":[99,99,99,99,99,130,130,144,170,170,187,37,48,64,64,160,160,177,177,177,196,231,258,258,29,29,29,44,63,63,159,159,178,178,228,400,429,496,576,590,590,590,694,744,744,466,478,133,133,165,165,165,184,184],"floor_reached":64,"playtime":2192,"items_purged":["Footwork+1","Doubt","ReplayTheSpireMod:From All Sides+1"],"score":1159,"play_id":"d69b89e9-7861-4121-9224-34f6e50fc3d8","local_time":"20190117120606","daily_mods":["Heirloom"],"is_ascension_mode":false,"campfire_choices":[{"floor":10,"key":"REST"},{"floor":15,"key":"REST"},{"floor":29,"key":"REST"},{"floor":32,"key":"REST"},{"data":"Catalyst","floor":47,"key":"SMITH"},{"floor":61,"key":"REST"}],"neow_cost":"","seed_source_timestamp":0,"circlet_count":0,"master_deck":["Adrenaline+1","Adrenaline+1","Adrenaline+1","Adrenaline+1","infinitespire:Neurotoxin+1","After Image+1","infinitespire:Gouge+1","infinitespire:Gouge+1","infinitespire:DeathsTouch+1","ReplayTheSpireMod:??????????????????????+1","hubris:Rewind+1","A Thousand Cuts+1","Catalyst+1"],"relics":["Ring of the Snake","hubris:Teleporter","construct:RocketBooster","beaked:BlessedCoat","ReplayTheSpireMod:Ninjato","Bag of Preparation","Blood Vial","hubris:SlimyHat","Fusion Hammer","hubris:BottledHeart","Pear","infinitespire:Eraser","hubris:Zylophone","Lantern","Philosopher\u0027s Stone","ReplayTheSpireMod:CursedCoin","ReplayTheSpireMod:Multitool","Gremlin Horn","Tiny House","hubris:ToyBattleship","Chemical X","hubris:OldNail","War Paint","Quantum Egg"],"potions_floor_usage":[],"damage_taken":[{"damage":0,"enemies":"Lagavulin","floor":6,"turns":1},{"damage":0,"enemies":"Jaw Worm","floor":8,"turns":1},{"damage":0,"enemies":"2 Louse","floor":11,"turns":1},{"damage":0,"enemies":"Small Slimes","floor":13,"turns":1},{"damage":0,"enemies":"Blue Slaver","floor":14,"turns":1},{"damage":0,"enemies":"Slime Boss","floor":16,"turns":1},{"damage":3,"enemies":"3 Byrds","floor":18,"turns":1},{"damage":0,"enemies":"Spheric Guardian","floor":22,"turns":1},{"damage":0,"enemies":"Nightmare","floor":23,"turns":1},{"damage":0,"enemies":"Nightmare","floor":25,"turns":1},{"damage":0,"enemies":"Centurion and Healer","floor":30,"turns":1},{"damage":0,"enemies":"3 Cultists","floor":31,"turns":1},{"damage":0,"enemies":"Champ","floor":33,"turns":1},{"damage":0,"enemies":"3 Darklings","floor":35,"turns":1},{"damage":0,"enemies":"Giant Head","floor":40,"turns":1},{"damage":0,"enemies":"3 Shapes","floor":45,"turns":1},{"damage":0,"enemies":"Donu and Deca","floor":50,"turns":1},{"damage":0,"enemies":"Cultist","floor":55,"turns":1},{"damage":0,"enemies":"Nightmare","floor":58,"turns":1},{"damage":0,"enemies":"Jaw Worm","floor":62,"turns":1}],"seed_played":"-2832322579251730175","potions_obtained":[{"floor":8,"key":"Regen Potion"},{"floor":13,"key":"Fire Potion"},{"floor":14,"key":"Explosive Potion"}],"is_trial":true,"path_per_floor":["?","?","$","?","?","E","?","M","T","R","M","$","M","M","R","B",null,"M","?","?","M","NM","NM","T","$","$","R","M","M","R","B",null,"M","?","$","?","E","R","T","M","R","R","B",null,"?","$","M","$","R","NM","T","R","M","?"],"character_chosen":"THE_SILENT","items_purchased":["hubris:SlimyHat","Lantern","ReplayTheSpireMod:CursedCoin","hubris:ToyBattleship","Chemical X","hubris:OldNail"],"campfire_rested":5,"item_purchase_floors":[12,27,37,53,56,56],"current_hp_per_floor":[70,70,70,70,70,70,70,70,70,70,70,70,70,70,70,70,70,70,54,1,1,1,1,1,1,1,1,1,1,1,1,1,1,1,1,1,1,1,1,1,1,1,-2,-1,-1,-1,1,1,1,1,1,1,1,0],"gold":184,"neow_bonus":"","is_prod":false,"is_daily":false,"chose_seed":false,"campfire_upgraded":1,"win_rate":0,"timestamp":1547687166,"path_taken":["?","?","$","?","?","E","?","M","T","R","M","$","M","M","R","BOSS","M","?","?","?","NM","NM","T","?","$","R","M","M","R","BOSS","M","?","$","?","E","R","T","M","R","R","BOSS","?","$","M","$","R","NM","T","R","?","?"],"build_version":"2019-01-10","purchased_purges":3,"victory":false,"max_hp_per_floor":[70,70,70,70,70,70,70,70,70,70,70,70,70,70,70,70,70,70,70,1,1,1,1,1,1,1,1,1,1,1,1,1,1,1,1,1,1,1,1,1,1,1,1,1,1,1,1,1,1,1,1,1,1,1],"card_choices":[{"not_picked":["Fluid Movement","Heel Hook","Underhanded Strike"],"picked":"SKIP","floor":6},{"not_picked":["Dash","ReplayTheSpireMod:Speed Training","Outmaneuver"],"picked":"SKIP","floor":8},{"not_picked":["Leg Sweep","Sucker Punch","Underhanded Strike"],"picked":"SKIP","floor":11},{"not_picked":["Footwork","Escape Plan","Venomology"],"picked":"SKIP","floor":13},{"not_picked":["Bouncing Flask","Bane","Slice"],"picked":"SKIP","floor":14},{"not_picked":["Quick Slash","Finisher","Slice"],"picked":"SKIP","floor":18},{"not_picked":["Heel Hook","ReplayTheSpireMod:Speed Training","Cloak And Dagger"],"picked":"SKIP","floor":22},{"not_picked":["Bane","Hidden Blade+1","Sucker Punch"],"picked":"SKIP","floor":23},{"not_picked":["Underhanded Strike","Deadly Poison+1","hubris:SlightOfHand+1"],"picked":"SKIP","floor":25},{"not_picked":["Underhanded Strike","Deadly Poison+1","hubris:SlightOfHand+1"],"picked":"SKIP","floor":25},{"not_picked":["Prepared+1","hubris:TrickCloak","Bane"],"picked":"SKIP","floor":30},{"not_picked":["Doppelganger","Eviscerate","Quick Slash"],"picked":"SKIP","floor":31},{"not_picked":["ReplayTheSpireMod:Exploit Weakness","Acrobatics+1","Hidden Blade+1"],"picked":"SKIP","floor":35},{"not_picked":["Calculated Gamble+1","ReplayTheSpireMod:Tripwire","PiercingWail+1"],"picked":"SKIP","floor":40},{"not_picked":["Dagger Spray+1","Dodge and Roll"],"picked":"Catalyst","floor":45},{"not_picked":["Crippling Poison","Eviscerate","Prepared"],"picked":"SKIP","floor":55},{"not_picked":["hubris:Sniper","Caltrops","ReplayTheSpireMod:Tripwire"],"picked":"SKIP","floor":58},{"not_picked":["Sucker Punch","Escape Plan","Dodge and Roll"],"picked":"SKIP","floor":62}],"player_experience":583101,"relics_obtained":[{"floor":6,"key":"Bag of Preparation"},{"floor":9,"key":"Blood Vial"},{"floor":23,"key":"Pear"},{"floor":25,"key":"infinitespire:Eraser"},{"floor":26,"key":"hubris:Zylophone"},{"floor":40,"key":"ReplayTheSpireMod:Multitool"},{"floor":43,"key":"Gremlin Horn"},{"floor":58,"key":"War Paint"},{"floor":60,"key":"Quantum Egg"}],"event_choices":[{"damage_healed":0,"gold_gain":0,"player_choice":"Ignored","damage_taken":0,"max_hp_gain":0,"max_hp_loss":0,"event_name":"Shining Light","floor":5,"gold_loss":0},{"damage_healed":0,"gold_gain":0,"player_choice":"Leave","damage_taken":0,"max_hp_gain":0,"max_hp_loss":0,"event_name":"The Cleric","floor":7,"gold_loss":0},{"damage_healed":0,"gold_gain":0,"player_choice":"Obtained Book","damage_taken":16,"max_hp_gain":0,"max_hp_loss":0,"event_name":"Cursed Tome","floor":20,"gold_loss":0},{"damage_healed":0,"gold_gain":0,"player_choice":"Ignored","damage_taken":0,"max_hp_gain":0,"max_hp_loss":0,"event_name":"Tomb of Lord Red Mask","floor":36,"gold_loss":0},{"cards_removed":["infinitespire:DeathsTouch"],"damage_healed":0,"gold_gain":0,"player_choice":"Removed Attack","damage_taken":0,"max_hp_gain":0,"max_hp_loss":0,"event_name":"Falling","floor":38,"gold_loss":0}],"is_beta":false,"boss_relics":[{"not_picked":["hubris:HollowSoul","ReplayTheSpireMod:SealedPack"],"picked":"Fusion Hammer"},{"not_picked":["Orrery","hubris:CrackedHourglass"],"picked":"Philosopher\u0027s Stone"},{"not_picked":["Cursed Key","White Beast Statue"],"picked":"Tiny House"}],"items_purged_floors":[27,37,53],"is_endless":true,"potions_floor_spawned":[8,13,14,25,31,33,45,55],"ascension_level":0}