{"gold_per_floor":[113,130,140,3,22,22,35,35,35,35,35,51,65,82,82,183,183,193,193,95,105,105,105,7,7,7,23,41,41,55,74,74,74],"floor_reached":33,"playtime":1655,"items_purged":[],"score":318,"play_id":"ab7ba517-04eb-4e5c-8cda-4ef41db8d157","local_time":"20190709193733","is_ascension_mode":false,"campfire_choices":[{"data":"Demon Form","floor":6.0,"key":"SMITH"},{"data":"Perfected Strike","floor":10.0,"key":"SMITH"},{"floor":15.0,"key":"REST"},{"floor":23,"key":"REST"},{"floor":25,"key":"REST"},{"floor":29,"key":"REST"},{"data":"Armaments","floor":32,"key":"SMITH"}],"neow_cost":"NONE","seed_source_timestamp":456183533537607,"circlet_count":0,"master_deck":["Strike_R+1","Strike_R+1","Strike_R+1","Strike_R+1","Strike_R+1","Defend_R+1","Defend_R+1","Defend_R+1","Defend_R+1","Bash","Perfected Strike+1","Inflame","Perfected Strike","Demon Form+1","Perfected Strike","Clothesline","Perfected Strike","Clothesline","Thunderclap","Fiend Fire","Thunderclap","Thunderclap","Perfected Strike","Twin Strike","Metallicize+1","Twin Strike","Shrug It Off","Uppercut","Armaments+1","Perfected Strike+1","Heavy Blade","Shrug It Off","Offering","Cleave","Armaments","Thunderclap+1"],"special_seed":0,"relics":["Velvet Choker","Frozen Egg 2","Kunai","Orrery","Bottled Flame"],"potions_floor_usage":[33,33],"damage_taken":[{"damage":10.0,"enemies":"2 Louse","floor":1.0,"turns":4.0},{"damage":6.0,"enemies":"Jaw Worm","floor":2.0,"turns":2.0},{"damage":5.0,"enemies":"Small Slimes","floor":3.0,"turns":2.0},{"damage":7.0,"enemies":"Blue Slaver","floor":5.0,"turns":3.0},{"damage":21.0,"enemies":"Lots of Slimes","floor":7.0,"turns":7.0},{"damage":0.0,"enemies":"3 Louse","floor":12.0,"turns":3.0},{"damage":5.0,"enemies":"2 Fungi Beasts","floor":13.0,"turns":3.0},{"damage":16.0,"enemies":"Exordium Thugs","floor":14.0,"turns":3.0},{"damage":29.0,"enemies":"Slime Boss","floor":16.0,"turns":8.0},{"damage":10,"enemies":"Spheric Guardian","floor":18,"turns":3},{"damage":31,"enemies":"3 Byrds","floor":21,"turns":4},{"damage":6,"enemies":"Snecko","floor":27,"turns":3},{"damage":12,"enemies":"3 Cultists","floor":28,"turns":3},{"damage":0,"enemies":"Snake Plant","floor":30,"turns":2},{"damage":8,"enemies":"Centurion and Healer","floor":31,"turns":2},{"damage":78,"enemies":"Collector","floor":33,"turns":6}],"seed_played":"-1831452761487064595","potions_obtained":[{"floor":5.0,"key":"Regen Potion"},{"floor":7.0,"key":"Strength Potion"},{"floor":13.0,"key":"SteroidPotion"},{"floor":16.0,"key":"Poison Potion"},{"floor":27,"key":"Explosive Potion"}],"is_trial":false,"path_per_floor":["M","M","M","$","M","R","M","?","T","R","T","M","M","M","R","B",null,"M","?","$","M","?","R","$","R","T","M","M","R","M","M","R","B"],"character_chosen":"IRONCLAD","items_purchased":["Demon Form","Shrug It Off","Uppercut","Heavy Blade","Shrug It Off"],"campfire_rested":4,"item_purchase_floors":[4,20,20,24,24],"current_hp_per_floor":[70,64,59,59,52,52,46,72,72,72,72,72,67,51,75,46,80,70,70,70,39,39,63,63,80,80,74,62,80,80,72,72,0],"gold":74,"neow_bonus":"BOSS_RELIC","is_prod":false,"is_daily":false,"chose_seed":false,"campfire_upgraded":3,"win_rate":0.0,"timestamp":1562715453,"path_taken":["M","M","M","$","M","R","M","?","T","R","?","M","M","M","R","BOSS","M","?","$","M","?","R","$","R","T","M","M","R","?","M","R","BOSS"],"build_version":"2019-07-05","purchased_purges":0,"victory":false,"max_hp_per_floor":[80,80,80,80,80,80,80,80,80,80,80,80,80,80,80,80,80,80,80,80,80,80,80,80,80,80,80,80,80,80,80,80,80],"card_choices":[{"not_picked":["Thunderclap","Headbutt"],"picked":"Perfected Strike","floor":1.0},{"not_picked":["Iron Wave","Shrug It Off"],"picked":"Inflame","floor":2.0},{"not_picked":["Warcry","Cleave"],"picked":"Perfected Strike","floor":3.0},{"not_picked":["Seeing Red","Iron Wave"],"picked":"Perfected Strike","floor":5.0},{"not_picked":["Anger","Body Slam"],"picked":"Clothesline","floor":7.0},{"not_picked":["Heavy Blade","Armaments"],"picked":"Perfected Strike","floor":12.0},{"not_picked":["Warcry","Rage"],"picked":"Clothesline","floor":13.0},{"not_picked":["Warcry","True Grit"],"picked":"Thunderclap","floor":14.0},{"not_picked":["Barricade+1","Berserk+1"],"picked":"Fiend Fire","floor":16.0},{"not_picked":["Flex","Infernal Blade"],"picked":"Thunderclap","floor":17},{"not_picked":["Body Slam","Hemokinesis"],"picked":"Thunderclap","floor":17},{"not_picked":["Armaments","Headbutt"],"picked":"Perfected Strike","floor":17},{"not_picked":["Demon Form+1","Iron Wave"],"picked":"Twin Strike","floor":17},{"not_picked":["Clothesline","Dropkick"],"picked":"Metallicize+1","floor":17},{"not_picked":["Iron Wave","Anger+1"],"picked":"Twin Strike","floor":18},{"not_picked":["Uppercut","Burning Pact+1"],"picked":"Armaments","floor":21},{"not_picked":["Perfected Strike","Heavy Blade"],"picked":"Offering","floor":27},{"not_picked":["Bloodletting","Intimidate"],"picked":"Cleave","floor":28},{"not_picked":["True Grit","Feel No Pain+1"],"picked":"Armaments","floor":30},{"not_picked":["Whirlwind","Anger"],"picked":"Thunderclap+1","floor":31}],"player_experience":13249,"relics_obtained":[{"floor":9.0,"key":"Frozen Egg 2"},{"floor":11.0,"key":"Kunai"},{"floor":26,"key":"Bottled Flame"}],"event_choices":[{"damage_healed":26.0,"max_hp_gain":0.0,"max_hp_loss":0.0,"gold_gain":0.0,"event_name":"Big Fish","player_choice":"Banana","floor":8.0,"gold_loss":0.0,"damage_taken":0.0},{"damage_healed":0,"gold_gain":0,"player_choice":"Simplicity","damage_taken":0,"max_hp_gain":0,"max_hp_loss":0,"event_name":"Back to Basics","floor":19,"gold_loss":0,"cards_upgraded":["Strike_R","Strike_R","Strike_R","Strike_R","Strike_R","Defend_R","Defend_R","Defend_R","Defend_R"]},{"damage_healed":0,"gold_gain":0,"player_choice":"Copied","damage_taken":0,"max_hp_gain":0,"max_hp_loss":0,"event_name":"Duplicator","floor":22,"gold_loss":0,"cards_obtained":["Perfected Strike"]}],"is_beta":false,"boss_relics":[{"not_picked":["Mark of Pain","Calling Bell"],"picked":"Orrery"}],"items_purged_floors":[],"is_endless":false,"potions_floor_spawned":[5,7,13,16,27],"killed_by":"Collector","ascension_level":0}