{"gold_per_floor":[19,34,44,59,24,24,55,55,82,101,120,134,84,84,84,161,191,210,221,112,136,136],"floor_reached":22,"playtime":1235,"items_purged":["Strike_G"],"score":345,"play_id":"87e0636b-d2fe-4b36-8816-11b6be278747","local_time":"20181213094330","is_ascension_mode":true,"campfire_choices":[{"data":"Cloak And Dagger","floor":6,"key":"SMITH"},{"data":"Neutralize","floor":8,"key":"SMITH"},{"data":"Quick Slash","floor":15,"key":"SMITH"}],"neow_cost":"NO_GOLD","seed_source_timestamp":3371975125187,"circlet_count":0,"master_deck":["AscendersBane","Defend_G","Defend_G","Defend_G","Defend_G","Defend_G","Strike_G","Strike_G","Strike_G","Survivor","Neutralize+1","Cloak And Dagger+1","Sucker Punch+1","Quick Slash+1","Well Laid Plans","Corpse Explosion","Parasite","Parasite","Doubt","Die Die Die","Footwork","Leg Sweep"],"relics":["Ring of the Snake","Ancient Tea Set","Blood Vial","Calling Bell","Tiny Chest","Darkstone Periapt","Mango","Centennial Puzzle"],"potions_floor_usage":[4,7,16],"damage_taken":[{"damage":0,"enemies":"2 Louse","floor":1,"turns":4},{"damage":0,"enemies":"Small Slimes","floor":2,"turns":6},{"damage":1,"enemies":"Cultist","floor":3,"turns":4},{"damage":4,"enemies":"Gremlin Gang","floor":4,"turns":8},{"damage":29,"enemies":"Lagavulin","floor":7,"turns":11},{"damage":9,"enemies":"Exordium Thugs","floor":10,"turns":8},{"damage":0,"enemies":"Looter","floor":11,"turns":4},{"damage":0,"enemies":"2 Fungi Beasts","floor":12,"turns":4},{"damage":34,"enemies":"Hexaghost","floor":16,"turns":13},{"damage":39,"enemies":"Spheric Guardian","floor":18,"turns":11},{"damage":30,"enemies":"Shell Parasite","floor":19,"turns":10},{"damage":13,"enemies":"Shelled Parasite and Fungi","floor":22,"turns":1}],"seed_played":"6955354993047706531","potions_obtained":[{"floor":3,"key":"SteroidPotion"},{"floor":4,"key":"Poison Potion"},{"floor":10,"key":"LiquidBronze"},{"floor":11,"key":"SteroidPotion"},{"floor":12,"key":"Swift Potion"},{"floor":19,"key":"Weak Potion"}],"is_trial":false,"path_per_floor":["M","M","M","M","?","R","E","R","T","M","M","M","?","?","R","B",null,"M","M","$","T","M"],"character_chosen":"THE_SILENT","items_purchased":["Leg Sweep"],"campfire_rested":0,"item_purchase_floors":[20],"current_hp_per_floor":[71,71,70,66,66,66,37,37,37,30,32,34,34,34,34,2,73,36,8,8,8,0],"gold":136,"neow_bonus":"TWENTY_PERCENT_HP_BONUS","is_prod":false,"is_daily":false,"chose_seed":false,"campfire_upgraded":3,"win_rate":0,"timestamp":1544654610,"path_taken":["M","M","M","M","?","R","E","R","T","M","M","M","?","?","R","BOSS","M","M","$","?","?"],"build_version":"2018-12-11","purchased_purges":1,"victory":false,"max_hp_per_floor":[78,78,78,78,78,78,78,78,78,78,78,78,78,78,78,78,92,92,92,92,92,92],"card_choices":[{"not_picked":["Slice","Bane"],"picked":"Cloak And Dagger","floor":1},{"not_picked":["Cloak And Dagger","Blur"],"picked":"Sucker Punch","floor":2},{"not_picked":["Underhanded Strike","Endless Agony"],"picked":"Quick Slash","floor":3},{"not_picked":["Dodge and Roll","Blade Dance","Sucker Punch"],"picked":"SKIP","floor":4},{"not_picked":["Deflect","Setup","Phantasmal Killer"],"picked":"SKIP","floor":7},{"not_picked":["Predator","Dagger Throw"],"picked":"Well Laid Plans","floor":10},{"not_picked":["Slice","Concentrate","Poisoned Stab"],"picked":"SKIP","floor":11},{"not_picked":["Flechettes","Flying Knee","Accuracy"],"picked":"SKIP","floor":12},{"not_picked":["Malaise","Burst"],"picked":"Corpse Explosion","floor":16},{"not_picked":["Blade Dance","Skewer"],"picked":"Die Die Die","floor":18},{"not_picked":["Dodge and Roll","Outmaneuver"],"picked":"Footwork","floor":19}],"player_experience":469590,"relics_obtained":[{"floor":7,"key":"Ancient Tea Set"},{"floor":9,"key":"Blood Vial"},{"floor":17,"key":"Tiny Chest"},{"floor":17,"key":"Darkstone Periapt"},{"floor":17,"key":"Mango"},{"floor":21,"key":"Centennial Puzzle"}],"event_choices":[{"damage_healed":0,"gold_gain":0,"player_choice":"Left Gold","damage_taken":0,"max_hp_gain":0,"max_hp_loss":0,"event_name":"World of Goop","floor":5,"gold_loss":35},{"cards_removed":["Strike_G"],"damage_healed":0,"gold_gain":0,"player_choice":"Card Removal","damage_taken":0,"max_hp_gain":0,"max_hp_loss":0,"event_name":"The Cleric","floor":13,"gold_loss":50},{"damage_healed":0,"gold_gain":0,"player_choice":"Forge","damage_taken":0,"max_hp_gain":0,"max_hp_loss":0,"event_name":"Accursed Blacksmith","floor":14,"gold_loss":0,"cards_upgraded":["Sucker Punch"]}],"is_beta":true,"boss_relics":[{"not_picked":["Black Star","HoveringKite"],"picked":"Calling Bell"}],"items_purged_floors":[20],"is_endless":false,"potions_floor_spawned":[3,4,10,11,12,19],"killed_by":"Shelled Parasite and Fungi","ascension_level":14}