{"gold_per_floor":[115,129,129,141,157,157,187,187,262,262,277,303,303,157,157,253,303,316,335,50,61,61,61,94,94,94,104,139,139,33,48,48,149,149,160,160,174,186,186,186,41,56,56,75,75,86,86,0,0,0],"floor_reached":51,"playtime":2894,"items_purged":["Strike_B"],"score":1060,"play_id":"795df0c6-7a68-4fc2-9e8a-605725c87718","local_time":"20190715105303","is_ascension_mode":true,"campfire_choices":[{"data":"Zap","floor":6,"key":"SMITH"},{"data":"Conserve Battery","floor":8,"key":"SMITH"},{"floor":10,"key":"REST"},{"data":"Dualcast","floor":13,"key":"SMITH"},{"floor":15,"key":"REST"},{"data":"Chaos","floor":23,"key":"SMITH"},{"floor":25,"key":"REST"},{"data":"Coolheaded","floor":29,"key":"SMITH"},{"floor":32,"key":"REST"},{"floor":40,"key":"REST"},{"floor":47,"key":"REST"},{"floor":49,"key":"REST"}],"neow_cost":"NONE","seed_source_timestamp":255883755005974,"circlet_count":0,"master_deck":["AscendersBane","Strike_B","Strike_B+1","Defend_B","Defend_B+1","Defend_B","Defend_B","Zap+1","Dualcast+1","Ball Lightning+1","Lockon","Conserve Battery+1","Ball Lightning+1","Go for the Eyes+1","Rainbow","Melter+1","FTL+1","Sunder+1","Coolheaded+1","Doom and Gloom+1","Leap","Static Discharge","Leap","Coolheaded","Core Surge+1","Capacitor+1","Go for the Eyes+1","Glacier","Glacier","White Noise+1","Deep Breath"],"relics":["Cracked Core","Pocketwatch","Molten Egg 2","Centennial Puzzle","Sundial","Tiny House","Bag of Marbles","Whetstone","Darkstone Periapt","Fusion Hammer","Meat on the Bone","Red Mask"],"potions_floor_usage":[12,12,16,19,24,28,33,38,38,50],"damage_taken":[{"damage":0,"enemies":"Cultist","floor":1,"turns":3},{"damage":7,"enemies":"Small Slimes","floor":2,"turns":3},{"damage":2,"enemies":"Jaw Worm","floor":4,"turns":3},{"damage":8,"enemies":"Exordium Wildlife","floor":5,"turns":4},{"damage":41,"enemies":"3 Sentries","floor":7,"turns":8},{"damage":0,"enemies":"2 Fungi Beasts","floor":11,"turns":3},{"damage":3,"enemies":"Lagavulin","floor":12,"turns":4},{"damage":25,"enemies":"Slime Boss","floor":16,"turns":6},{"damage":10,"enemies":"2 Thieves","floor":18,"turns":3},{"damage":6,"enemies":"Chosen","floor":19,"turns":3},{"damage":6,"enemies":"Snake Plant","floor":21,"turns":2},{"damage":16,"enemies":"Gremlin Leader","floor":24,"turns":5},{"damage":0,"enemies":"3 Cultists","floor":27,"turns":4},{"damage":5,"enemies":"Book of Stabbing","floor":28,"turns":5},{"damage":17,"enemies":"Shelled Parasite and Fungi","floor":31,"turns":4},{"damage":51,"enemies":"Collector","floor":33,"turns":9},{"damage":2,"enemies":"Orb Walker","floor":35,"turns":3},{"damage":35,"enemies":"3 Darklings","floor":37,"turns":7},{"damage":0,"enemies":"Maw","floor":38,"turns":7},{"damage":0,"enemies":"Spire Growth","floor":42,"turns":7},{"damage":10,"enemies":"4 Shapes","floor":44,"turns":6},{"damage":13,"enemies":"Transient","floor":46,"turns":5},{"damage":35,"enemies":"Time Eater","floor":50,"turns":15}],"seed_played":"-8963068390791182472","potions_obtained":[{"floor":1,"key":"Ancient Potion"},{"floor":4,"key":"EssenceOfSteel"},{"floor":5,"key":"Weak Potion"},{"floor":12,"key":"Fire Potion"},{"floor":17,"key":"GamblersBrew"},{"floor":21,"key":"Fire Potion"},{"floor":27,"key":"SkillPotion"},{"floor":28,"key":"Block Potion"},{"floor":37,"key":"SpeedPotion"},{"floor":38,"key":"SkillPotion"}],"is_trial":false,"path_per_floor":["M","M","?","M","M","R","E","R","T","R","M","E","R","?","R","B",null,"M","M","$","M","?","R","E","R","T","M","E","R","$","M","R","B",null,"M","?","M","M","?","R","$","M","T","M","?","M","R","?","R","B",null],"character_chosen":"DEFECT","items_purchased":["FocusPotion","Chaos","Sunder+1","Static Discharge","Leap","Glacier","FocusPotion"],"campfire_rested":7,"item_purchase_floors":[20,20,20,30,30,41,41],"current_hp_per_floor":[68,61,66,64,56,56,15,15,15,39,39,36,36,36,60,35,74,64,58,58,52,52,52,36,61,61,61,56,56,56,39,64,13,67,65,65,30,30,30,55,55,55,55,45,45,44,69,69,85,50],"gold":0,"neow_bonus":"REMOVE_CARD","is_prod":false,"is_daily":false,"chose_seed":false,"campfire_upgraded":5,"win_rate":0,"timestamp":1563151983,"path_taken":["M","M","?","M","M","R","E","R","T","R","M","E","R","?","R","BOSS","M","M","$","?","?","R","E","R","T","M","E","R","$","M","R","BOSS","M","?","M","M","?","R","$","?","T","M","?","M","R","?","R","BOSS"],"build_version":"2019-07-05","purchased_purges":1,"victory":true,"max_hp_per_floor":[75,75,80,80,80,80,80,80,80,80,80,80,80,80,80,80,85,85,85,85,85,85,85,85,85,85,85,85,85,85,85,85,85,85,85,85,85,85,85,85,85,85,85,85,85,85,85,85,85,85],"card_choices":[{"not_picked":["Fusion","Rip and Tear"],"picked":"Ball Lightning","floor":1},{"not_picked":["Hologram","Beam Cell"],"picked":"Lockon","floor":2},{"not_picked":["Storm","Blizzard","Streamline"],"picked":"SKIP","floor":4},{"not_picked":["Gash","Compile Driver"],"picked":"Conserve Battery","floor":5},{"not_picked":["Redo","Fission","Meteor Strike"],"picked":"SKIP","floor":7},{"not_picked":["Leap","Storm"],"picked":"Ball Lightning+1","floor":11},{"not_picked":["Fusion","Beam Cell+1"],"picked":"Go for the Eyes+1","floor":12},{"not_picked":["Multi-Cast","Meteor Strike+1"],"picked":"Rainbow","floor":16},{"not_picked":["Ball Lightning+1","Barrage+1"],"picked":"Melter+1","floor":17},{"not_picked":["Streamline+1","Turbo","Melter+1"],"picked":"SKIP","floor":18},{"not_picked":["Ball Lightning+1","Multi-Cast"],"picked":"FTL+1","floor":19},{"not_picked":["Compile Driver+1","Hologram"],"picked":"Coolheaded","floor":21},{"not_picked":["Darkness","Skim"],"picked":"Doom and Gloom+1","floor":24},{"not_picked":["Beam Cell+1","Hello World"],"picked":"Leap","floor":27},{"not_picked":["All For One+1","Streamline+1","Sweeping Beam+1"],"picked":"SKIP","floor":28},{"not_picked":["Capacitor","Static Discharge"],"picked":"Coolheaded","floor":31},{"not_picked":["Hyperbeam+1","All For One+1"],"picked":"Core Surge+1","floor":33},{"not_picked":["Heatsinks","Leap"],"picked":"Capacitor+1","floor":35},{"not_picked":["Go for the Eyes+1","Cold Snap+1","Hologram"],"picked":"SKIP","floor":37},{"not_picked":["Go for the Eyes+1","Cold Snap+1","Hologram"],"picked":"SKIP","floor":37},{"not_picked":["Genetic Algorithm","Static Discharge"],"picked":"Go for the Eyes+1","floor":38},{"not_picked":["Rip and Tear+1","Force Field"],"picked":"Glacier","floor":42},{"not_picked":["Compile Driver+1","Hologram"],"picked":"White Noise+1","floor":44},{"not_picked":["Good Instincts","PanicButton"],"picked":"Deep Breath","floor":45},{"not_picked":["Reprogram","Darkness","Cold Snap+1"],"picked":"SKIP","floor":46}],"player_experience":622968,"relics_obtained":[{"floor":7,"key":"Pocketwatch"},{"floor":9,"key":"Molten Egg 2"},{"floor":12,"key":"Centennial Puzzle"},{"floor":24,"key":"Bag of Marbles"},{"floor":26,"key":"Whetstone"},{"floor":28,"key":"Darkstone Periapt"},{"floor":43,"key":"Meat on the Bone"}],"event_choices":[{"damage_healed":0,"gold_gain":0,"player_choice":"Donut","damage_taken":0,"max_hp_gain":5,"max_hp_loss":0,"event_name":"Big Fish","floor":3,"gold_loss":0},{"damage_healed":0,"gold_gain":0,"player_choice":"Paid Gold","damage_taken":0,"relics_obtained":["Sundial"],"max_hp_gain":0,"max_hp_loss":0,"event_name":"WeMeetAgain","floor":14,"gold_loss":146},{"damage_healed":0,"gold_gain":0,"player_choice":"Ignored","damage_taken":0,"max_hp_gain":0,"max_hp_loss":0,"event_name":"The Mausoleum","floor":22,"gold_loss":0},{"cards_removed":["Chaos"],"damage_healed":0,"gold_gain":0,"player_choice":"Removed Skill","damage_taken":0,"max_hp_gain":0,"max_hp_loss":0,"event_name":"Falling","floor":36,"gold_loss":0},{"damage_healed":0,"gold_gain":0,"player_choice":"Ignored","damage_taken":0,"max_hp_gain":0,"max_hp_loss":0,"event_name":"Mysterious Sphere","floor":39,"gold_loss":0},{"damage_healed":0,"gold_gain":0,"player_choice":"Memory 1","damage_taken":0,"max_hp_gain":0,"max_hp_loss":0,"event_name":"SensoryStone","floor":45,"gold_loss":0},{"damage_healed":0,"gold_gain":0,"player_choice":"Paid","damage_taken":0,"relics_obtained":["Red Mask"],"max_hp_gain":0,"max_hp_loss":0,"event_name":"Tomb of Lord Red Mask","floor":48,"gold_loss":86}],"is_beta":false,"boss_relics":[{"not_picked":["Lizard Tail","Empty Cage"],"picked":"Tiny House"},{"not_picked":["FrozenCore","Nuclear Battery"],"picked":"Fusion Hammer"}],"items_purged_floors":[20],"is_endless":false,"potions_floor_spawned":[1,4,5,12,21,27,28,31,37,38],"ascension_level":12}