{"gold_per_floor":[112,42,42,55,55,88,88,88,167,193,205,223,223,233,233,307,307,325,336,348,263,263,263,277,292,315,315,350,361,376,376,376,449,449,468,33,47,0,15,15,15,15,69,69,84,101,26,37,37,37],"floor_reached":51,"playtime":3197,"items_purged":["Normality"],"score":1132,"play_id":"bcf6250c-1cba-4305-849e-0f5a58a9a2c3","local_time":"20190715192133","is_ascension_mode":true,"campfire_choices":[{"data":"Streamline","floor":8.0,"key":"SMITH"},{"data":"Defragment","floor":13.0,"key":"SMITH"},{"data":"Zap","floor":15.0,"key":"SMITH"},{"data":"Fission","floor":23.0,"key":"SMITH"},{"data":"Chill","floor":27.0,"key":"SMITH"},{"floor":32.0,"key":"REST"},{"data":"Apotheosis","floor":40.0,"key":"SMITH"},{"floor":49,"key":"REST"}],"neow_cost":"NONE","seed_source_timestamp":0,"circlet_count":0,"master_deck":["AscendersBane","Strike_B+1","Strike_B+1","Strike_B+1","Strike_B+1","Defend_B+1","Defend_B+1","Defend_B+1","Defend_B+1","Zap+1","Dualcast","Undo","FTL+1","Streamline+1","Dark Shackles","Defragment+1","Steam","Ball Lightning+1","Leap","Fission+1","Cold Snap+1","Genetic Algorithm","Conserve Battery","Ball Lightning+1","Lockon+1","Chill+1","Compile Driver+1","Coolheaded","Double Energy+1","Machine Learning","Loop","Apotheosis+1","Glacier","Blizzard+1","Darkness","Hologram+1","Glacier"],"special_seed":0,"relics":["Cracked Core","NeowsBlessing","CultistMask","Calipers","Molten Egg 2","Nunchaku","Orrery","Anchor","Bag of Preparation","Matryoshka","Cursed Key","Omamori","Red Mask","Whetstone","Oddly Smooth Stone","Potion Belt","Sundial"],"potions_floor_usage":[50,50],"damage_taken":[{"damage":0.0,"enemies":"2 Louse","floor":1.0,"turns":1.0},{"damage":0.0,"enemies":"Cultist","floor":4.0,"turns":1.0},{"damage":0.0,"enemies":"Lagavulin","floor":6.0,"turns":1.0},{"damage":15.0,"enemies":"3 Sentries","floor":10.0,"turns":5.0},{"damage":12.0,"enemies":"Jaw Worm","floor":11.0,"turns":2.0},{"damage":3.0,"enemies":"Blue Slaver","floor":12.0,"turns":3.0},{"damage":6.0,"enemies":"Lots of Slimes","floor":14.0,"turns":4.0},{"damage":9.0,"enemies":"The Guardian","floor":16.0,"turns":10.0},{"damage":13.0,"enemies":"2 Thieves","floor":18.0,"turns":5.0},{"damage":4.0,"enemies":"3 Byrds","floor":19.0,"turns":6.0},{"damage":16.0,"enemies":"Shelled Parasite and Fungi","floor":20.0,"turns":7.0},{"damage":0.0,"enemies":"Snecko","floor":24.0,"turns":4.0},{"damage":7.0,"enemies":"Cultist and Chosen","floor":25.0,"turns":7.0},{"damage":5.0,"enemies":"Slavers","floor":28.0,"turns":4.0},{"damage":0.0,"enemies":"Shelled Parasite and Fungi","floor":29.0,"turns":6.0},{"damage":17.0,"enemies":"Snecko","floor":30.0,"turns":6.0},{"damage":15.0,"enemies":"Champ","floor":33.0,"turns":15.0},{"damage":4.0,"enemies":"Orb Walker","floor":35.0,"turns":3.0},{"damage":0.0,"enemies":"3 Darklings","floor":37.0,"turns":6.0},{"damage":0.0,"enemies":"Writhing Mass","floor":39.0,"turns":7.0},{"damage":0.0,"enemies":"Spire Growth","floor":45.0,"turns":6.0},{"damage":16.0,"enemies":"Transient","floor":46.0,"turns":5.0},{"damage":0,"enemies":"Maw","floor":48,"turns":7},{"damage":29,"enemies":"Donu and Deca","floor":50,"turns":15}],"seed_played":"4717759643872699876","potions_obtained":[{"floor":1.0,"key":"SpeedPotion"},{"floor":4.0,"key":"Explosive Potion"},{"floor":16.0,"key":"SteroidPotion"},{"floor":18.0,"key":"Ancient Potion"},{"floor":20.0,"key":"Fire Potion"},{"floor":29.0,"key":"EssenceOfSteel"},{"floor":30.0,"key":"FocusPotion"},{"floor":33.0,"key":"Regen Potion"},{"floor":46.0,"key":"Weak Potion"}],"is_trial":false,"path_per_floor":["M","$","?","M","?","E","?","R","T","E","M","M","R","M","R","B",null,"M","M","M","?","?","R","M","M","T","R","E","M","M","?","R","B",null,"M","$","M","?","M","R","?","$","T","T","M","M","$","M","R","B",null],"character_chosen":"DEFECT","items_purchased":["FTL","Omamori","Apotheosis","Glacier","Blizzard+1"],"campfire_rested":2,"item_purchase_floors":[2,36,36,36,36],"current_hp_per_floor":[68,68,68,68,68,68,68,68,68,53,41,38,38,32,32,23,62,49,45,29,29,54,54,54,47,47,47,42,42,25,25,47,32,64,60,60,60,60,60,60,60,60,60,60,60,44,44,44,66,52],"gold":37,"neow_bonus":"THREE_ENEMY_KILL","is_prod":false,"is_daily":false,"chose_seed":false,"campfire_upgraded":6,"win_rate":0,"timestamp":1563182493,"path_taken":["M","$","?","?","?","E","?","R","T","E","M","M","R","?","R","BOSS","M","M","M","?","?","R","M","M","T","R","E","M","M","?","R","BOSS","M","$","M","?","M","R","?","?","T","?","?","M","?","M","R","BOSS"],"build_version":"2019-07-05","purchased_purges":1,"victory":true,"max_hp_per_floor":[75,75,75,75,75,75,75,75,75,75,75,75,75,75,75,75,75,75,75,75,75,75,75,75,75,75,75,75,75,75,75,75,75,75,75,75,75,75,75,75,75,75,75,75,75,75,75,75,75,75],"card_choices":[{"not_picked":["Hologram","Defragment"],"picked":"Undo","floor":1.0},{"not_picked":["Compile Driver","Beam Cell","White Noise"],"picked":"SKIP","floor":4.0},{"not_picked":["Beam Cell","Cold Snap"],"picked":"Streamline","floor":6.0},{"not_picked":["Hello World","BootSequence"],"picked":"Defragment","floor":10.0},{"not_picked":["Meteor Strike+1","Barrage+1"],"picked":"Steam","floor":11.0},{"not_picked":["Sweeping Beam+1","Recycle"],"picked":"Ball Lightning+1","floor":12.0},{"not_picked":["Undo","Reprogram"],"picked":"Leap","floor":14.0},{"not_picked":["Creative AI","Multi-Cast"],"picked":"Fission","floor":16.0},{"not_picked":["Compile Driver+1","Stack"],"picked":"Cold Snap+1","floor":17.0},{"not_picked":["Skim","Aggregate"],"picked":"Genetic Algorithm","floor":17.0},{"not_picked":["Leap","Chaos"],"picked":"Conserve Battery","floor":17.0},{"not_picked":["Gash+1","Aggregate"],"picked":"Ball Lightning+1","floor":17.0},{"not_picked":["Beam Cell+1","Double Energy"],"picked":"Lockon+1","floor":18.0},{"not_picked":["Steam","Rebound+1","Double Energy"],"picked":"SKIP","floor":19.0},{"not_picked":["Redo","Static Discharge"],"picked":"Chill","floor":20.0},{"not_picked":["Force Field","All For One+1","Hologram"],"picked":"SKIP","floor":24.0},{"not_picked":["Conserve Battery","Streamline+1"],"picked":"Compile Driver+1","floor":25.0},{"not_picked":["Conserve Battery","Consume"],"picked":"Coolheaded","floor":28.0},{"not_picked":["Rebound+1","Steam"],"picked":"Double Energy+1","floor":29.0},{"not_picked":["Meteor Strike+1","Streamline+1","Gash+1"],"picked":"SKIP","floor":30.0},{"not_picked":["Multi-Cast","Buffer"],"picked":"Machine Learning","floor":33.0},{"not_picked":["Rebound+1","Turbo+1"],"picked":"Loop","floor":35.0},{"not_picked":["Steam Power","Rip and Tear+1","Cold Snap+1"],"picked":"SKIP","floor":37.0},{"not_picked":["Gash+1","Cold Snap+1"],"picked":"Darkness","floor":39.0},{"not_picked":["Sweeping Beam+1","Barrage+1","Streamline+1"],"picked":"SKIP","floor":45.0},{"not_picked":["Coolheaded","Heatsinks+1"],"picked":"Hologram+1","floor":46.0},{"not_picked":["Barrage+1","Cold Snap+1"],"picked":"Glacier","floor":48}],"player_experience":629108,"relics_obtained":[{"floor":6.0,"key":"Calipers"},{"floor":9.0,"key":"Molten Egg 2"},{"floor":10.0,"key":"Nunchaku"},{"floor":26.0,"key":"Bag of Preparation"},{"floor":28.0,"key":"Matryoshka"},{"floor":43.0,"key":"Whetstone"},{"floor":43.0,"key":"Oddly Smooth Stone"},{"floor":44.0,"key":"Potion Belt"},{"floor":44.0,"key":"Sundial"}],"event_choices":[{"damage_healed":0.0,"max_hp_gain":0.0,"max_hp_loss":0.0,"gold_gain":0.0,"event_name":"FaceTrader","player_choice":"Trade","floor":3.0,"gold_loss":0.0,"damage_taken":0.0,"relics_obtained":["CultistMask"]},{"damage_healed":0.0,"max_hp_gain":0.0,"max_hp_loss":0.0,"gold_gain":0.0,"event_name":"Liars Game","player_choice":"Ignored","floor":5.0,"gold_loss":0.0,"damage_taken":0.0},{"damage_healed":0.0,"max_hp_gain":0.0,"max_hp_loss":0.0,"gold_gain":0.0,"event_name":"Match and Keep!","player_choice":"1 cards matched","floor":7.0,"gold_loss":0.0,"damage_taken":0.0,"cards_obtained":["Dark Shackles"]},{"damage_healed":0.0,"max_hp_gain":0.0,"max_hp_loss":0.0,"gold_gain":0.0,"event_name":"Addict","player_choice":"Obtained Relic","floor":21.0,"gold_loss":85.0,"damage_taken":0.0,"relics_obtained":["Anchor"]},{"damage_healed":25.0,"max_hp_gain":0.0,"max_hp_loss":0.0,"gold_gain":0.0,"event_name":"The Library","player_choice":"Heal","floor":22.0,"gold_loss":0.0,"damage_taken":0.0},{"damage_healed":0.0,"max_hp_gain":0.0,"max_hp_loss":0.0,"gold_gain":0.0,"event_name":"Back to Basics","player_choice":"Simplicity","floor":31.0,"gold_loss":0.0,"damage_taken":0.0,"cards_upgraded":["Strike_B","Strike_B","Strike_B","Strike_B","Defend_B","Defend_B","Defend_B","Defend_B"]},{"damage_healed":0.0,"max_hp_gain":0.0,"max_hp_loss":0.0,"gold_gain":0.0,"event_name":"Tomb of Lord Red Mask","player_choice":"Paid","floor":38.0,"gold_loss":47.0,"damage_taken":0.0,"relics_obtained":["Red Mask"]},{"damage_healed":0.0,"max_hp_gain":0.0,"max_hp_loss":0.0,"gold_gain":0.0,"event_name":"Mysterious Sphere","player_choice":"Ignored","floor":41.0,"gold_loss":0.0,"damage_taken":0.0}],"is_beta":false,"boss_relics":[{"not_picked":["Coffee Dripper","Inserter"],"picked":"Orrery"},{"not_picked":["Nuclear Battery","Pandora\u0027s Box"],"picked":"Cursed Key"}],"items_purged_floors":[47],"is_endless":false,"potions_floor_spawned":[1,4,16,18,20,25,29,30,33,46],"ascension_level":13}