{"gold_per_floor":[116,116,91,91,103,103,136,136,136,155,155,171,197,216,216,216],"floor_reached":16,"playtime":882,"items_purged":[],"score":162,"play_id":"303c047f-e836-4e73-955c-e215926f2141","local_time":"20190705152629","is_ascension_mode":true,"campfire_choices":[{"data":"Storm","floor":6,"key":"SMITH"},{"data":"Self Repair","floor":8,"key":"SMITH"},{"data":"Genetic Algorithm","floor":15,"key":"SMITH"}],"neow_cost":"NONE","seed_source_timestamp":91390252655819,"circlet_count":0,"master_deck":["Strike_B","Strike_B","Strike_B","Defend_B","Defend_B","Defend_B","Defend_B","Zap","Dualcast","Self Repair+1","Stack+1","Storm+1","Melter","Sweeping Beam","Stack","Stack","Genetic Algorithm+1"],"relics":["Cracked Core","NeowsBlessing","Pen Nib","Sundial","Dream Catcher"],"potions_floor_usage":[12,13,14],"damage_taken":[{"damage":0,"enemies":"2 Louse","floor":1,"turns":1},{"damage":0,"enemies":"Cultist","floor":5,"turns":1},{"damage":0,"enemies":"3 Sentries","floor":7,"turns":1},{"damage":7,"enemies":"Jaw Worm","floor":10,"turns":3},{"damage":22,"enemies":"Lots of Slimes","floor":12,"turns":4},{"damage":20,"enemies":"Lagavulin","floor":13,"turns":5},{"damage":5,"enemies":"Exordium Wildlife","floor":14,"turns":4},{"damage":64,"enemies":"Slime Boss","floor":16,"turns":8}],"seed_played":"-8257960987524079360","potions_obtained":[{"floor":1,"key":"Swift Potion"},{"floor":10,"key":"SpeedPotion"},{"floor":13,"key":"Weak Potion"},{"floor":14,"key":"Ancient Potion"}],"is_trial":false,"path_per_floor":["M","?","$","?","M","R","E","R","T","M","?","M","E","M","R","B"],"character_chosen":"DEFECT","items_purchased":["Stack"],"campfire_rested":0,"item_purchase_floors":[3],"current_hp_per_floor":[75,75,75,75,75,75,75,75,75,75,75,63,53,58,58,0],"gold":216,"neow_bonus":"THREE_ENEMY_KILL","is_prod":false,"is_daily":false,"chose_seed":false,"campfire_upgraded":3,"win_rate":0,"timestamp":1562311589,"path_taken":["M","?","?","?","M","R","E","R","T","?","?","M","E","M","R","BOSS"],"build_version":"2019-07-01","purchased_purges":0,"victory":false,"max_hp_per_floor":[75,75,75,75,75,75,75,75,75,75,75,75,75,75,75,75],"card_choices":[{"not_picked":["Reprogram","Barrage"],"picked":"Self Repair","floor":1},{"not_picked":["Storm","Sunder","Force Field"],"picked":"SKIP","floor":5},{"not_picked":["Sunder","Force Field"],"picked":"Storm","floor":5},{"not_picked":["Fission","Stack"],"picked":"Melter","floor":7},{"not_picked":["Compile Driver","Stack"],"picked":"Sweeping Beam","floor":10},{"not_picked":["Coolheaded","Barrage"],"picked":"Stack","floor":12},{"not_picked":["Static Discharge","Tempest"],"picked":"Stack","floor":13},{"not_picked":["Hologram","Recycle"],"picked":"Genetic Algorithm","floor":14}],"player_experience":172878,"relics_obtained":[{"floor":7,"key":"Pen Nib"},{"floor":9,"key":"Sundial"},{"floor":13,"key":"Dream Catcher"}],"event_choices":[{"damage_healed":0,"gold_gain":0,"player_choice":"Got Potions","damage_taken":0,"max_hp_gain":0,"max_hp_loss":0,"event_name":"Lab","floor":2,"gold_loss":0},{"damage_healed":0,"gold_gain":0,"player_choice":"Forge","damage_taken":0,"max_hp_gain":0,"max_hp_loss":0,"event_name":"Accursed Blacksmith","floor":4,"gold_loss":0,"cards_upgraded":["Stack"]},{"cards_removed":["Strike_B"],"damage_healed":0,"gold_gain":0,"player_choice":"Offered Basic","damage_taken":0,"max_hp_gain":0,"max_hp_loss":0,"event_name":"Bonfire Elementals","floor":11,"gold_loss":0}],"is_beta":false,"boss_relics":[],"items_purged_floors":[],"is_endless":false,"potions_floor_spawned":[1,10,13,14],"killed_by":"Slime Boss","ascension_level":4}