{"gold_per_floor":[118,133,133,13,13,13,40,40,40,57,69,82,101,113,113,209,209,225,244,0,19,19,19,48,62,62,62,82,99,99,99,99,99],"floor_reached":33,"playtime":1335,"items_purged":[],"score":310,"play_id":"c4e20273-dd78-4c83-bfe4-89d982fc73cb","local_time":"20190720195322","is_ascension_mode":true,"campfire_choices":[{"data":"Dagger Spray","floor":6.0,"key":"SMITH"},{"data":"Dagger Throw","floor":8.0,"key":"SMITH"},{"floor":15.0,"key":"REST"},{"data":"Catalyst","floor":23.0,"key":"SMITH"},{"floor":32,"key":"REST"}],"neow_cost":"TEN_PERCENT_HP_LOSS","seed_source_timestamp":0,"circlet_count":0,"master_deck":["Strike_G","Strike_G","Strike_G","Strike_G","Defend_G","Defend_G","Defend_G","Defend_G","Defend_G","Survivor","Neutralize","Impatience","Madness","Blade Dance","Dagger Spray+1","PiercingWail","Madness","Dagger Throw+1","PiercingWail","Leg Sweep","Tools of the Trade+1","Accuracy+1","Bouncing Flask","Footwork+1","Calculated Gamble","Tactician","Bouncing Flask","Dodge and Roll","Corpse Explosion","Escape Plan","Cloak And Dagger+1","Prepared+1","Bouncing Flask","Catalyst+1","Footwork+1","Cloak And Dagger+1","Caltrops+1","Caltrops+1","Adrenaline","RitualDagger+1","PiercingWail","Dagger Throw+1","Escape Plan","Cloak And Dagger"],"special_seed":0,"relics":["Ring of the Snake","Prayer Wheel","Frozen Egg 2","Sozu","Sling","Mummified Hand","Molten Egg 2"],"potions_floor_usage":[],"damage_taken":[{"damage":1.0,"enemies":"Jaw Worm","floor":1.0,"turns":5.0},{"damage":1.0,"enemies":"2 Louse","floor":2.0,"turns":4.0},{"damage":27.0,"enemies":"3 Sentries","floor":7.0,"turns":7.0},{"damage":0.0,"enemies":"Small Slimes","floor":10.0,"turns":2.0},{"damage":9.0,"enemies":"Looter","floor":11.0,"turns":4.0},{"damage":1.0,"enemies":"Large Slime","floor":12.0,"turns":9.0},{"damage":0.0,"enemies":"Lots of Slimes","floor":13.0,"turns":1.0},{"damage":0.0,"enemies":"Blue Slaver","floor":14.0,"turns":5.0},{"damage":25.0,"enemies":"Slime Boss","floor":16.0,"turns":13.0},{"damage":10.0,"enemies":"2 Thieves","floor":18.0,"turns":4.0},{"damage":2.0,"enemies":"Chosen","floor":19.0,"turns":5.0},{"damage":6.0,"enemies":"Centurion and Healer","floor":21.0,"turns":8.0},{"damage":9.0,"enemies":"Book of Stabbing","floor":24.0,"turns":6.0},{"damage":11.0,"enemies":"Shelled Parasite and Fungi","floor":25.0,"turns":6.0},{"damage":0,"enemies":"Cultist and Chosen","floor":28,"turns":4},{"damage":16,"enemies":"3 Cultists","floor":29,"turns":4},{"damage":43,"enemies":"Collector","floor":33,"turns":6}],"seed_played":"-7910581382548884997","potions_obtained":[{"floor":10.0,"key":"SmokeBomb"},{"floor":11.0,"key":"Energy Potion"},{"floor":13.0,"key":"SmokeBomb"},{"floor":14.0,"key":"SteroidPotion"}],"is_trial":false,"path_per_floor":["M","M","?","$","?","R","E","R","T","M","M","M","M","M","R","B",null,"M","M","$","M","?","R","E","M","T","?","M","M","?","?","R","B"],"character_chosen":"THE_SILENT","items_purchased":["PiercingWail","Madness","Catalyst","Sling"],"campfire_rested":2,"item_purchase_floors":[4,4,20,20],"current_hp_per_floor":[62,61,54,54,54,54,27,27,27,27,18,17,17,17,35,10,63,53,51,51,45,45,45,36,25,25,19,19,3,3,3,21,0],"gold":99,"neow_bonus":"RANDOM_COLORLESS_2","is_prod":false,"is_daily":false,"chose_seed":false,"campfire_upgraded":3,"win_rate":0,"timestamp":1563620002,"path_taken":["M","M","?","$","?","R","E","R","T","M","M","M","M","M","R","BOSS","M","M","$","M","?","R","E","M","T","?","M","M","?","?","R","BOSS"],"build_version":"2019-07-17","purchased_purges":0,"victory":false,"max_hp_per_floor":[63,63,63,63,63,63,63,63,63,63,63,63,63,63,63,63,63,63,63,63,63,63,63,63,63,63,63,63,63,63,63,63,63],"card_choices":[{"not_picked":["Slice","Underhanded Strike"],"picked":"Blade Dance","floor":1.0},{"not_picked":["Dagger Throw","Footwork"],"picked":"Dagger Spray","floor":2.0},{"not_picked":["Prepared","Outmaneuver"],"picked":"Dagger Throw","floor":7.0},{"not_picked":["Flying Knee","Acrobatics"],"picked":"PiercingWail","floor":10.0},{"not_picked":["PiercingWail","Outmaneuver"],"picked":"Leg Sweep","floor":10.0},{"not_picked":["Endless Agony","Dagger Spray"],"picked":"Tools of the Trade+1","floor":11.0},{"not_picked":["All Out Attack","Deadly Poison"],"picked":"Accuracy+1","floor":11.0},{"not_picked":["Dagger Throw","Deadly Poison"],"picked":"Bouncing Flask","floor":12.0},{"not_picked":["Infinite Blades+1","Backstab"],"picked":"Footwork+1","floor":12.0},{"not_picked":["Deflect","Poisoned Stab"],"picked":"Calculated Gamble","floor":13.0},{"not_picked":["Slice","Flechettes"],"picked":"Tactician","floor":13.0},{"not_picked":["Slice","Bane"],"picked":"Bouncing Flask","floor":14.0},{"not_picked":["Endless Agony","Distraction"],"picked":"Dodge and Roll","floor":14.0},{"not_picked":["Doppelganger","Wraith Form v2+1"],"picked":"Corpse Explosion","floor":16.0},{"not_picked":["Caltrops+1","Dagger Spray"],"picked":"Escape Plan","floor":18.0},{"not_picked":["Predator","Backflip+1"],"picked":"Cloak And Dagger+1","floor":18.0},{"not_picked":["Distraction","PiercingWail"],"picked":"Prepared+1","floor":19.0},{"not_picked":["Dagger Throw","Dagger Spray"],"picked":"Bouncing Flask","floor":19.0},{"not_picked":["Tactician","Finisher"],"picked":"Footwork+1","floor":21.0},{"not_picked":["Finisher","Footwork+1"],"picked":"Cloak And Dagger+1","floor":21.0},{"not_picked":["Doppelganger","Outmaneuver"],"picked":"Caltrops+1","floor":24.0},{"not_picked":["Blade Dance","Dagger Throw"],"picked":"Caltrops+1","floor":25.0},{"not_picked":["Dodge and Roll","Dagger Throw"],"picked":"Adrenaline","floor":25.0},{"not_picked":["Concentrate+1","Backstab+1"],"picked":"PiercingWail","floor":28},{"not_picked":["Flechettes+1","Tactician"],"picked":"Dagger Throw+1","floor":28},{"not_picked":["Endless Agony+1","Bane+1"],"picked":"Escape Plan","floor":29},{"not_picked":["Dagger Spray+1","Sucker Punch+1"],"picked":"Cloak And Dagger","floor":29}],"player_experience":1022728,"relics_obtained":[{"floor":7.0,"key":"Prayer Wheel"},{"floor":9.0,"key":"Frozen Egg 2"},{"floor":24.0,"key":"Mummified Hand"},{"floor":26.0,"key":"Molten Egg 2"}],"event_choices":[{"cards_removed":["Strike_G"],"damage_healed":0.0,"max_hp_gain":0.0,"max_hp_loss":0.0,"gold_gain":0.0,"event_name":"Golden Wing","player_choice":"Card Removal","floor":3.0,"gold_loss":0.0,"damage_taken":7.0},{"damage_healed":0.0,"max_hp_gain":0.0,"max_hp_loss":0.0,"gold_gain":0.0,"event_name":"Liars Game","player_choice":"Ignored","floor":5.0,"gold_loss":0.0,"damage_taken":0.0},{"damage_healed":0.0,"max_hp_gain":0.0,"max_hp_loss":0.0,"gold_gain":0.0,"event_name":"Cursed Tome","player_choice":"Ignored","floor":22.0,"gold_loss":0.0,"damage_taken":0.0},{"damage_healed":0,"gold_gain":0,"player_choice":"Joined the Cult","damage_taken":6,"max_hp_gain":0,"max_hp_loss":0,"event_name":"Nest","floor":27,"gold_loss":0,"cards_obtained":["RitualDagger"]},{"damage_healed":0,"gold_gain":0,"player_choice":"Ignored","damage_taken":0,"max_hp_gain":0,"max_hp_loss":0,"event_name":"Beggar","floor":30,"gold_loss":0},{"damage_healed":0,"gold_gain":0,"player_choice":"Ignored","damage_taken":0,"max_hp_gain":0,"max_hp_loss":0,"event_name":"N\u0027loth","floor":31,"gold_loss":0}],"is_beta":false,"boss_relics":[{"not_picked":["Empty Cage","Cursed Key"],"picked":"Sozu"}],"items_purged_floors":[],"is_endless":false,"potions_floor_spawned":[10,11,13,14,21,24,28],"killed_by":"Collector","ascension_level":1}