{"gold_per_floor":[18,18,18,33,33,33,46,46,46,59,59],"floor_reached":11,"playtime":345,"items_purged":[],"score":95,"play_id":"cbf189f5-015f-45e4-a092-7f779b877e7a","local_time":"20181104175925","is_ascension_mode":true,"campfire_choices":[{"data":"Neutralize","floor":6,"key":"SMITH"}],"neow_cost":"NO_GOLD","seed_source_timestamp":104839282881671,"circlet_count":0,"master_deck":["AscendersBane","Defend_G","Defend_G","Defend_G","Defend_G","Defend_G+1","Strike_G","Strike_G","Strike_G","Strike_G","Strike_G+1","Survivor","Neutralize","Flying Knee","Neutralize+1","Regret","Reflex","Backstab","Blur"],"relics":["Ring of the Snake","The Specimen"],"potions_floor_usage":[11],"damage_taken":[{"damage":8,"enemies":"Jaw Worm","floor":1,"turns":8},{"damage":0,"enemies":"2 Louse","floor":4,"turns":2},{"damage":4,"enemies":"Cultist","floor":7,"turns":4},{"damage":8,"enemies":"3 Louse","floor":10,"turns":6},{"damage":51,"enemies":"Lagavulin","floor":11,"turns":9}],"seed_played":"3984047579298738265","potions_obtained":[{"floor":1,"key":"Weak Potion"}],"is_trial":false,"path_per_floor":["M","?","?","M","?","R","M","$","T","M","E"],"character_chosen":"THE_SILENT","items_purchased":[],"campfire_rested":0,"item_purchase_floors":[],"current_hp_per_floor":[69,52,52,52,52,52,48,48,48,40,0],"gold":59,"neow_bonus":"TWENTY_PERCENT_HP_BONUS","is_prod":false,"is_daily":false,"chose_seed":false,"campfire_upgraded":1,"win_rate":0,"timestamp":1541314765,"path_taken":["M","?","?","M","?","R","M","$","T","?","E"],"build_version":"2018-11-02","purchased_purges":0,"victory":false,"max_hp_per_floor":[84,84,84,84,84,84,84,84,84,84,84],"card_choices":[{"not_picked":["Terror","Heel Hook","Dodge and Roll"],"picked":"SKIP","floor":1},{"not_picked":["Bane","Catalyst"],"picked":"Flying Knee","floor":4},{"not_picked":["Deflect","Tactician"],"picked":"Backstab","floor":7},{"not_picked":["Skewer","Caltrops"],"picked":"Blur","floor":10}],"player_experience":416848,"relics_obtained":[{"floor":9,"key":"The Specimen"}],"event_choices":[{"damage_healed":0,"gold_gain":0,"player_choice":"Entered Light","damage_taken":17,"max_hp_gain":0,"max_hp_loss":0,"event_name":"Shining Light","floor":2,"gold_loss":0,"cards_upgraded":["Defend_G","Strike_G"]},{"damage_healed":0,"gold_gain":0,"player_choice":"Ignored","damage_taken":0,"max_hp_gain":0,"max_hp_loss":0,"event_name":"Liars Game","floor":3,"gold_loss":0},{"damage_healed":0,"gold_gain":0,"player_choice":"3 cards matched","damage_taken":0,"max_hp_gain":0,"max_hp_loss":0,"event_name":"Match and Keep!","floor":5,"gold_loss":0,"cards_obtained":["Neutralize","Regret","Reflex"]}],"is_beta":true,"boss_relics":[],"items_purged_floors":[],"is_endless":false,"potions_floor_spawned":[1],"killed_by":"Lagavulin","ascension_level":10}