{"gold_per_floor":[114,125,136,148,73,73,91,122,122,122,72,90,102,23,23,121,121,131,131,146,162,81,81,14,34,90,90,5,5,5,5,5,105,105,117,137,157,257,22,22,22,50,50,50,61,61,61,71,71,71,71,71,21,54,54],"floor_reached":55,"playtime":2552,"items_purged":["Strike_B","Defend_B","Defend_B"],"score":779,"play_id":"90353456-d914-45ff-808a-ed19f62554c5","local_time":"20181217201819","is_ascension_mode":false,"campfire_choices":[{"data":"Zap","floor":6,"key":"SMITH"},{"data":"Cold Snap","floor":10,"key":"SMITH"},{"data":"Defragment","floor":15,"key":"SMITH"},{"data":"Defragment","floor":23,"key":"SMITH"},{"data":"Capacitor","floor":27,"key":"SMITH"},{"data":"Cold Snap","floor":29,"key":"SMITH"},{"data":"Blind","floor":32,"key":"SMITH"},{"data":"Echo Form","floor":40,"key":"SMITH"},{"floor":44,"key":"RECALL"},{"data":"Barrage","floor":47,"key":"SMITH"},{"floor":49,"key":"REST"},{"data":"Biased Cognition","floor":52,"key":"SMITH"}],"neow_cost":"NONE","seed_source_timestamp":162420911552385,"circlet_count":0,"master_deck":["Zap+1","Dualcast","Blind+1","Conserve Battery","Cold Snap+1","Cold Snap+1","Conserve Battery","Defragment+1","Biased Cognition+1","Fission+1","Chill+1","Ball Lightning+1","FTL+1","Skim","Defragment+1","Capacitor+1","Machine Learning","Conserve Battery","Echo Form+1","Barrage+1","Conserve Battery+1","Barrage+1","Master of Strategy","Barrage+1","Biased Cognition"],"relics":["Cracked Core","Ancient Tea Set","Shuriken","Astrolabe","Tiny Chest","Smiling Mask","Orrery","Turnip","Torii"],"potions_floor_usage":[8,25,35,46,54,54],"damage_taken":[{"damage":7,"enemies":"Small Slimes","floor":1,"turns":3},{"damage":0,"enemies":"2 Louse","floor":2,"turns":2},{"damage":8,"enemies":"Jaw Worm","floor":3,"turns":3},{"damage":12,"enemies":"Large Slime","floor":4,"turns":9},{"damage":1,"enemies":"Looter","floor":7,"turns":2},{"damage":18,"enemies":"Gremlin Nob","floor":8,"turns":5},{"damage":2,"enemies":"3 Louse","floor":12,"turns":2},{"damage":0,"enemies":"Exordium Thugs","floor":13,"turns":6},{"damage":0,"enemies":"Slime Boss","floor":16,"turns":16},{"damage":4,"enemies":"Spheric Guardian","floor":18,"turns":6},{"damage":0,"enemies":"Colosseum Slavers","floor":19,"turns":4},{"damage":0,"enemies":"3 Byrds","floor":20,"turns":5},{"damage":0,"enemies":"Snecko","floor":21,"turns":5},{"damage":0,"enemies":"Snake Plant","floor":25,"turns":4},{"damage":1,"enemies":"Champ","floor":33,"turns":10},{"damage":14,"enemies":"3 Darklings","floor":35,"turns":4},{"damage":4,"enemies":"Orb Walker","floor":36,"turns":4},{"damage":0,"enemies":"3 Darklings","floor":37,"turns":5},{"damage":0,"enemies":"Mind Bloom Boss Battle","floor":38,"turns":6},{"damage":0,"enemies":"Giant Head","floor":42,"turns":6},{"damage":0,"enemies":"Maw","floor":45,"turns":5},{"damage":0,"enemies":"Spire Growth","floor":46,"turns":3},{"damage":11,"enemies":"Writhing Mass","floor":48,"turns":5},{"damage":37,"enemies":"Awakened One","floor":50,"turns":9},{"damage":69,"enemies":"Shield and Spear","floor":54,"turns":8},{"damage":47,"enemies":"The Heart","floor":55,"turns":3}],"seed_played":"-5819665526750212266","potions_obtained":[{"floor":1,"key":"Explosive Potion"},{"floor":3,"key":"Strength Potion"},{"floor":8,"key":"Regen Potion"},{"floor":12,"key":"Swift Potion"},{"floor":18,"key":"PowerPotion"},{"floor":25,"key":"SmokeBomb"},{"floor":37,"key":"Explosive Potion"},{"floor":38,"key":"Block Potion"}],"is_trial":false,"path_per_floor":["M","M","M","M","$","R","M","E","T","R","?","M","M","$","R","B",null,"M","?","M","M","$","R","$","M","T","R","?","R","$","?","R","B",null,"M","M","M","?","$","R","?","E","T","R","M","M","R","M","R","B",null,"R","$","E","B"],"character_chosen":"DEFECT","items_purchased":["Defragment","Capacitor","Machine Learning","Master of Strategy"],"campfire_rested":1,"item_purchase_floors":[14,22,24,39],"current_hp_per_floor":[68,68,60,48,48,48,47,29,29,29,29,27,27,27,27,27,75,71,71,71,71,71,71,71,71,71,71,71,71,71,71,71,70,75,61,57,57,57,57,57,57,57,57,57,57,57,57,46,67,30,71,71,71,16,0],"gold":54,"neow_bonus":"RANDOM_COLORLESS","is_prod":false,"is_daily":false,"chose_seed":false,"campfire_upgraded":10,"win_rate":0,"timestamp":1545038299,"path_taken":["M","M","M","M","$","R","M","E","T","R","?","M","M","$","R","BOSS","M","?","M","M","$","R","$","M","T","R","?","R","?","?","R","BOSS","M","M","M","?","$","R","?","E","T","R","?","M","R","M","R","BOSS","R","$","E","BOSS"],"build_version":"2018-12-13","purchased_purges":3,"victory":false,"max_hp_per_floor":[75,75,75,75,75,75,75,75,75,75,75,75,75,75,75,75,75,75,75,75,75,75,75,75,75,75,75,75,75,75,75,75,75,75,75,75,75,75,75,75,71,71,71,71,71,71,71,71,71,71,71,71,71,71,71],"card_choices":[{"not_picked":["Streamline","White Noise"],"picked":"Conserve Battery","floor":1},{"not_picked":["Static Discharge","Undo"],"picked":"Cold Snap","floor":2},{"not_picked":["Sweeping Beam","Beam Cell","Static Discharge"],"picked":"SKIP","floor":3},{"not_picked":["Rebound","Capacitor"],"picked":"Cold Snap","floor":4},{"not_picked":["Lockon","Darkness","Doom and Gloom"],"picked":"SKIP","floor":7},{"not_picked":["Lockon","Darkness","Doom and Gloom"],"picked":"SKIP","floor":7},{"not_picked":["Compile Driver","All For One"],"picked":"Conserve Battery","floor":8},{"not_picked":["Ball Lightning","Coolheaded","Heatsinks"],"picked":"SKIP","floor":12},{"not_picked":["Beam Cell","Stack","Rebound"],"picked":"SKIP","floor":13},{"not_picked":["Beam Cell","Stack","Rebound"],"picked":"SKIP","floor":13},{"not_picked":["Electrodynamics","Rainbow"],"picked":"Biased Cognition","floor":16},{"not_picked":["Compile Driver","Barrage+1"],"picked":"FTL+1","floor":18},{"not_picked":["Sunder+1","White Noise"],"picked":"Skim","floor":20},{"not_picked":["Go for the Eyes","Redo"],"picked":"Defragment","floor":21},{"not_picked":["Sweeping Beam","Amplify"],"picked":"Conserve Battery","floor":25},{"not_picked":["Machine Learning","Fission"],"picked":"Echo Form","floor":33},{"not_picked":["Rebound","Streamline"],"picked":"Barrage+1","floor":34},{"not_picked":["Beam Cell","Redo+1","Doom and Gloom"],"picked":"SKIP","floor":35},{"not_picked":["Chaos","Reinforced Body+1"],"picked":"Conserve Battery+1","floor":36},{"not_picked":["Hyperbeam","Sweeping Beam","Ball Lightning+1"],"picked":"SKIP","floor":37},{"not_picked":["Gash+1","Steam+1"],"picked":"Barrage+1","floor":38},{"not_picked":["Go for the Eyes","Compile Driver+1","Hello World"],"picked":"SKIP","floor":42},{"not_picked":["Lockon+1","Scrape+1","Barrage"],"picked":"SKIP","floor":45},{"not_picked":["Lockon+1","Scrape+1"],"picked":"Barrage","floor":45},{"not_picked":["Streamline","Sweeping Beam+1","Double Energy+1"],"picked":"SKIP","floor":48},{"not_picked":["Lockon","Conserve Battery"],"picked":"Biased Cognition","floor":54}],"player_experience":487908,"relics_obtained":[{"floor":8,"key":"Ancient Tea Set"},{"floor":9,"key":"Shuriken"},{"floor":26,"key":"Tiny Chest"},{"floor":42,"key":"Turnip"},{"floor":54,"key":"Torii"}],"event_choices":[{"cards_removed":["Strike_B"],"damage_healed":0,"gold_gain":0,"player_choice":"Card Removal","damage_taken":0,"max_hp_gain":0,"max_hp_loss":0,"event_name":"The Cleric","floor":11,"gold_loss":50},{"damage_healed":0,"gold_gain":0,"player_choice":"Fight","damage_taken":0,"max_hp_gain":0,"max_hp_loss":0,"event_name":"Colosseum","floor":19,"gold_loss":0},{"damage_healed":0,"gold_gain":0,"player_choice":"Fled From Nobs","damage_taken":0,"max_hp_gain":0,"max_hp_loss":0,"event_name":"Colosseum","floor":19,"gold_loss":0},{"damage_healed":0,"gold_gain":0,"player_choice":"Obtained Relic","damage_taken":0,"relics_obtained":["Smiling Mask"],"max_hp_gain":0,"max_hp_loss":0,"event_name":"Addict","floor":28,"gold_loss":85},{"cards_removed":["Defend_B"],"damage_healed":0,"gold_gain":0,"player_choice":"Elegance","damage_taken":0,"max_hp_gain":0,"max_hp_loss":0,"event_name":"Back to Basics","floor":31,"gold_loss":0},{"damage_healed":0,"gold_gain":0,"player_choice":"Fight","damage_taken":0,"max_hp_gain":0,"max_hp_loss":0,"event_name":"MindBloom","floor":38,"gold_loss":0},{"damage_healed":0,"gold_gain":0,"player_choice":"Max HP","damage_taken":0,"max_hp_gain":0,"max_hp_loss":4,"event_name":"Winding Halls","floor":41,"gold_loss":0}],"is_beta":true,"boss_relics":[{"not_picked":["Busted Crown","Eternal Feather"],"picked":"Astrolabe"},{"not_picked":["Velvet Choker","Runic Pyramid"],"picked":"Orrery"}],"items_purged_floors":[5,39,53],"is_endless":false,"potions_floor_spawned":[1,3,8,12,18,20,21,25,37,38],"killed_by":"The Heart","ascension_level":0}