{"gold_per_floor":[109,123,133,83,13,46,46,23,98,98,110,110,125,145,145,245,245,261,118,129,129,140,150,150],"floor_reached":24,"playtime":1769,"items_purged":["Survivor"],"score":200,"play_id":"a2257303-4cc6-4f80-8288-b6157ba74890","local_time":"20190709181937","is_ascension_mode":false,"campfire_choices":[{"floor":7,"key":"REST"},{"floor":10,"key":"REST"},{"data":"Choke","floor":12,"key":"SMITH"},{"floor":15,"key":"REST"}],"neow_cost":"NONE","seed_source_timestamp":452109957947845,"circlet_count":0,"master_deck":["Strike_G","Strike_G+1","Strike_G+1","Strike_G","Defend_G","Defend_G","Defend_G","Defend_G","Defend_G","Neutralize","Flying Knee","Choke+1","Outmaneuver","Infinite Blades","Blade Dance","Backflip","PiercingWail","Infinite Blades","Blade Dance","Adrenaline","Dagger Spray+1","Choke","Outmaneuver+1","Choke","Well Laid Plans+1"],"relics":["Ring of the Serpent","Whetstone","Bag of Preparation","Meat on the Bone","Mercury Hourglass"],"potions_floor_usage":[24],"damage_taken":[{"damage":0,"enemies":"Cultist","floor":1,"turns":3},{"damage":0,"enemies":"Small Slimes","floor":2,"turns":2},{"damage":6,"enemies":"Jaw Worm","floor":3,"turns":3},{"damage":28,"enemies":"Lagavulin","floor":6,"turns":7},{"damage":2,"enemies":"Looter","floor":11,"turns":2},{"damage":0,"enemies":"Large Slime","floor":13,"turns":4},{"damage":14,"enemies":"3 Louse","floor":14,"turns":3},{"damage":67,"enemies":"Slime Boss","floor":16,"turns":13},{"damage":1,"enemies":"Chosen","floor":18,"turns":4},{"damage":25,"enemies":"2 Thieves","floor":20,"turns":3},{"damage":8,"enemies":"3 Cultists","floor":22,"turns":4},{"damage":27,"enemies":"Sentry and Sphere","floor":23,"turns":4},{"damage":24,"enemies":"Centurion and Healer","floor":24,"turns":2}],"seed_played":"4107619684905503053","potions_obtained":[{"floor":1,"key":"SpeedPotion"},{"floor":3,"key":"Energy Potion"},{"floor":16,"key":"PowerPotion"},{"floor":23,"key":"Poison Potion"}],"is_trial":false,"path_per_floor":["M","M","M","?","$","E","R","$","T","R","M","R","M","M","R","B",null,"M","$","M","?","M","M","M"],"character_chosen":"THE_SILENT","items_purchased":["Infinite Blades","Backflip","Choke"],"campfire_rested":3,"item_purchase_floors":[5,8,19],"current_hp_per_floor":[70,70,64,64,64,36,57,57,57,70,68,68,68,54,70,15,70,69,69,44,44,36,21,0],"gold":150,"neow_bonus":"RANDOM_COMMON_RELIC","is_prod":false,"is_daily":false,"chose_seed":false,"campfire_upgraded":1,"win_rate":0.0,"timestamp":1562710777,"path_taken":["M","?","M","?","$","E","R","$","T","R","M","R","M","M","R","BOSS","M","$","M","?","?","M","M"],"build_version":"2019-07-05","purchased_purges":1,"victory":false,"max_hp_per_floor":[70,70,70,70,70,70,70,70,70,70,70,70,70,70,70,70,70,70,70,70,70,70,70,70],"card_choices":[{"not_picked":["Caltrops","Deadly Poison"],"picked":"Flying Knee","floor":1},{"not_picked":["Backstab","Leg Sweep"],"picked":"Choke","floor":2},{"not_picked":["Bane","Prepared"],"picked":"Outmaneuver","floor":3},{"not_picked":["Escape Plan","Corpse Explosion"],"picked":"Blade Dance","floor":6},{"not_picked":["Calculated Gamble","Eviscerate"],"picked":"PiercingWail","floor":11},{"not_picked":["Acrobatics","Dodge and Roll"],"picked":"Infinite Blades","floor":13},{"not_picked":["Underhanded Strike","Dagger Spray"],"picked":"Blade Dance","floor":14},{"not_picked":["Night Terror","Tools of the Trade"],"picked":"Adrenaline","floor":16},{"not_picked":["PiercingWail","Masterful Stab"],"picked":"Dagger Spray+1","floor":18},{"not_picked":["Underhanded Strike+1","Caltrops"],"picked":"Outmaneuver+1","floor":20},{"not_picked":["Poisoned Stab+1","Dagger Spray"],"picked":"Choke","floor":22},{"not_picked":["Bouncing Flask+1","Poisoned Stab"],"picked":"Well Laid Plans+1","floor":23}],"player_experience":11480,"relics_obtained":[{"floor":6,"key":"Bag of Preparation"},{"floor":9,"key":"Meat on the Bone"}],"event_choices":[{"cards_removed":["Strike_G"],"damage_healed":0,"gold_gain":0,"player_choice":"Card Removal","damage_taken":0,"max_hp_gain":0,"max_hp_loss":0,"event_name":"The Cleric","floor":4,"gold_loss":50},{"damage_healed":0,"gold_gain":0,"player_choice":"Gave Potion","damage_taken":0,"relics_obtained":["Mercury Hourglass"],"max_hp_gain":0,"max_hp_loss":0,"event_name":"WeMeetAgain","floor":21,"gold_loss":0}],"is_beta":false,"boss_relics":[{"not_picked":["HoveringKite","Lizard Tail"],"picked":"Ring of the Serpent"}],"items_purged_floors":[19],"is_endless":false,"potions_floor_spawned":[1,3,16,23],"killed_by":"Centurion and Healer","ascension_level":0}