{"gold_per_floor":[369,379,78,89,101,132,132,82,82,100,100,134,134,152,152,248,248,229,26,46,64,75,101,116,116,116,129,129,143,174,191,191,290,290,306,216,226,238,256,287,333,333,333,333,368,383,393,405,405,405,405,405,26,54,54],"floor_reached":55,"playtime":2888,"items_purged":["Strike_G","Defend_G"],"score":787,"play_id":"63a827b6-d663-44eb-88ee-898e64414b94","local_time":"20190408133056","is_ascension_mode":false,"campfire_choices":[{"data":"Skewer","floor":7.0,"key":"SMITH"},{"data":"Neutralize","floor":13.0,"key":"SMITH"},{"data":"Envenom","floor":15.0,"key":"SMITH"},{"data":"Terror","floor":25.0,"key":"SMITH"},{"data":"PiercingWail","floor":32.0,"key":"SMITH"},{"floor":42.0,"key":"REST"},{"floor":44.0,"key":"RECALL"},{"floor":49.0,"key":"REST"},{"data":"Acrobatics","floor":52.0,"key":"SMITH"}],"neow_cost":"PERCENT_DAMAGE","seed_source_timestamp":14581954457959,"circlet_count":0,"master_deck":["Defend_G","Defend_G","Defend_G","Defend_G","Strike_G+1","Survivor","Neutralize+1","Skewer+1","Terror+1","Well Laid Plans","PiercingWail+1","Envenom+1","Dash","PiercingWail+1","Skewer+1","Cloak And Dagger+1","Acrobatics+1","Die Die Die+1","Wraith Form v2+1","PiercingWail+1","Caltrops","Backflip+1"],"special_seed":0,"relics":["Ring of the Serpent","Chemical X","Pen Nib","Snake Skull","Pantograph","Velvet Choker","Anchor","Bottled Lightning","Nloth\u0027s Gift","Meat on the Bone","Art of War","The Specimen","Potion Belt","Whetstone","Shuriken"],"potions_floor_usage":[55,55,55,55,55],"damage_taken":[{"damage":1.0,"enemies":"Small Slimes","floor":1.0,"turns":4.0},{"damage":0.0,"enemies":"Cultist","floor":2.0,"turns":4.0},{"damage":0.0,"enemies":"Jaw Worm","floor":4.0,"turns":2.0},{"damage":2.0,"enemies":"Blue Slaver","floor":5.0,"turns":3.0},{"damage":8.0,"enemies":"Lagavulin","floor":6.0,"turns":4.0},{"damage":3.0,"enemies":"2 Fungi Beasts","floor":10.0,"turns":3.0},{"damage":6.0,"enemies":"Gremlin Nob","floor":12.0,"turns":3.0},{"damage":3.0,"enemies":"3 Louse","floor":14.0,"turns":4.0},{"damage":8.0,"enemies":"Hexaghost","floor":16.0,"turns":4.0},{"damage":5.0,"enemies":"2 Thieves","floor":18.0,"turns":4.0},{"damage":0.0,"enemies":"Spheric Guardian","floor":20.0,"turns":1.0},{"damage":0.0,"enemies":"Cultist and Chosen","floor":21.0,"turns":3.0},{"damage":0.0,"enemies":"Snake Plant","floor":22.0,"turns":2.0},{"damage":6.0,"enemies":"Gremlin Leader","floor":23.0,"turns":3.0},{"damage":0.0,"enemies":"Shelled Parasite and Fungi","floor":24.0,"turns":3.0},{"damage":0.0,"enemies":"Centurion and Healer","floor":27.0,"turns":3.0},{"damage":0.0,"enemies":"Snake Plant","floor":29.0,"turns":1.0},{"damage":0.0,"enemies":"Book of Stabbing","floor":30.0,"turns":3.0},{"damage":4.0,"enemies":"3 Cultists","floor":31.0,"turns":4.0},{"damage":17.0,"enemies":"Collector","floor":33.0,"turns":4.0},{"damage":5.0,"enemies":"Orb Walker","floor":35.0,"turns":2.0},{"damage":0.0,"enemies":"3 Darklings","floor":37.0,"turns":5.0},{"damage":12.0,"enemies":"Spire Growth","floor":38.0,"turns":3.0},{"damage":0.0,"enemies":"Sphere and 2 Shapes","floor":39.0,"turns":3.0},{"damage":31.0,"enemies":"Giant Head","floor":40.0,"turns":6.0},{"damage":43.0,"enemies":"2 Orb Walkers","floor":41.0,"turns":6.0},{"damage":33.0,"enemies":"Nemesis","floor":45.0,"turns":5.0},{"damage":1.0,"enemies":"Maw","floor":46.0,"turns":5.0},{"damage":22.0,"enemies":"Writhing Mass","floor":47.0,"turns":2.0},{"damage":3.0,"enemies":"Sphere and 2 Shapes","floor":48.0,"turns":6.0},{"damage":34.0,"enemies":"Donu and Deca","floor":50.0,"turns":9.0},{"damage":26.0,"enemies":"Shield and Spear","floor":54.0,"turns":6.0},{"damage":77,"enemies":"The Heart","floor":55,"turns":6}],"seed_played":"2235370343812853138","potions_obtained":[{"floor":1.0,"key":"SmokeBomb"},{"floor":5.0,"key":"Regen Potion"},{"floor":6.0,"key":"Regen Potion"},{"floor":16.0,"key":"Regen Potion"},{"floor":18.0,"key":"Strength Potion"},{"floor":45.0,"key":"AttackPotion"},{"floor":47.0,"key":"SteroidPotion"},{"floor":48.0,"key":"Block Potion"}],"is_trial":false,"path_per_floor":["M","M","$","M","M","E","R","?","T","M","?","E","R","M","R","B",null,"M","$","M","M","M","E","M","R","T","M","?","M","E","M","R","B",null,"M","?","M","M","M","E","?","R","T","R","E","M","M","M","R","B",null,"R","$","E","B"],"character_chosen":"THE_SILENT","items_purchased":["Chemical X","Well Laid Plans","DollysMirror","Caltrops","PowerPotion","Whetstone"],"campfire_rested":2,"item_purchase_floors":[3,3,19,53,53,53],"current_hp_per_floor":[48,48,48,48,46,38,38,38,38,35,35,29,29,26,26,43,70,65,65,65,65,65,59,59,59,59,59,59,59,59,55,55,53,70,65,65,65,53,53,34,18,39,39,39,18,29,19,28,49,36,70,70,70,44,0],"gold":54,"neow_bonus":"TWO_FIFTY_GOLD","is_prod":false,"is_daily":false,"chose_seed":false,"campfire_upgraded":6,"win_rate":0,"timestamp":1554694256,"path_taken":["M","M","$","M","M","E","R","?","T","M","?","E","R","M","R","BOSS","M","$","?","M","M","E","M","R","T","M","?","M","E","M","R","BOSS","M","?","M","?","M","E","?","R","T","R","E","M","M","M","R","BOSS","R","$","E","BOSS"],"build_version":"2019-01-23","purchased_purges":2,"victory":false,"max_hp_per_floor":[70,70,70,70,70,70,70,70,70,70,70,70,70,70,70,70,70,70,70,70,70,70,70,70,70,70,70,70,70,70,70,70,70,70,70,70,70,70,70,70,70,70,70,70,70,70,70,70,70,70,70,70,70,70,70],"card_choices":[{"not_picked":["Flying Knee","Infinite Blades"],"picked":"Skewer","floor":1.0},{"not_picked":["Calculated Gamble","Deadly Poison"],"picked":"Terror","floor":2.0},{"not_picked":["Bouncing Flask","Outmaneuver","Slice"],"picked":"SKIP","floor":4.0},{"not_picked":["Deflect","Dagger Throw","Infinite Blades"],"picked":"SKIP","floor":5.0},{"not_picked":["Terror","Riddle With Holes"],"picked":"PiercingWail","floor":6.0},{"not_picked":["Underhanded Strike","Slice"],"picked":"Envenom","floor":10.0},{"not_picked":["Acrobatics","Blade Dance","Sucker Punch"],"picked":"SKIP","floor":12.0},{"not_picked":["Acrobatics","Blade Dance","Sucker Punch"],"picked":"SKIP","floor":12.0},{"not_picked":["Endless Agony","Prepared","Quick Slash"],"picked":"SKIP","floor":14.0},{"not_picked":["Outmaneuver+1","Dagger Throw"],"picked":"PiercingWail+1","floor":18.0},{"not_picked":["Acrobatics","Burst","Tactician"],"picked":"SKIP","floor":20.0},{"not_picked":["Heel Hook","Escape Plan"],"picked":"Cloak And Dagger+1","floor":21.0},{"not_picked":["Flying Knee","Cloak And Dagger"],"picked":"Acrobatics","floor":22.0},{"not_picked":["Outmaneuver","Cloak And Dagger","Setup"],"picked":"SKIP","floor":23.0},{"not_picked":["Acrobatics","Well Laid Plans","Deadly Poison"],"picked":"SKIP","floor":24.0},{"not_picked":["Bane","Prepared","Blade Dance"],"picked":"SKIP","floor":27.0},{"not_picked":["Endless Agony","Slice","Tools of the Trade"],"picked":"SKIP","floor":29.0},{"not_picked":["Endless Agony","Tactician+1","Prepared"],"picked":"SKIP","floor":30.0},{"not_picked":["Deadly Poison","Blade Dance","Sucker Punch"],"picked":"SKIP","floor":31.0},{"not_picked":["Wraith Form v2","Night Terror"],"picked":"Die Die Die","floor":33.0},{"not_picked":["Underhanded Strike+1","Bane"],"picked":"Wraith Form v2","floor":35.0},{"not_picked":["Outmaneuver+1","Sucker Punch","Die Die Die"],"picked":"SKIP","floor":37.0},{"not_picked":["Crippling Poison","Cloak And Dagger+1","Eviscerate"],"picked":"SKIP","floor":38.0},{"not_picked":["Poisoned Stab+1","Bane"],"picked":"PiercingWail+1","floor":39.0},{"not_picked":["Prepared+1","Doppelganger","Dash"],"picked":"SKIP","floor":40.0},{"not_picked":["Die Die Die","Quick Slash","Acrobatics"],"picked":"SKIP","floor":45.0},{"not_picked":["Sucker Punch+1","PiercingWail","Cloak And Dagger+1"],"picked":"SKIP","floor":46.0},{"not_picked":["Slice+1","Backstab","Bane"],"picked":"SKIP","floor":47.0},{"not_picked":["Underhanded Strike+1","Dagger Spray","Tactician"],"picked":"SKIP","floor":48.0},{"not_picked":["Outmaneuver","Night Terror"],"picked":"Backflip+1","floor":54.0}],"player_experience":573753,"relics_obtained":[{"floor":6.0,"key":"Pen Nib"},{"floor":9.0,"key":"Snake Skull"},{"floor":12.0,"key":"Pantograph"},{"floor":23.0,"key":"Anchor"},{"floor":26.0,"key":"Bottled Lightning"},{"floor":30.0,"key":"Meat on the Bone"},{"floor":40.0,"key":"Art of War"},{"floor":41.0,"key":"The Specimen"},{"floor":45.0,"key":"Potion Belt"},{"floor":54.0,"key":"Shuriken"}],"event_choices":[{"cards_removed":["Strike_G"],"damage_healed":0.0,"max_hp_gain":0.0,"max_hp_loss":0.0,"gold_gain":0.0,"event_name":"The Cleric","player_choice":"Card Removal","floor":8.0,"gold_loss":50.0,"damage_taken":0.0},{"damage_healed":0.0,"max_hp_gain":0.0,"max_hp_loss":0.0,"gold_gain":0.0,"cards_transformed":["Strike_G"],"event_name":"Transmorgrifier","player_choice":"Transformed","floor":11.0,"gold_loss":0.0,"damage_taken":0.0,"cards_obtained":["Dash"]},{"damage_healed":0.0,"max_hp_gain":0.0,"max_hp_loss":0.0,"gold_gain":0.0,"event_name":"N\u0027loth","player_choice":"Traded Relic","floor":28.0,"relics_lost":["DollysMirror"],"gold_loss":0.0,"damage_taken":0.0,"relics_obtained":["Nloth\u0027s Gift"]},{"cards_removed":["Strike_G"],"damage_healed":0.0,"max_hp_gain":0.0,"max_hp_loss":0.0,"gold_gain":0.0,"event_name":"Designer","player_choice":"Upgrade and Remove","floor":36.0,"gold_loss":90.0,"damage_taken":0.0,"cards_upgraded":["Wraith Form v2"]},{"damage_healed":0.0,"max_hp_gain":0.0,"max_hp_loss":0.0,"gold_gain":0.0,"event_name":"Mysterious Sphere","player_choice":"Fight","floor":41.0,"gold_loss":0.0,"damage_taken":0.0}],"is_beta":false,"boss_relics":[{"not_picked":["Fusion Hammer","Runic Pyramid"],"picked":"Velvet Choker"},{"not_picked":["Runic Dome","Eternal Feather"],"picked":"Ring of the Serpent"}],"items_purged_floors":[3,53],"is_endless":false,"potions_floor_spawned":[1,5,6,16,18,21,24,27,31,33,38,40,45,47,48,54],"killed_by":"The Heart","ascension_level":0}