{"gold_per_floor":[117,127,127,140,10,43,43,73,155,183,199,234,251,216,216,319,319,332,257,0,11,28,28,61,75,99,198,198,198,233,245,245,345,345,357,368,147,158,169,169,199,214,214,214,74,102,121,121,121,121,121,121,121,121],"floor_reached":54,"playtime":3325,"items_purged":["Strike_R","Parasite"],"score":1002,"play_id":"26fdb472-3a3a-42d9-9f83-d3dbbe274eb9","local_time":"20190720005919","is_ascension_mode":true,"campfire_choices":[{"data":"Disarm","floor":7.0,"key":"SMITH"},{"data":"True Grit","floor":15.0,"key":"SMITH"},{"data":"True Grit","floor":23.0,"key":"SMITH"},{"floor":28.0,"key":"RECALL"},{"data":"Demon Form","floor":32.0,"key":"SMITH"},{"data":"Corruption","floor":40.0,"key":"SMITH"},{"data":"Metallicize","floor":44.0,"key":"SMITH"},{"data":"Dark Embrace","floor":49.0,"key":"SMITH"},{"data":"Sword Boomerang","floor":52,"key":"SMITH"}],"neow_cost":"NONE","seed_source_timestamp":826564703358746,"circlet_count":0,"master_deck":["Strike_R+1","Defend_R","Defend_R+1","Defend_R","Defend_R","Bash","Clothesline","Spot Weakness","Headbutt","Disarm+1","Reaper","Sword Boomerang+1","Reaper","Corruption+1","Shrug It Off","True Grit+1","Dark Embrace+1","True Grit+1","Sword Boomerang","Metallicize+1","Demon Form+1","True Grit+1","Seeing Red","Impervious","Pommel Strike+1","Metallicize+1","Sword Boomerang+1","Wild Strike+1","Second Wind+1","Carnage+1","Entrench","Shockwave+1","Entrench+1"],"special_seed":0,"relics":["Black Blood","Magic Flower","Anchor","The Courier","Calipers","Bronze Scales","Mummified Hand","Paper Frog","StoneCalendar","Empty Cage","Strange Spoon","Vajra","Dodecahedron","Toxic Egg 2"],"potions_floor_usage":[54],"damage_taken":[{"damage":10.0,"enemies":"2 Louse","floor":1.0,"turns":4.0},{"damage":0.0,"enemies":"Small Slimes","floor":2.0,"turns":3.0},{"damage":4.0,"enemies":"Cultist","floor":4.0,"turns":5.0},{"damage":14.0,"enemies":"Gremlin Nob","floor":6.0,"turns":5.0},{"damage":34.0,"enemies":"Lagavulin","floor":8.0,"turns":9.0},{"damage":24.0,"enemies":"Gremlin Nob","floor":10.0,"turns":4.0},{"damage":15.0,"enemies":"Blue Slaver","floor":11.0,"turns":5.0},{"damage":22.0,"enemies":"3 Sentries","floor":12.0,"turns":8.0},{"damage":0.0,"enemies":"2 Fungi Beasts","floor":13.0,"turns":3.0},{"damage":77.0,"enemies":"Slime Boss","floor":16.0,"turns":11.0},{"damage":19.0,"enemies":"Shell Parasite","floor":18.0,"turns":6.0},{"damage":39.0,"enemies":"2 Thieves","floor":21.0,"turns":5.0},{"damage":16.0,"enemies":"Snecko","floor":22.0,"turns":5.0},{"damage":87.0,"enemies":"Slavers","floor":24.0,"turns":7.0},{"damage":2.0,"enemies":"Centurion and Healer","floor":25.0,"turns":6.0},{"damage":53.0,"enemies":"Gremlin Leader","floor":30.0,"turns":7.0},{"damage":15.0,"enemies":"3 Cultists","floor":31.0,"turns":6.0},{"damage":62.0,"enemies":"Collector","floor":33.0,"turns":7.0},{"damage":20.0,"enemies":"3 Shapes","floor":35.0,"turns":5.0},{"damage":50.0,"enemies":"3 Darklings","floor":36.0,"turns":6.0},{"damage":9.0,"enemies":"Spire Growth","floor":38.0,"turns":6.0},{"damage":84.0,"enemies":"Jaw Worm Horde","floor":39.0,"turns":7.0},{"damage":22.0,"enemies":"Giant Head","floor":41.0,"turns":8.0},{"damage":8.0,"enemies":"Writhing Mass","floor":42.0,"turns":7.0},{"damage":21.0,"enemies":"Reptomancer","floor":46.0,"turns":6.0},{"damage":28.0,"enemies":"3 Darklings","floor":47.0,"turns":6.0},{"damage":58,"enemies":"Time Eater","floor":50,"turns":11},{"damage":83,"enemies":"Shield and Spear","floor":54,"turns":5}],"seed_played":"-8514279552079032725","potions_obtained":[{"floor":2.0,"key":"EssenceOfSteel"},{"floor":4.0,"key":"LiquidBronze"},{"floor":8.0,"key":"Energy Potion"},{"floor":10.0,"key":"LiquidBronze"},{"floor":12.0,"key":"EssenceOfSteel"},{"floor":25.0,"key":"AttackPotion"},{"floor":29.0,"key":"Swift Potion"},{"floor":29.0,"key":"PowerPotion"},{"floor":31.0,"key":"Block Potion"},{"floor":33.0,"key":"Weak Potion"},{"floor":39.0,"key":"Ancient Potion"},{"floor":42.0,"key":"Energy Potion"},{"floor":47.0,"key":"SpeedPotion"}],"is_trial":false,"path_per_floor":["M","M","?","M","$","E","R","E","T","E","M","E","M","?","R","B",null,"M","?","$","M","M","R","E","M","T","?","R","?","E","M","R","B",null,"M","M","$","M","M","R","E","M","T","R","$","E","M","?","R","B",null,"R","$","E"],"character_chosen":"IRONCLAD","items_purchased":["Disarm","Fire Potion","Mummified Hand","Strange Spoon","Metallicize","Entrench"],"campfire_rested":0,"item_purchase_floors":[5,5,20,37,37,45],"current_hp_per_floor":[76,82,64,66,66,58,58,44,44,29,40,48,69,88,88,63,82,88,88,88,79,88,88,88,88,88,88,88,88,88,88,88,81,86,88,88,88,88,52,52,88,88,88,88,85,85,72,72,72,81,81,81,81,0],"gold":121,"neow_bonus":"TEN_PERCENT_HP_BONUS","is_prod":false,"is_daily":false,"chose_seed":false,"campfire_upgraded":8,"win_rate":0,"timestamp":1563598759,"path_taken":["M","M","?","M","$","E","R","E","T","E","M","E","M","?","R","BOSS","M","?","$","M","M","R","E","M","T","?","R","?","E","M","R","BOSS","M","?","$","M","M","R","E","M","T","R","$","E","M","?","R","BOSS","R","$","E"],"build_version":"2019-07-17","purchased_purges":2,"victory":false,"max_hp_per_floor":[88,88,88,88,88,88,88,88,88,88,88,88,88,88,88,88,88,88,88,88,88,88,88,88,88,88,88,88,88,88,88,88,88,88,88,88,88,88,88,88,88,88,88,88,85,85,85,81,81,81,81,81,81,81],"card_choices":[{"not_picked":["Shrug It Off","Twin Strike"],"picked":"Clothesline","floor":1.0},{"not_picked":["Headbutt","Clothesline"],"picked":"Spot Weakness","floor":2.0},{"not_picked":["Inflame","Clash"],"picked":"Headbutt","floor":4.0},{"not_picked":["Sentinel","Power Through"],"picked":"Reaper","floor":6.0},{"not_picked":["Warcry","Perfected Strike"],"picked":"Sword Boomerang","floor":8.0},{"not_picked":["Thunderclap","Flex"],"picked":"Reaper","floor":10.0},{"not_picked":["Inflame","Havoc"],"picked":"Corruption","floor":11.0},{"not_picked":["Warcry","True Grit"],"picked":"Shrug It Off","floor":12.0},{"not_picked":["Anger","Cleave"],"picked":"True Grit","floor":13.0},{"not_picked":["Immolate","Impervious"],"picked":"Dark Embrace","floor":16.0},{"not_picked":["Wild Strike","Twin Strike"],"picked":"True Grit","floor":18.0},{"not_picked":["Iron Wave","Twin Strike"],"picked":"Sword Boomerang","floor":21.0},{"not_picked":["Perfected Strike","True Grit+1"],"picked":"Metallicize+1","floor":22.0},{"not_picked":["Spot Weakness","Pummel"],"picked":"Demon Form","floor":24.0},{"not_picked":["Wild Strike","Headbutt"],"picked":"True Grit+1","floor":25.0},{"not_picked":["Havoc+1","Clash"],"picked":"Seeing Red","floor":30.0},{"not_picked":["Clash+1","Entrench","Sword Boomerang"],"picked":"SKIP","floor":31.0},{"not_picked":["Brutality","Juggernaut"],"picked":"Impervious","floor":33.0},{"not_picked":["Cleave","True Grit+1"],"picked":"Pommel Strike+1","floor":35.0},{"not_picked":["Hemokinesis+1","Warcry","Bloodletting"],"picked":"SKIP","floor":36.0},{"not_picked":["Thunderclap","Wild Strike"],"picked":"Sword Boomerang+1","floor":38.0},{"not_picked":["Cleave","Clothesline"],"picked":"Wild Strike+1","floor":39.0},{"not_picked":["Evolve+1","Bludgeon"],"picked":"Second Wind+1","floor":41.0},{"not_picked":["Headbutt","Havoc"],"picked":"Carnage+1","floor":42.0},{"not_picked":["Heavy Blade","Juggernaut"],"picked":"Shockwave+1","floor":46.0},{"not_picked":["Dropkick+1","Combust"],"picked":"Entrench+1","floor":47.0}],"player_experience":226615,"relics_obtained":[{"floor":6.0,"key":"Magic Flower"},{"floor":8.0,"key":"Anchor"},{"floor":9.0,"key":"The Courier"},{"floor":10.0,"key":"Calipers"},{"floor":12.0,"key":"Bronze Scales"},{"floor":24.0,"key":"Paper Frog"},{"floor":30.0,"key":"StoneCalendar"},{"floor":41.0,"key":"Vajra"},{"floor":43.0,"key":"Dodecahedron"},{"floor":46.0,"key":"Toxic Egg 2"}],"event_choices":[{"damage_healed":0.0,"max_hp_gain":0.0,"max_hp_loss":0.0,"gold_gain":0.0,"event_name":"Shining Light","player_choice":"Entered Light","floor":3.0,"gold_loss":0.0,"damage_taken":18.0,"cards_upgraded":["Defend_R","Strike_R"]},{"damage_healed":22.0,"max_hp_gain":0.0,"max_hp_loss":0.0,"gold_gain":0.0,"event_name":"The Cleric","player_choice":"Healed","floor":14.0,"gold_loss":35.0,"damage_taken":0.0},{"cards_removed":["Strike_R"],"damage_healed":0.0,"max_hp_gain":0.0,"max_hp_loss":0.0,"gold_gain":0.0,"event_name":"Beggar","player_choice":"Gave Gold","floor":19.0,"gold_loss":75.0,"damage_taken":0.0},{"damage_healed":0.0,"max_hp_gain":0.0,"max_hp_loss":0.0,"gold_gain":99.0,"event_name":"Nest","player_choice":"Stole From Cult","floor":27.0,"gold_loss":0.0,"damage_taken":0.0},{"damage_healed":0.0,"max_hp_gain":0.0,"max_hp_loss":0.0,"gold_gain":0.0,"event_name":"Lab","player_choice":"Got Potions","floor":29.0,"gold_loss":0.0,"damage_taken":0.0},{"damage_healed":0.0,"max_hp_gain":0.0,"max_hp_loss":4.0,"gold_gain":0.0,"event_name":"Winding Halls","player_choice":"Max HP","floor":48.0,"gold_loss":0.0,"damage_taken":0.0}],"is_beta":false,"boss_relics":[{"not_picked":["Velvet Choker","Cursed Key"],"picked":"Black Blood"},{"not_picked":["Lizard Tail","White Beast Statue"],"picked":"Empty Cage"}],"items_purged_floors":[20,45],"is_endless":false,"potions_floor_spawned":[2,4,8,10,12,16,18,22,25,31,33,39,42,47],"killed_by":"Shield and Spear","ascension_level":7}