{"gold_per_floor":[109,27,42,142,158,187,117,146,199,229,229,247,272,305,305,400,400,411,421,86,86,52,87,114,147,147,216,228,260,272,319,331,442,454,479,491,263,563,208,239,272,299,299,333,360,386,386,420,420,420],"floor_reached":51,"playtime":2673,"items_purged":[],"score":1551,"play_id":"b10df497-7b52-41ab-a340-d16ed35a0f50","local_time":"20190715003428","daily_mods":["Draft","Hoarder","Specialized","Heirloom","Time Dilation","Flight","DeadlyEvents","Elite Swarm","Lethality"],"is_ascension_mode":false,"campfire_choices":[{"data":"Demon Form","floor":15.0,"key":"SMITH"},{"floor":30.0,"key":"REST"},{"floor":32.0,"key":"REST"},{"data":"1","floor":47,"key":"LIFT"},{"data":"2","floor":49,"key":"LIFT"}],"neow_cost":"","seed_source_timestamp":0,"circlet_count":0,"master_deck":["Demon Form","Wraith Form v2","Echo Form","Dark Embrace","Dark Embrace","Dark Embrace","Dark Embrace","Dark Embrace","Dark Embrace","Dark Embrace","Dark Embrace","Dark Embrace","Dark Embrace","Dark Embrace","Dark Embrace","Dark Embrace","Dark Embrace","Perfected Strike","Perfected Strike","Perfected Strike","Thunderclap","Thunderclap","Thunderclap","Wild Strike","Wild Strike","Wild Strike","Carnage","Carnage","Carnage","Corruption","Corruption","Corruption","Shockwave","Shockwave","Shockwave","Sword Boomerang","Sword Boomerang","Sword Boomerang","True Grit","True Grit","True Grit","Sword Boomerang","Sword Boomerang","Sword Boomerang","Seeing Red","Seeing Red","Seeing Red+1","Spot Weakness","Spot Weakness","Spot Weakness+1","Shrug It Off","Shrug It Off","Shrug It Off","Thunderclap","Thunderclap","Thunderclap","Sword Boomerang","Sword Boomerang","Sword Boomerang","Entrench","Entrench","Entrench","Hemokinesis","Hemokinesis","Hemokinesis","Combust","Combust","Combust","Feel No Pain","Feel No Pain","Feel No Pain","Combust","Combust","Combust","Demon Form+1","Demon Form","Demon Form","Metallicize","Metallicize","Metallicize","Demon Form","Demon Form","Demon Form","Reaper","Reaper","Reaper","Demon Form","Demon Form","Demon Form","Immolate","Immolate","Immolate","Juggernaut","Juggernaut","Juggernaut","Sever Soul","Sever Soul","Sever Soul","Inflame","Inflame","Inflame","Inflame","Inflame","Inflame","Inflame","Inflame","Inflame","Bloodletting","Bloodletting","Bloodletting","Whirlwind","Whirlwind","Whirlwind","Carnage","Carnage","Carnage","Infernal Blade","Infernal Blade","Infernal Blade","Corruption","Corruption","Corruption","Offering","Offering","Offering","Double Tap","Double Tap","Double Tap","Entrench","Entrench","Entrench","Impervious","Impervious","Impervious","Bludgeon","Bludgeon","Bludgeon","Madness","Madness","Madness","Madness","Madness","Madness","Bludgeon","Bludgeon","Bludgeon"],"special_seed":0,"relics":["Burning Blood","Magic Flower","Gremlin Horn","Orichalcum","Art of War","Mummified Hand","Sundial","War Paint","Orrery","Bag of Marbles","Lee\u0027s Waffle","Singing Bowl","Unceasing Top","Kunai","MawBank","Tiny Chest","Girya","Busted Crown","Membership Card","Bottled Tornado","Bottled Lightning","Toy Ornithopter","Oddly Smooth Stone","Ancient Tea Set","Ornamental Fan","Gambling Chip","Mercury Hourglass","Frozen Egg 2","Vajra","Boot"],"potions_floor_usage":[],"damage_taken":[{"damage":14.0,"enemies":"Jaw Worm","floor":1.0,"turns":2.0},{"damage":5.0,"enemies":"Cultist","floor":3.0,"turns":3.0},{"damage":14.0,"enemies":"Small Slimes","floor":5.0,"turns":2.0},{"damage":8.0,"enemies":"Gremlin Nob","floor":6.0,"turns":3.0},{"damage":17.0,"enemies":"3 Sentries","floor":8.0,"turns":2.0},{"damage":5.0,"enemies":"Lagavulin","floor":10.0,"turns":3.0},{"damage":10.0,"enemies":"Gremlin Gang","floor":12.0,"turns":3.0},{"damage":15.0,"enemies":"3 Sentries","floor":13.0,"turns":3.0},{"damage":8.0,"enemies":"Gremlin Nob","floor":14.0,"turns":3.0},{"damage":18.0,"enemies":"The Guardian","floor":16.0,"turns":5.0},{"damage":17.0,"enemies":"Chosen","floor":18.0,"turns":4.0},{"damage":6.0,"enemies":"Spheric Guardian","floor":19.0,"turns":3.0},{"damage":32.0,"enemies":"Gremlin Leader","floor":23.0,"turns":4.0},{"damage":41.0,"enemies":"Slavers","floor":24.0,"turns":3.0},{"damage":30.0,"enemies":"Book of Stabbing","floor":25.0,"turns":3.0},{"damage":20.0,"enemies":"Gremlin Leader","floor":27.0,"turns":2.0},{"damage":39.0,"enemies":"Slavers","floor":28.0,"turns":2.0},{"damage":7.0,"enemies":"3 Cultists","floor":29.0,"turns":4.0},{"damage":19.0,"enemies":"Book of Stabbing","floor":31.0,"turns":2.0},{"damage":51.0,"enemies":"Automaton","floor":33.0,"turns":6.0},{"damage":0.0,"enemies":"Orb Walker","floor":35.0,"turns":1.0},{"damage":6.0,"enemies":"Reptomancer","floor":40.0,"turns":2.0},{"damage":27.0,"enemies":"Giant Head","floor":41.0,"turns":4.0},{"damage":34,"enemies":"Nemesis","floor":42,"turns":3},{"damage":18,"enemies":"Reptomancer","floor":44,"turns":2},{"damage":7,"enemies":"Nemesis","floor":45,"turns":3},{"damage":6,"enemies":"Reptomancer","floor":46,"turns":1},{"damage":17,"enemies":"Giant Head","floor":48,"turns":4},{"damage":91,"enemies":"Donu and Deca","floor":50,"turns":5}],"seed_played":"-3058650121916080364","potions_obtained":[{"floor":1.0,"key":"Energy Potion"},{"floor":6.0,"key":"SteroidPotion"},{"floor":8.0,"key":"SmokeBomb"},{"floor":24.0,"key":"Strength Potion"},{"floor":25.0,"key":"PowerPotion"},{"floor":29.0,"key":"GamblersBrew"},{"floor":31.0,"key":"SkillPotion"}],"is_trial":true,"path_per_floor":["M","$","M","?","M","E","$","E","T","E","?","M","E","E","R","B",null,"M","M","$","?","$","E","E","E","T","E","E","M","R","E","R","B",null,"M","?","$","?","$","E","E","E","T","E","E","E","R","E","R","B",null],"character_chosen":"IRONCLAD","items_purchased":["Combust","Metallicize","Bag of Marbles","Lee\u0027s Waffle","Corruption","Membership Card","BloodPotion","Bottled Tornado","Bottled Lightning","Toy Ornithopter"],"campfire_rested":2,"item_purchase_floors":[2,7,20,20,22,37,37,39,39,39],"current_hp_per_floor":[75,75,79,79,74,75,75,67,67,71,71,80,80,80,80,71,80,72,75,87,87,87,66,77,56,56,45,15,17,44,34,61,19,91,93,81,81,81,81,93,85,62,62,55,95,100,100,105,105,23],"gold":420,"neow_bonus":"","is_prod":false,"is_daily":false,"chose_seed":false,"campfire_upgraded":1,"win_rate":0,"timestamp":1563165268,"path_taken":["M","$","M","?","M","E","$","E","T","?","?","M","E","E","R","BOSS","M","?","$","?","$","E","E","E","T","E","E","?","R","E","R","BOSS","M","?","$","?","$","E","E","E","T","E","E","E","R","E","R","BOSS"],"build_version":"2019-07-05","purchased_purges":0,"victory":true,"max_hp_per_floor":[80,80,80,80,80,80,80,80,80,80,80,80,80,80,80,80,80,80,80,87,87,87,89,91,91,91,91,91,91,91,91,91,91,91,93,93,93,93,93,93,95,97,97,99,101,103,103,105,105,105],"card_choices":[{"not_picked":["Rupture","Blood for Blood"],"picked":"Perfected Strike","floor":0.0},{"not_picked":["Warcry","Havoc"],"picked":"Thunderclap","floor":0.0},{"not_picked":["Dual Wield","Pommel Strike"],"picked":"Wild Strike","floor":0.0},{"not_picked":["Heavy Blade","Twin Strike"],"picked":"Carnage","floor":0.0},{"not_picked":["Body Slam","Shockwave"],"picked":"Corruption","floor":0.0},{"not_picked":["Heavy Blade","Inflame"],"picked":"Shockwave","floor":0.0},{"not_picked":["Body Slam","Twin Strike"],"picked":"Sword Boomerang","floor":0.0},{"not_picked":["Sever Soul","Wild Strike"],"picked":"True Grit","floor":0.0},{"not_picked":["Warcry","Fire Breathing"],"picked":"Sword Boomerang","floor":0.0},{"not_picked":["Anger","Shrug It Off"],"picked":"Seeing Red","floor":0.0},{"not_picked":["Evolve","Body Slam"],"picked":"Spot Weakness","floor":0.0},{"not_picked":["Power Through","Body Slam"],"picked":"Shrug It Off","floor":0.0},{"not_picked":["Twin Strike","Clash"],"picked":"Thunderclap","floor":0.0},{"not_picked":["Iron Wave","Flex"],"picked":"Sword Boomerang","floor":0.0},{"not_picked":["Uppercut","Wild Strike"],"picked":"Entrench","floor":0.0},{"not_picked":["Pommel Strike","Anger"],"picked":"Hemokinesis","floor":1.0},{"not_picked":["Shrug It Off","Iron Wave"],"picked":"Feel No Pain","floor":3.0},{"not_picked":["Perfected Strike","Sword Boomerang"],"picked":"Combust","floor":5.0},{"not_picked":["Fiend Fire","Impervious"],"picked":"Demon Form","floor":6.0},{"not_picked":["Exhume","Berserk"],"picked":"Demon Form","floor":8.0},{"not_picked":["Immolate","Feed"],"picked":"Reaper","floor":10.0},{"not_picked":["Wild Strike","Searing Blow","Burning Pact"],"picked":"SKIP","floor":12.0},{"not_picked":["Dark Embrace","Immolate"],"picked":"Demon Form","floor":13.0},{"not_picked":["Feed","Berserk"],"picked":"Immolate","floor":14.0},{"not_picked":["Demon Form","Barricade"],"picked":"Juggernaut","floor":16.0},{"not_picked":["Sword Boomerang","Flex"],"picked":"Sever Soul","floor":17.0},{"not_picked":["Flex","Wild Strike"],"picked":"Inflame","floor":17.0},{"not_picked":["Havoc","Rage"],"picked":"Inflame","floor":17.0},{"not_picked":["Seeing Red","Iron Wave"],"picked":"Inflame","floor":17.0},{"not_picked":["Warcry","Perfected Strike"],"picked":"Bloodletting","floor":17.0},{"not_picked":["True Grit","Armaments"],"picked":"Whirlwind","floor":18.0},{"not_picked":["Thunderclap","Ghostly Armor"],"picked":"Carnage","floor":19.0},{"not_picked":["Demon Form","Limit Break","Juggernaut"],"picked":"Singing Bowl","floor":23.0},{"not_picked":["Dark Embrace","Limit Break","Feed"],"picked":"Singing Bowl","floor":24.0},{"not_picked":["Berserk","Immolate"],"picked":"Offering","floor":25.0},{"not_picked":["Limit Break","Fiend Fire"],"picked":"Double Tap","floor":27.0},{"not_picked":["Iron Wave+1","Pommel Strike+1"],"picked":"Entrench","floor":29.0},{"not_picked":["Feed","Immolate"],"picked":"Impervious","floor":31.0},{"not_picked":["Exhume","Dark Embrace"],"picked":"Bludgeon","floor":33.0},{"not_picked":["Perfected Strike+1"],"picked":"Singing Bowl","floor":35.0},{"not_picked":[],"picked":"Bludgeon","floor":40.0},{"not_picked":["Fiend Fire"],"picked":"Singing Bowl","floor":41.0},{"not_picked":["Demon Form"],"picked":"Singing Bowl","floor":42},{"not_picked":["Dark Embrace"],"picked":"Singing Bowl","floor":44},{"not_picked":["Immolate"],"picked":"Singing Bowl","floor":45},{"not_picked":["Exhume"],"picked":"Singing Bowl","floor":46},{"not_picked":["Reaper"],"picked":"Singing Bowl","floor":48}],"player_experience":156330,"relics_obtained":[{"floor":6.0,"key":"Gremlin Horn"},{"floor":8.0,"key":"Orichalcum"},{"floor":9.0,"key":"Art of War"},{"floor":10.0,"key":"Mummified Hand"},{"floor":13.0,"key":"Sundial"},{"floor":14.0,"key":"War Paint"},{"floor":23.0,"key":"Singing Bowl"},{"floor":24.0,"key":"Unceasing Top"},{"floor":25.0,"key":"Kunai"},{"floor":26.0,"key":"MawBank"},{"floor":27.0,"key":"Tiny Chest"},{"floor":31.0,"key":"Girya"},{"floor":40.0,"key":"Oddly Smooth Stone"},{"floor":41.0,"key":"Ancient Tea Set"},{"floor":42,"key":"Ornamental Fan"},{"floor":43,"key":"Gambling Chip"},{"floor":44,"key":"Mercury Hourglass"},{"floor":45,"key":"Frozen Egg 2"},{"floor":46,"key":"Vajra"},{"floor":48,"key":"Boot"}],"event_choices":[{"damage_healed":0.0,"max_hp_gain":0.0,"max_hp_loss":0.0,"gold_gain":100.0,"event_name":"Golden Shrine","player_choice":"Pray","floor":4.0,"gold_loss":0.0,"damage_taken":0.0},{"cards_removed":["Dark Embrace"],"damage_healed":0.0,"max_hp_gain":0.0,"max_hp_loss":0.0,"gold_gain":0.0,"event_name":"Purifier","player_choice":"Purged","floor":11.0,"gold_loss":0.0,"damage_taken":0.0},{"damage_healed":0.0,"max_hp_gain":0.0,"max_hp_loss":0.0,"gold_gain":0.0,"event_name":"The Library","player_choice":"Read","floor":21.0,"gold_loss":0.0,"damage_taken":0.0,"cards_obtained":["Infernal Blade"]},{"damage_healed":0.0,"max_hp_gain":0.0,"max_hp_loss":0.0,"gold_gain":0.0,"event_name":"Winding Halls","player_choice":"Embrace Madness","floor":36.0,"gold_loss":0.0,"damage_taken":12.0,"cards_obtained":["Madness","Madness"]},{"damage_healed":0.0,"max_hp_gain":0.0,"max_hp_loss":0.0,"gold_gain":300.0,"event_name":"Wheel of Change","player_choice":"Gold","floor":38.0,"gold_loss":0.0,"damage_taken":0.0}],"is_beta":false,"boss_relics":[{"not_picked":["Tiny House","Ectoplasm"],"picked":"Orrery"},{"not_picked":["White Beast Statue","Velvet Choker"],"picked":"Busted Crown"}],"items_purged_floors":[],"is_endless":false,"potions_floor_spawned":[1,6,8,24,25,29,31,40,41,42,45,46],"ascension_level":0}