{"gold_per_floor":[109,127,138,68,68,68,96,22,22,22,22,40,40,21,21,116,116,128,128,147,158,175,104,118,118,118,118,136,235,235,145,145,241,241,258,258,258],"floor_reached":38,"playtime":2534,"items_purged":[],"score":724,"play_id":"0f453fc7-97f6-4b24-b4db-a3a21285c2bd","local_time":"20190514191244","is_ascension_mode":false,"campfire_choices":[{"data":"Noxious Fumes","floor":6.0,"key":"SMITH"},{"data":"After Image","floor":11.0,"key":"SMITH"},{"data":"Neutralize","floor":15.0,"key":"SMITH"},{"data":"Night Terror","floor":25.0,"key":"SMITH"},{"data":"Deadly Poison","floor":30.0,"key":"SMITH"},{"data":"Concentrate","floor":32.0,"key":"SMITH"}],"neow_cost":"NONE","seed_source_timestamp":12493150033533,"circlet_count":0,"master_deck":["Defend_G+1","Defend_G","Defend_G","Defend_G","Strike_G+1","Strike_G","Survivor","Neutralize+1","Tools of the Trade+1","Underhanded Strike+1","Phantasmal Killer+1","Deadly Poison+1","Backflip","Noxious Fumes+1","After Image+1","Footwork+1","PiercingWail","Glass Knife","Night Terror+1","Backstab","Concentrate+1","Die Die Die","Corpse Explosion"],"special_seed":0,"relics":["Astrolabe","Meat on the Bone","Dodecahedron","Runic Pyramid","CultistMask","Pen Nib","Pear","Cursed Key"],"potions_floor_usage":[37,37],"damage_taken":[{"damage":0.0,"enemies":"2 Louse","floor":1.0,"turns":3.0},{"damage":6.0,"enemies":"Jaw Worm","floor":2.0,"turns":3.0},{"damage":0.0,"enemies":"Small Slimes","floor":3.0,"turns":3.0},{"damage":16.0,"enemies":"Lagavulin","floor":7.0,"turns":5.0},{"damage":0.0,"enemies":"Red Slaver","floor":12.0,"turns":5.0},{"damage":13.0,"enemies":"Exordium Thugs","floor":14.0,"turns":4.0},{"damage":0.0,"enemies":"Hexaghost","floor":16.0,"turns":8.0},{"damage":0.0,"enemies":"3 Byrds","floor":18.0,"turns":4.0},{"damage":0.0,"enemies":"Chosen","floor":20.0,"turns":6.0},{"damage":13.0,"enemies":"Shelled Parasite and Fungi","floor":21.0,"turns":7.0},{"damage":12.0,"enemies":"Centurion and Healer","floor":22.0,"turns":6.0},{"damage":2.0,"enemies":"Cultist and Chosen","floor":24.0,"turns":6.0},{"damage":8.0,"enemies":"Sentry and Sphere","floor":28.0,"turns":6.0},{"damage":7.0,"enemies":"Collector","floor":33.0,"turns":8.0},{"damage":6,"enemies":"3 Darklings","floor":35,"turns":3},{"damage":69,"enemies":"Awakened One","floor":37,"turns":11}],"seed_played":"8584275108539785245","potions_obtained":[{"floor":7.0,"key":"FearPotion"},{"floor":12.0,"key":"EssenceOfSteel"},{"floor":16.0,"key":"Ancient Potion"},{"floor":18.0,"key":"Poison Potion"},{"floor":33.0,"key":"LiquidBronze"}],"is_trial":false,"path_per_floor":["M","M","M","$","?","R","E","$","T","?","R","M","$","M","R","B",null,"M","?","M","M","M","$","M","R","T","T","M","?","R","?","R","B",null,"M","?","B",null],"character_chosen":"THE_SILENT","items_purchased":["Noxious Fumes","Footwork","Concentrate"],"campfire_rested":0,"item_purchase_floors":[4,8,23],"current_hp_per_floor":[70,64,64,64,64,64,48,48,48,34,34,46,46,45,45,45,70,70,70,70,57,45,45,43,43,43,53,45,45,45,45,45,50,80,74,74,17],"gold":258,"neow_bonus":"BOSS_RELIC","is_prod":false,"is_daily":false,"chose_seed":false,"campfire_upgraded":6,"win_rate":0,"timestamp":1557825164,"path_taken":["M","M","M","$","?","R","E","$","T","?","R","M","?","M","R","BOSS","M","?","M","M","?","$","M","R","T","?","M","?","R","?","R","BOSS","M","?","BOSS"],"build_version":"2019-01-23","purchased_purges":0,"victory":true,"max_hp_per_floor":[70,70,70,70,70,70,70,70,70,70,70,70,70,70,70,70,70,70,70,70,70,70,70,70,70,70,80,80,80,80,80,80,80,80,80,80,80],"card_choices":[{"not_picked":["Prepared","Poisoned Stab"],"picked":"Deadly Poison","floor":1.0},{"not_picked":["Blur","Poisoned Stab"],"picked":"Backflip","floor":2.0},{"not_picked":["Deflect","Bane","Infinite Blades"],"picked":"SKIP","floor":3.0},{"not_picked":["PiercingWail","Wraith Form v2"],"picked":"After Image","floor":7.0},{"not_picked":["Reflex","Deflect"],"picked":"PiercingWail","floor":12.0},{"not_picked":["Cloak And Dagger","Bane"],"picked":"Glass Knife","floor":14.0},{"not_picked":["Grand Finale","Phantasmal Killer"],"picked":"Night Terror","floor":16.0},{"not_picked":["Bane","Acrobatics"],"picked":"Backstab","floor":18.0},{"not_picked":["Quick Slash+1","Sucker Punch","Acrobatics+1"],"picked":"SKIP","floor":20.0},{"not_picked":["Slice","Infinite Blades","Bane"],"picked":"SKIP","floor":21.0},{"not_picked":["Slice","Distraction+1","Masterful Stab"],"picked":"SKIP","floor":22.0},{"not_picked":["Prepared","All Out Attack","Dagger Throw"],"picked":"SKIP","floor":24.0},{"not_picked":["Bane+1","Flying Knee"],"picked":"Die Die Die","floor":28.0},{"not_picked":["Unload","Envenom"],"picked":"Corpse Explosion","floor":33.0},{"not_picked":["Choke+1","Quick Slash+1","Distraction"],"picked":"SKIP","floor":35}],"player_experience":576641,"relics_obtained":[{"floor":7.0,"key":"Meat on the Bone"},{"floor":9.0,"key":"Dodecahedron"},{"floor":26.0,"key":"Pen Nib"},{"floor":27.0,"key":"Pear"}],"event_choices":[{"damage_healed":0.0,"max_hp_gain":0.0,"max_hp_loss":0.0,"gold_gain":0.0,"event_name":"Liars Game","player_choice":"Ignored","floor":5.0,"gold_loss":0.0,"damage_taken":0.0},{"damage_healed":0.0,"max_hp_gain":0.0,"max_hp_loss":0.0,"gold_gain":0.0,"event_name":"Shining Light","player_choice":"Entered Light","floor":10.0,"gold_loss":0.0,"damage_taken":14.0,"cards_upgraded":["Strike_G","Footwork"]},{"damage_healed":0.0,"max_hp_gain":0.0,"max_hp_loss":0.0,"gold_gain":0.0,"event_name":"FaceTrader","player_choice":"Trade","floor":19.0,"gold_loss":0.0,"damage_taken":0.0,"relics_obtained":["CultistMask"]},{"damage_healed":0.0,"max_hp_gain":0.0,"max_hp_loss":0.0,"gold_gain":99.0,"event_name":"Nest","player_choice":"Stole From Cult","floor":29.0,"gold_loss":0.0,"damage_taken":0.0},{"cards_removed":["Strike_G"],"damage_healed":0.0,"max_hp_gain":0.0,"max_hp_loss":0.0,"gold_gain":0.0,"event_name":"Designer","player_choice":"Upgrade and Remove","floor":31.0,"gold_loss":90.0,"damage_taken":0.0,"cards_upgraded":["Defend_G"]},{"damage_healed":0,"gold_gain":0,"player_choice":"Took Portal","damage_taken":0,"max_hp_gain":0,"max_hp_loss":0,"event_name":"SecretPortal","floor":36,"gold_loss":0}],"is_beta":false,"boss_relics":[{"not_picked":["HoveringKite","Coffee Dripper"],"picked":"Runic Pyramid"},{"not_picked":["Velvet Choker","Snecko Eye"],"picked":"Cursed Key"}],"items_purged_floors":[],"is_endless":false,"potions_floor_spawned":[7,12,16,18,20,33,35],"ascension_level":0}