{"gold_per_floor":[115,45,45,64,64,97,109,152,232,244,256,268,290,318,330,342],"floor_reached":16,"playtime":687,"items_purged":[],"score":119,"play_id":"8b62f5c1-c6cf-4fb4-8142-2ecb58cca608","local_time":"20190110160908","is_ascension_mode":true,"campfire_choices":[{"data":"Feel No Pain","floor":7,"key":"SMITH"},{"data":"Clothesline","floor":10,"key":"SMITH"},{"data":"Iron Wave","floor":12,"key":"SMITH"},{"data":"Cleave","floor":15,"key":"SMITH"}],"neow_cost":"NONE","seed_source_timestamp":16306808496418,"circlet_count":0,"master_deck":["Strike_R+1","Strike_R+1","Strike_R","Defend_R","Defend_R","Defend_R","Defend_R","Bash","Corruption","Feel No Pain+1","Clothesline+1","Iron Wave+1","Cleave+1","Shrug It Off"],"special_seed":0,"relics":["Burning Blood","Orichalcum","MawBank","Smiling Mask"],"potions_floor_usage":[16,16],"damage_taken":[{"damage":8.0,"enemies":"Jaw Worm","floor":1.0,"turns":4.0},{"damage":4.0,"enemies":"2 Louse","floor":4.0,"turns":3.0},{"damage":4.0,"enemies":"Gremlin Nob","floor":6.0,"turns":4.0},{"damage":21,"enemies":"3 Sentries","floor":8,"turns":15},{"damage":0,"enemies":"Cultist","floor":13,"turns":3},{"damage":7,"enemies":"Exordium Thugs","floor":14,"turns":5},{"damage":49,"enemies":"Hexaghost","floor":16,"turns":14}],"seed_played":"3948997074288362475","potions_obtained":[{"floor":1.0,"key":"Swift Potion"},{"floor":14,"key":"Block Potion"}],"is_trial":false,"path_per_floor":["M","$","?","M","?","E","R","E","T","R","?","R","M","M","R","B"],"character_chosen":"IRONCLAD","items_purchased":["Feel No Pain"],"campfire_rested":0,"item_purchase_floors":[2],"current_hp_per_floor":[78,78,62,64,57,59,59,44,44,44,44,44,50,49,49,0],"gold":342,"neow_bonus":"RANDOM_COMMON_RELIC","is_prod":false,"is_daily":false,"chose_seed":false,"campfire_upgraded":4,"win_rate":0,"timestamp":1547096948,"path_taken":["M","$","?","M","?","E","R","E","T","R","?","R","M","M","R","BOSS"],"build_version":"2019-01-03v4","purchased_purges":0,"victory":false,"max_hp_per_floor":[80,80,80,80,80,80,80,80,80,80,80,80,80,80,80,80],"card_choices":[{"not_picked":["Headbutt","True Grit"],"picked":"Corruption","floor":1.0},{"not_picked":["Headbutt","Entrench"],"picked":"Clothesline","floor":4.0},{"not_picked":["Metallicize","Body Slam","Flex"],"picked":"SKIP","floor":6},{"not_picked":["Metallicize","Sentinel"],"picked":"Iron Wave","floor":8},{"not_picked":["Thunderclap","Whirlwind"],"picked":"Cleave","floor":13},{"not_picked":["Pommel Strike","Wild Strike"],"picked":"Shrug It Off","floor":14}],"player_experience":533171,"relics_obtained":[{"floor":6,"key":"MawBank"},{"floor":8,"key":"Smiling Mask"}],"event_choices":[{"damage_healed":0.0,"max_hp_gain":0.0,"max_hp_loss":0.0,"gold_gain":0.0,"event_name":"Shining Light","player_choice":"Entered Light","floor":3.0,"gold_loss":0.0,"damage_taken":16.0,"cards_upgraded":["Strike_R","Strike_R"]},{"cards_removed":["Strike_R"],"damage_healed":0.0,"max_hp_gain":0.0,"max_hp_loss":0.0,"gold_gain":0.0,"event_name":"Golden Wing","player_choice":"Card Removal","floor":5.0,"gold_loss":0.0,"damage_taken":7.0},{"cards_removed":["Strike_R"],"damage_healed":0,"gold_gain":0,"player_choice":"Offered Basic","damage_taken":0,"max_hp_gain":0,"max_hp_loss":0,"event_name":"Bonfire Elementals","floor":11,"gold_loss":0}],"is_beta":false,"boss_relics":[],"items_purged_floors":[],"is_endless":false,"potions_floor_spawned":[1,14],"killed_by":"Hexaghost","ascension_level":2}