{"gold_per_floor":[17,32,42,117,133,160,160,173,173,191,191,211,211,222,222,327,327,338,217,235,4,17,45,45,59,86,86,185,185,185,198,198,302,302,312,322,18,64,64,64,91,91,91,104,119,119,37,54,54,54],"floor_reached":51,"playtime":2690,"items_purged":["Strike_B","Strike_B"],"score":726,"play_id":"221c99ce-36e1-4647-ab1e-af7a8481094e","local_time":"20181104115657","is_ascension_mode":false,"campfire_choices":[{"data":"Zap","floor":7.0,"key":"SMITH"},{"data":"Conserve Battery","floor":11.0,"key":"SMITH"},{"data":"Hologram","floor":13.0,"key":"SMITH"},{"data":"Leap","floor":15.0,"key":"SMITH"},{"data":"Auto Shields","floor":24.0,"key":"SMITH"},{"data":"Go for the Eyes","floor":30,"key":"SMITH"},{"data":"Cold Snap","floor":32,"key":"SMITH"},{"data":"Cold Snap","floor":40,"key":"SMITH"},{"data":"Coolheaded","floor":46,"key":"SMITH"},{"data":"FTL","floor":49,"key":"SMITH"}],"neow_cost":"NO_GOLD","seed_source_timestamp":80717157483293,"circlet_count":0,"master_deck":["Strike_B","Strike_B","Defend_B","Defend_B","Defend_B","Defend_B","Zap+1","Dualcast","Sweeping Beam","FTL+1","Hologram+1","Leap+1","Conserve Battery+1","Auto Shields+1","Defragment+1","Go for the Eyes+1","Buffer+1","Cold Snap+1","Coolheaded+1","Self Repair+1","Cold Snap+1","Necronomicurse","Core Surge","Chill+1","Skim+1","Hologram+1","Parasite","Buffer+1","Defragment+1","Barrage+1","Barrage+1"],"special_seed":0,"relics":["Cracked Core","Ancient Tea Set","Frozen Egg 2","Inserter","Pen Nib","Bag of Preparation","Necronomicon","Cursed Key","Prayer Wheel","Torii","Unceasing Top"],"potions_floor_usage":[50,50,50],"damage_taken":[{"damage":0.0,"enemies":"Cultist","floor":1.0,"turns":3.0},{"damage":2.0,"enemies":"2 Louse","floor":2.0,"turns":2.0},{"damage":0.0,"enemies":"Small Slimes","floor":3.0,"turns":2.0},{"damage":0.0,"enemies":"3 Louse","floor":5.0,"turns":2.0},{"damage":19.0,"enemies":"3 Sentries","floor":6.0,"turns":5.0},{"damage":5.0,"enemies":"Large Slime","floor":8.0,"turns":5.0},{"damage":0.0,"enemies":"Lots of Slimes","floor":10.0,"turns":1.0},{"damage":0.0,"enemies":"Blue Slaver","floor":12.0,"turns":3.0},{"damage":0.0,"enemies":"Exordium Wildlife","floor":14.0,"turns":4.0},{"damage":11.0,"enemies":"Hexaghost","floor":16.0,"turns":10.0},{"damage":5.0,"enemies":"2 Thieves","floor":18.0,"turns":5.0},{"damage":0.0,"enemies":"Spheric Guardian","floor":20.0,"turns":3.0},{"damage":8.0,"enemies":"Cultist and Chosen","floor":22.0,"turns":9.0},{"damage":26.0,"enemies":"Slavers","floor":23.0,"turns":8.0},{"damage":0.0,"enemies":"Snake Plant","floor":25.0,"turns":7.0},{"damage":0,"enemies":"Chosen and Byrds","floor":31,"turns":10},{"damage":20,"enemies":"Champ","floor":33,"turns":22},{"damage":0,"enemies":"Orb Walker","floor":35,"turns":5},{"damage":0,"enemies":"3 Darklings","floor":36,"turns":10},{"damage":14,"enemies":"2 Orb Walkers","floor":38,"turns":9},{"damage":0,"enemies":"Nemesis","floor":41,"turns":9},{"damage":12,"enemies":"Writhing Mass","floor":44,"turns":12},{"damage":0,"enemies":"4 Shapes","floor":45,"turns":10},{"damage":0,"enemies":"Maw","floor":48,"turns":11},{"damage":22,"enemies":"Time Eater","floor":50,"turns":14}],"seed_played":"6681163716041473206","potions_obtained":[{"floor":6.0,"key":"Energy Potion"},{"floor":12.0,"key":"FocusPotion"},{"floor":14.0,"key":"Fire Potion"},{"floor":18.0,"key":"PowerPotion"},{"floor":20.0,"key":"FocusPotion"},{"floor":35,"key":"Poison Potion"},{"floor":36,"key":"PowerPotion"}],"is_trial":false,"path_per_floor":["M","M","M","?","M","E","R","M","T","M","R","M","R","M","R","B",null,"M","$","M","$","M","E","R","M","T","$","?","?","R","M","R","B",null,"M","M","$","?","?","R","E","?","T","M","M","R","$","M","R","B",null],"character_chosen":"DEFECT","items_purchased":["Cold Snap","Self Repair+1","Cold Snap","Prayer Wheel","Defragment+1"],"campfire_rested":0,"item_purchase_floors":[19,21,21,37,47],"current_hp_per_floor":[89,87,87,76,76,57,57,52,52,52,52,52,52,52,52,41,89,84,84,84,84,86,70,70,80,80,80,80,64,64,74,74,64,89,89,89,89,85,85,85,85,85,85,83,85,85,85,85,85,73],"gold":54,"neow_bonus":"TWENTY_PERCENT_HP_BONUS","is_prod":false,"is_daily":false,"chose_seed":false,"campfire_upgraded":10,"win_rate":0,"timestamp":1541293017,"path_taken":["M","M","M","?","M","E","R","M","T","M","R","M","R","M","R","BOSS","M","$","M","$","M","E","R","M","T","$","?","?","R","M","R","BOSS","M","M","$","?","?","R","E","?","T","M","M","R","$","M","R","BOSS"],"build_version":"2018-11-02","purchased_purges":2,"victory":true,"max_hp_per_floor":[89,89,89,89,89,89,89,89,89,89,89,89,89,89,89,89,89,89,89,89,89,89,89,89,89,89,89,89,89,89,89,89,89,89,89,89,89,89,85,85,85,85,85,85,85,85,85,85,85,85],"card_choices":[{"not_picked":["Redo","Streamline"],"picked":"Sweeping Beam","floor":1.0},{"not_picked":["Barrage","Skim"],"picked":"FTL","floor":2.0},{"not_picked":["Streamline","Steam","Capacitor"],"picked":"SKIP","floor":3.0},{"not_picked":["Sweeping Beam","Heatsinks"],"picked":"Hologram","floor":5.0},{"not_picked":["Redo","Recycle"],"picked":"Leap","floor":6.0},{"not_picked":["Gash","Buffer"],"picked":"Conserve Battery","floor":8.0},{"not_picked":["BootSequence","Barrage"],"picked":"Auto Shields","floor":10.0},{"not_picked":["Rip and Tear","Doom and Gloom"],"picked":"Defragment+1","floor":12.0},{"not_picked":["Rebound","Tempest"],"picked":"Go for the Eyes","floor":14.0},{"not_picked":["Rainbow","Amplify"],"picked":"Buffer+1","floor":16.0},{"not_picked":["Rebound","Stack","Doom and Gloom"],"picked":"SKIP","floor":18.0},{"not_picked":["Stack","Thunder Strike"],"picked":"Coolheaded","floor":20.0},{"not_picked":["Ball Lightning","Stack","Redo+1"],"picked":"SKIP","floor":22.0},{"not_picked":["Beam Cell+1","Rip and Tear","Barrage"],"picked":"SKIP","floor":23.0},{"not_picked":["Chill","Turbo+1","Recycle+1"],"picked":"SKIP","floor":25.0},{"not_picked":["Streamline","Compile Driver","Static Discharge+1"],"picked":"SKIP","floor":31},{"not_picked":["Amplify","All For One"],"picked":"Core Surge","floor":33},{"not_picked":["Rebound+1","Lockon"],"picked":"Chill+1","floor":35},{"not_picked":["Sunder+1","Storm+1"],"picked":"Skim+1","floor":36},{"not_picked":["Undo+1","Gash+1"],"picked":"Hologram+1","floor":38},{"not_picked":["Streamline","Darkness+1","Ball Lightning+1"],"picked":"SKIP","floor":41},{"not_picked":["Redo","Sweeping Beam+1","Stack+1"],"picked":"SKIP","floor":44},{"not_picked":["Leap+1","Go for the Eyes+1","Redo"],"picked":"SKIP","floor":44},{"not_picked":["Hologram","Redo+1"],"picked":"Buffer+1","floor":45},{"not_picked":["Static Discharge+1","Cold Snap+1","Sweeping Beam"],"picked":"SKIP","floor":45},{"not_picked":["Sweeping Beam+1","Steam Power+1"],"picked":"Barrage+1","floor":48},{"not_picked":["Barrage+1","Recycle","Cold Snap"],"picked":"SKIP","floor":48},{"not_picked":["Recycle","Cold Snap"],"picked":"Barrage+1","floor":48}],"player_experience":411381,"relics_obtained":[{"floor":6.0,"key":"Ancient Tea Set"},{"floor":9.0,"key":"Frozen Egg 2"},{"floor":23.0,"key":"Pen Nib"},{"floor":26.0,"key":"Bag of Preparation"},{"floor":29.0,"key":"Necronomicon"},{"floor":38,"key":"Torii"},{"floor":41,"key":"Unceasing Top"}],"event_choices":[{"damage_healed":0.0,"max_hp_gain":0.0,"max_hp_loss":0.0,"gold_gain":75.0,"event_name":"World of Goop","player_choice":"Gather Gold","floor":4.0,"gold_loss":0.0,"damage_taken":11.0},{"damage_healed":0.0,"max_hp_gain":0.0,"max_hp_loss":0.0,"gold_gain":99.0,"event_name":"Nest","player_choice":"Stole From Cult","floor":28.0,"gold_loss":0.0,"damage_taken":0.0},{"damage_healed":0.0,"max_hp_gain":0.0,"max_hp_loss":0.0,"gold_gain":0.0,"event_name":"Cursed Tome","player_choice":"Obtained Book","floor":29.0,"gold_loss":0.0,"damage_taken":16.0},{"damage_healed":0,"gold_gain":0,"player_choice":"Fight","damage_taken":0,"max_hp_gain":0,"max_hp_loss":0,"event_name":"Mysterious Sphere","floor":38,"gold_loss":0},{"damage_healed":0,"gold_gain":0,"player_choice":"Max HP","damage_taken":0,"max_hp_gain":0,"max_hp_loss":4,"event_name":"Winding Halls","floor":39,"gold_loss":0},{"damage_healed":0,"gold_gain":0,"player_choice":"Ignored","damage_taken":0,"max_hp_gain":0,"max_hp_loss":0,"event_name":"Tomb of Lord Red Mask","floor":42,"gold_loss":0}],"is_beta":true,"boss_relics":[{"not_picked":["Tiny House","Eternal Feather"],"picked":"Inserter"},{"not_picked":["Orrery","Astrolabe"],"picked":"Cursed Key"}],"items_purged_floors":[19,21],"is_endless":false,"potions_floor_spawned":[6,12,14,18,20,35,36,41],"ascension_level":0}