{"gold_per_floor":[110,121,134,154,40,40,69,81,119,150,185,197,209,239,251,263],"floor_reached":16,"playtime":1184,"items_purged":["Strike_R"],"score":185,"play_id":"0218eb27-6faf-4cc1-bfac-b56add884052","local_time":"20190705172830","is_ascension_mode":true,"campfire_choices":[{"data":"Warcry","floor":6,"key":"SMITH"},{"floor":12,"key":"REST"},{"data":"Pommel Strike","floor":15,"key":"SMITH"}],"neow_cost":"NONE","seed_source_timestamp":98409567785193,"circlet_count":0,"master_deck":["Strike_R","Strike_R","Strike_R","Strike_R","Defend_R","Defend_R+1","Defend_R+1","Defend_R","Bash","Rampage","True Grit","Ghostly Armor","Warcry+1","Carnage","Impervious","Pommel Strike+1"],"relics":["Burning Blood","MawBank","Golden Idol","War Paint"],"potions_floor_usage":[16],"damage_taken":[{"damage":4,"enemies":"Small Slimes","floor":1,"turns":4},{"damage":4,"enemies":"Jaw Worm","floor":2,"turns":4},{"damage":3,"enemies":"2 Louse","floor":3,"turns":4},{"damage":22,"enemies":"Gremlin Gang","floor":4,"turns":7},{"damage":34,"enemies":"Lagavulin","floor":7,"turns":6},{"damage":0,"enemies":"2 Fungi Beasts","floor":10,"turns":4},{"damage":0,"enemies":"Red Slaver","floor":11,"turns":3},{"damage":3,"enemies":"Looter","floor":14,"turns":4}],"seed_played":"2560444055430797014","potions_obtained":[{"floor":3,"key":"SpeedPotion"},{"floor":4,"key":"Fire Potion"},{"floor":10,"key":"PowerPotion"}],"is_trial":false,"path_per_floor":["M","M","M","M","$","R","E","?","T","M","M","R","$","M","R","B"],"character_chosen":"IRONCLAD","items_purchased":["Carnage"],"campfire_rested":1,"item_purchase_floors":[5],"current_hp_per_floor":[88,88,88,72,72,72,44,22,22,28,34,60,60,63,63,0],"gold":263,"neow_bonus":"TEN_PERCENT_HP_BONUS","is_prod":false,"is_daily":false,"chose_seed":false,"campfire_upgraded":2,"win_rate":0,"timestamp":1562318910,"path_taken":["M","M","M","M","$","R","E","?","T","M","M","R","$","M","R","BOSS"],"build_version":"2019-07-01","purchased_purges":1,"victory":false,"max_hp_per_floor":[88,88,88,88,88,88,88,88,88,88,88,88,88,88,88,88],"card_choices":[{"not_picked":["Anger","Warcry"],"picked":"Rampage","floor":1},{"not_picked":["Searing Blow","Cleave"],"picked":"True Grit","floor":2},{"not_picked":["Flame Barrier","Clothesline"],"picked":"Ghostly Armor","floor":3},{"not_picked":["Reckless Charge","True Grit"],"picked":"Warcry","floor":4},{"not_picked":["Thunderclap","Wild Strike"],"picked":"Impervious","floor":7},{"not_picked":["Twin Strike","Wild Strike"],"picked":"Pommel Strike","floor":10},{"not_picked":["Perfected Strike","Dual Wield","Cleave"],"picked":"SKIP","floor":11},{"not_picked":["Thunderclap","Iron Wave","Body Slam"],"picked":"SKIP","floor":14}],"player_experience":179276,"relics_obtained":[{"floor":7,"key":"MawBank"},{"floor":9,"key":"War Paint"}],"event_choices":[{"damage_healed":0,"gold_gain":0,"player_choice":"Take Damage","damage_taken":22,"relics_obtained":["Golden Idol"],"max_hp_gain":0,"max_hp_loss":0,"event_name":"Golden Idol","floor":8,"gold_loss":0}],"is_beta":false,"boss_relics":[],"items_purged_floors":[5],"is_endless":false,"potions_floor_spawned":[3,4,10,11],"killed_by":"The Guardian","ascension_level":4}