{"gold_per_floor":[111,111,129,129,143,143,54,95,120,136,25,44,44,67,67,163,163,137,155,155,0,20,20,20,64,64,82,103,103,17,17,17,17],"floor_reached":33,"playtime":1793,"items_purged":["Bite"],"score":569,"play_id":"f1146f71-c7d7-40b8-925e-6134643333b4","local_time":"20190115163820","is_ascension_mode":true,"campfire_choices":[{"data":"Neutralize","floor":6,"key":"SMITH"},{"data":"Caltrops","floor":13,"key":"SMITH"},{"floor":15,"key":"REST"},{"floor":23,"key":"REST"},{"data":"Noxious Fumes","floor":29,"key":"SMITH"},{"floor":32,"key":"REST"}],"neow_cost":"NONE","seed_source_timestamp":174546781720050,"circlet_count":0,"master_deck":["AscendersBane","Defend_G","Defend_G","Defend_G","Defend_G","Defend_G","Survivor","Neutralize+1","Leg Sweep","Terror","Caltrops+1","Quick Slash","Predator","Unload","Well Laid Plans","Backstab","Backstab","After Image","Backstab+1","Bite","Bite","Bite","Noxious Fumes+1","Footwork","Deadly Poison+1","Dodge and Roll+1","Deflect+1","Cloak And Dagger+1"],"special_seed":0,"relics":["Ring of the Snake","Golden Idol","Lantern","Boot","Sozu","The Courier","Toxic Egg 2"],"potions_floor_usage":[10,16,25],"damage_taken":[{"damage":9.0,"enemies":"Small Slimes","floor":1.0,"turns":5.0},{"damage":7,"enemies":"Jaw Worm","floor":3,"turns":8},{"damage":0,"enemies":"Cultist","floor":5,"turns":4},{"damage":24,"enemies":"Gremlin Nob","floor":8,"turns":4},{"damage":0,"enemies":"Gremlin Gang","floor":10,"turns":6},{"damage":0,"enemies":"Exordium Wildlife","floor":12,"turns":3},{"damage":0,"enemies":"Looter","floor":14,"turns":3},{"damage":18,"enemies":"The Guardian","floor":16,"turns":12},{"damage":17,"enemies":"2 Thieves","floor":18,"turns":4},{"damage":16,"enemies":"Chosen","floor":19,"turns":5},{"damage":20,"enemies":"Snake Plant","floor":22,"turns":4},{"damage":0,"enemies":"Gremlin Leader","floor":25,"turns":6},{"damage":22,"enemies":"Centurion and Healer","floor":27,"turns":6},{"damage":13,"enemies":"3 Cultists","floor":28,"turns":5},{"damage":59,"enemies":"Collector","floor":33,"turns":7}],"seed_played":"5642120567714871192","potions_obtained":[{"floor":1.0,"key":"Poison Potion"},{"floor":3,"key":"Strength Potion"},{"floor":12,"key":"SkillPotion"},{"floor":16,"key":"GhostInAJar"}],"is_trial":false,"path_per_floor":["M","?","M","?","M","R","$","E","T","M","$","M","R","M","R","B",null,"M","M","?","$","M","R","?","E","T","M","M","R","$","?","R","B"],"character_chosen":"THE_SILENT","items_purchased":["Predator","Well Laid Plans","Backstab","Noxious Fumes","Deflect+1","Cloak And Dagger+1"],"campfire_rested":3,"item_purchase_floors":[7,11,11,21,30,30],"current_hp_per_floor":[56,56,49,49,49,49,49,25,25,25,25,25,25,25,44,26,55,38,22,22,22,8,21,21,33,33,21,16,16,16,16,29,0],"gold":17,"neow_bonus":"TEN_PERCENT_HP_BONUS","is_prod":false,"is_daily":false,"chose_seed":false,"campfire_upgraded":3,"win_rate":0,"timestamp":1547530700,"path_taken":["M","?","M","?","M","R","?","E","T","?","$","M","R","?","R","BOSS","M","M","?","$","M","R","?","E","T","M","M","R","$","?","R","BOSS"],"build_version":"2019-01-10","purchased_purges":1,"victory":false,"max_hp_per_floor":[72,72,72,65,65,65,65,65,65,65,65,65,65,65,65,65,65,65,65,45,45,45,45,45,45,45,45,45,45,45,45,45,45],"card_choices":[{"not_picked":["Distraction","Flying Knee"],"picked":"Leg Sweep","floor":1.0},{"not_picked":["PiercingWail","Tactician"],"picked":"Caltrops","floor":3},{"not_picked":["Finisher","Outmaneuver"],"picked":"Quick Slash","floor":5},{"not_picked":["Quick Slash","Bane","Slice"],"picked":"SKIP","floor":8},{"not_picked":["Underhanded Strike","Calculated Gamble"],"picked":"Unload","floor":10},{"not_picked":["Calculated Gamble","Deadly Poison","Prepared"],"picked":"SKIP","floor":12},{"not_picked":["Catalyst","Sucker Punch"],"picked":"Backstab","floor":14},{"not_picked":["A Thousand Cuts","Adrenaline"],"picked":"After Image","floor":16},{"not_picked":["Well Laid Plans","Blade Dance","Slice"],"picked":"SKIP","floor":18},{"not_picked":["Heel Hook","Tactician"],"picked":"Backstab+1","floor":19},{"not_picked":["Leg Sweep","Deflect"],"picked":"Footwork","floor":22},{"not_picked":["Cloak And Dagger","Outmaneuver","Prepared"],"picked":"SKIP","floor":25},{"not_picked":["Prepared+1","Dagger Throw"],"picked":"Deadly Poison+1","floor":27},{"not_picked":["Wraith Form v2","Skewer+1"],"picked":"Dodge and Roll+1","floor":28}],"player_experience":558484,"relics_obtained":[{"floor":8,"key":"Lantern"},{"floor":9,"key":"Boot"},{"floor":25,"key":"The Courier"},{"floor":26,"key":"Toxic Egg 2"}],"event_choices":[{"damage_healed":0,"gold_gain":0,"cards_transformed":["Strike_G"],"player_choice":"Change","damage_taken":0,"max_hp_gain":0,"max_hp_loss":0,"event_name":"Living Wall","floor":2,"gold_loss":0,"cards_obtained":["Terror"]},{"damage_healed":0,"gold_gain":0,"player_choice":"Lose Max HP","damage_taken":0,"relics_obtained":["Golden Idol"],"max_hp_gain":0,"max_hp_loss":7,"event_name":"Golden Idol","floor":4,"gold_loss":0},{"damage_healed":0,"gold_gain":0,"player_choice":"Became a vampire","damage_taken":0,"max_hp_gain":0,"max_hp_loss":20,"event_name":"Vampires","floor":20,"gold_loss":0,"cards_obtained":["Bite","Bite","Bite","Bite","Bite"]},{"cards_removed":["Bite"],"damage_healed":0,"gold_gain":0,"player_choice":"Elegance","damage_taken":0,"max_hp_gain":0,"max_hp_loss":0,"event_name":"Back to Basics","floor":24,"gold_loss":0},{"damage_healed":0,"gold_gain":0,"player_choice":"Got Potions","damage_taken":0,"max_hp_gain":0,"max_hp_loss":0,"event_name":"Lab","floor":31,"gold_loss":0}],"is_beta":false,"boss_relics":[{"not_picked":["Cursed Key","Runic Dome"],"picked":"Sozu"}],"items_purged_floors":[21],"is_endless":false,"potions_floor_spawned":[1,3,12,16,22,25,28],"killed_by":"Collector","ascension_level":19}