{"gold_per_floor":[114,133,133,208,59,93,93,124,124,457,457,457,490,504,504,504],"floor_reached":16,"playtime":467,"items_purged":[],"score":294,"play_id":"d1b1fbf9-6790-4877-a4d7-667569bfd815","local_time":"20190625210229","is_ascension_mode":true,"campfire_choices":[{"data":"Neutralize","floor":7.0,"key":"SMITH"},{"floor":11.0,"key":"REST"},{"floor":15.0,"key":"REST"}],"neow_cost":"NONE","seed_source_timestamp":301674179027462,"circlet_count":0,"master_deck":["AscendersBane","Defend_G","Defend_G","Defend_G","Defend_G","Defend_G","Strike_G","Strike_G","Strike_G","Strike_G","Strike_G","Survivor","Neutralize+1","All Out Attack","Poisoned Stab","Dagger Spray","Deadly Poison","Well Laid Plans","Bane","Glass Knife","Backflip"],"special_seed":0,"relics":["Ring of the Snake","NeowsBlessing","Torii","Omamori","Ornamental Fan","Old Coin","Boot"],"potions_floor_usage":[16,16],"damage_taken":[{"damage":0.0,"enemies":"Jaw Worm","floor":1.0,"turns":1.0},{"damage":0.0,"enemies":"2 Louse","floor":2.0,"turns":1.0},{"damage":0.0,"enemies":"Lagavulin","floor":6.0,"turns":1.0},{"damage":12.0,"enemies":"3 Sentries","floor":8.0,"turns":5.0},{"damage":19.0,"enemies":"Gremlin Nob","floor":10.0,"turns":4.0},{"damage":19.0,"enemies":"Lagavulin","floor":13.0,"turns":6.0},{"damage":0.0,"enemies":"Small Slimes","floor":14.0,"turns":2.0},{"damage":38,"enemies":"Slime Boss","floor":16,"turns":6}],"seed_played":"2597406944614489386","potions_obtained":[{"floor":2.0,"key":"Ancient Potion"},{"floor":8.0,"key":"Weak Potion"},{"floor":10.0,"key":"Swift Potion"},{"floor":14.0,"key":"Strength Potion"}],"is_trial":false,"path_per_floor":["M","M","?","?","$","E","R","E","T","E","R","?","E","M","R","B"],"character_chosen":"THE_SILENT","items_purchased":["Dagger Spray","Deadly Poison","Well Laid Plans"],"campfire_rested":2,"item_purchase_floors":[5,5,5],"current_hp_per_floor":[59,59,59,48,48,48,48,36,36,17,36,36,17,17,36,0],"gold":504,"neow_bonus":"THREE_ENEMY_KILL","is_prod":false,"is_daily":false,"chose_seed":false,"campfire_upgraded":1,"win_rate":0,"timestamp":1561460549,"path_taken":["M","M","?","?","$","E","R","E","T","E","R","?","E","M","R","BOSS"],"build_version":"2019-01-23","purchased_purges":0,"victory":false,"max_hp_per_floor":[66,66,66,66,66,66,66,66,66,66,66,66,66,66,66,66],"card_choices":[{"not_picked":["Dodge and Roll","Sucker Punch"],"picked":"All Out Attack","floor":1.0},{"not_picked":["Deflect","Dodge and Roll"],"picked":"Poisoned Stab","floor":2.0},{"not_picked":["Underhanded Strike","Distraction"],"picked":"Bane","floor":6.0},{"not_picked":["Sucker Punch","Bouncing Flask","Flying Knee"],"picked":"SKIP","floor":8.0},{"not_picked":["Underhanded Strike","Expertise","Tactician"],"picked":"SKIP","floor":10.0},{"not_picked":["Outmaneuver","Setup"],"picked":"Glass Knife","floor":13.0},{"not_picked":["Dagger Spray","Dagger Throw"],"picked":"Backflip","floor":14.0}],"player_experience":586378,"relics_obtained":[{"floor":6.0,"key":"Torii"},{"floor":8.0,"key":"Omamori"},{"floor":9.0,"key":"Ornamental Fan"},{"floor":10.0,"key":"Old Coin"},{"floor":13.0,"key":"Boot"}],"event_choices":[{"damage_healed":0.0,"max_hp_gain":0.0,"max_hp_loss":0.0,"gold_gain":0.0,"event_name":"The Cleric","player_choice":"Leave","floor":3.0,"gold_loss":0.0,"damage_taken":0.0},{"damage_healed":0.0,"max_hp_gain":0.0,"max_hp_loss":0.0,"gold_gain":75.0,"event_name":"World of Goop","player_choice":"Gather Gold","floor":4.0,"gold_loss":0.0,"damage_taken":11.0},{"damage_healed":0.0,"max_hp_gain":0.0,"max_hp_loss":0.0,"gold_gain":0.0,"event_name":"Scrap Ooze","player_choice":"Fled","floor":12.0,"gold_loss":0.0,"damage_taken":0.0}],"is_beta":false,"boss_relics":[],"items_purged_floors":[],"is_endless":false,"potions_floor_spawned":[2,8,10,14],"killed_by":"Slime Boss","ascension_level":19}