{"gold_per_floor":[116,134,134,134,145,178,188,188],"floor_reached":8,"playtime":531,"items_purged":[],"score":64,"play_id":"9d40e496-a703-4a92-992c-9189570e7c72","local_time":"20190712123009","is_ascension_mode":true,"campfire_choices":[],"neow_cost":"NONE","seed_source_timestamp":179660305095742,"circlet_count":0,"master_deck":["Strike_R","Strike_R","Strike_R","Strike_R","Strike_R","Defend_R","Defend_R","Defend_R","Defend_R","Bash","Double Tap","Perfected Strike","Hemokinesis","Shrug It Off","Headbutt"],"relics":["Burning Blood","Frozen Egg 2","Bottled Flame"],"potions_floor_usage":[6,8],"damage_taken":[{"damage":7,"enemies":"2 Louse","floor":1,"turns":2},{"damage":4,"enemies":"Small Slimes","floor":2,"turns":3},{"damage":12,"enemies":"Jaw Worm","floor":5,"turns":3},{"damage":30,"enemies":"3 Sentries","floor":6,"turns":8},{"damage":6,"enemies":"Looter","floor":7,"turns":3},{"damage":34,"enemies":"Lagavulin","floor":8,"turns":8}],"seed_played":"9047477377421504287","potions_obtained":[{"floor":5,"key":"Block Potion"},{"floor":7,"key":"Weak Potion"}],"is_trial":false,"path_per_floor":["M","M","?","?","M","E","M","E"],"character_chosen":"IRONCLAD","items_purchased":[],"campfire_rested":0,"item_purchase_floors":[],"current_hp_per_floor":[79,80,80,62,56,32,32,0],"gold":188,"neow_bonus":"ONE_RANDOM_RARE_CARD","is_prod":false,"is_daily":false,"chose_seed":false,"campfire_upgraded":0,"win_rate":0,"timestamp":1562949009,"path_taken":["M","M","?","?","M","E","M","E"],"build_version":"2019-07-05","purchased_purges":0,"victory":false,"max_hp_per_floor":[80,80,80,80,80,80,80,80],"card_choices":[{"not_picked":["Pummel","Entrench"],"picked":"Perfected Strike","floor":1},{"not_picked":["Twin Strike","Wild Strike","Burning Pact"],"picked":"SKIP","floor":2},{"not_picked":["Sword Boomerang","Body Slam"],"picked":"Hemokinesis","floor":5},{"not_picked":["Flex","Dark Embrace+1"],"picked":"Shrug It Off","floor":6},{"not_picked":["Body Slam","Sever Soul"],"picked":"Headbutt","floor":7}],"player_experience":99904,"relics_obtained":[{"floor":6,"key":"Bottled Flame"}],"event_choices":[{"damage_healed":0,"gold_gain":0,"player_choice":"Ignored","damage_taken":0,"max_hp_gain":0,"max_hp_loss":0,"event_name":"Liars Game","floor":3,"gold_loss":0},{"damage_healed":0,"gold_gain":0,"player_choice":"Success","damage_taken":18,"relics_obtained":["Frozen Egg 2"],"max_hp_gain":0,"max_hp_loss":0,"event_name":"Scrap Ooze","floor":4,"gold_loss":0}],"is_beta":false,"boss_relics":[],"items_purged_floors":[],"is_endless":false,"potions_floor_spawned":[5,7],"killed_by":"Lagavulin","ascension_level":2}