{"gold_per_floor":[115,126,72,83,83,83,102,5,5,20,20,33,62,80,80,80],"floor_reached":16,"playtime":796,"items_purged":["Defend_R"],"score":104,"play_id":"042177c6-a747-4477-9ab8-db0f105fb89b","local_time":"20181102205806","is_ascension_mode":false,"campfire_choices":[{"data":"Uppercut","floor":6,"key":"SMITH"},{"data":"True Grit","floor":11,"key":"SMITH"},{"data":"Armaments","floor":15,"key":"SMITH"}],"neow_cost":"NONE","seed_source_timestamp":0,"circlet_count":0,"master_deck":["Strike_R","Strike_R","Strike_R","Strike_R","Defend_R","Defend_R","Defend_R","Bash","Iron Wave","Uppercut+1","Shrug It Off","Pommel Strike","Headbutt","True Grit+1","Shrug It Off","Feel No Pain","Armaments+1"],"special_seed":0,"relics":["Burning Blood","Turnip","WingedGreaves"],"potions_floor_usage":[],"damage_taken":[{"damage":6,"enemies":"Cultist","floor":1,"turns":3},{"damage":0,"enemies":"2 Louse","floor":2,"turns":3},{"damage":0,"enemies":"Small Slimes","floor":4,"turns":3},{"damage":3,"enemies":"Red Slaver","floor":7,"turns":5},{"damage":10,"enemies":"2 Fungi Beasts","floor":10,"turns":3},{"damage":10,"enemies":"3 Louse","floor":12,"turns":3},{"damage":11,"enemies":"3 Sentries","floor":13,"turns":8},{"damage":23,"enemies":"Exordium Thugs","floor":14,"turns":8},{"damage":58,"enemies":"Hexaghost","floor":16,"turns":14}],"seed_played":"-5900761121348505297","potions_obtained":[{"floor":1,"key":"LiquidBronze"},{"floor":7,"key":"SpeedPotion"},{"floor":13,"key":"Poison Potion"}],"is_trial":false,"path_per_floor":["M","M","$","M","?","R","M","$","T","M","R","M","E","M","R","B"],"character_chosen":"IRONCLAD","items_purchased":["Shrug It Off","True Grit"],"campfire_rested":0,"item_purchase_floors":[3,8],"current_hp_per_floor":[88,88,88,88,81,81,84,84,84,80,80,76,71,54,54,0],"gold":80,"neow_bonus":"TEN_PERCENT_HP_BONUS","is_prod":false,"is_daily":false,"chose_seed":false,"campfire_upgraded":3,"win_rate":0,"timestamp":1541152686,"path_taken":["M","M","$","M","?","R","M","$","T","M","R","M","E","M","R","BOSS"],"build_version":"2018-11-01v2","purchased_purges":1,"victory":false,"max_hp_per_floor":[88,88,88,88,88,88,88,88,88,88,88,88,88,88,88,88],"card_choices":[{"not_picked":["Ghostly Armor","Clothesline"],"picked":"Iron Wave","floor":1},{"not_picked":["Body Slam","Havoc"],"picked":"Uppercut","floor":2},{"not_picked":["Thunderclap","Dual Wield"],"picked":"Pommel Strike","floor":4},{"not_picked":["Wild Strike","Second Wind"],"picked":"Headbutt","floor":7},{"not_picked":["Headbutt","Warcry","True Grit"],"picked":"SKIP","floor":10},{"not_picked":["Pummel","Burning Pact"],"picked":"Shrug It Off","floor":12},{"not_picked":["Reaper","Headbutt"],"picked":"Feel No Pain","floor":13},{"not_picked":["Thunderclap","Battle Trance"],"picked":"Armaments","floor":14}],"player_experience":406232,"relics_obtained":[{"floor":9,"key":"Turnip"},{"floor":13,"key":"WingedGreaves"}],"event_choices":[{"cards_removed":["Strike_R"],"damage_healed":0,"gold_gain":0,"player_choice":"Card Removal","damage_taken":7,"max_hp_gain":0,"max_hp_loss":0,"event_name":"Golden Wing","floor":5,"gold_loss":0}],"is_beta":true,"boss_relics":[],"items_purged_floors":[8],"is_endless":false,"potions_floor_spawned":[1,7,13],"killed_by":"Hexaghost","ascension_level":0}