{"gold_per_floor":[114,132,144,66,7,7,26,44,44,63,83,102,127,127,127,228,228,228,228,228,143,143,143,68,68,68,68,68,68,68,68,68,68,68,68,68,68,68,68,68,68,0,0,0,0,0,0,0,0,0],"floor_reached":51,"playtime":4238,"items_purged":["Writhe"],"score":676,"play_id":"ad86010a-1416-401f-85e3-0bb29613b7c6","local_time":"20190709204858","is_ascension_mode":false,"campfire_choices":[{"data":"Rampage","floor":6,"key":"SMITH"},{"floor":15,"key":"REST"},{"floor":23,"key":"REST"},{"data":"Barricade","floor":29,"key":"SMITH"},{"floor":32,"key":"REST"},{"data":"Normality","floor":40,"key":"PURGE"},{"data":"Normality","floor":45,"key":"PURGE"},{"floor":47,"key":"REST"},{"data":"Mind Blast","floor":49,"key":"SMITH"}],"neow_cost":"NONE","seed_source_timestamp":458574296301311,"circlet_count":0,"master_deck":["Strike_R","Strike_R","Defend_R","Defend_R","Defend_R","Defend_R","Bash","Anger","Body Slam","Rampage+1","Pommel Strike","Battle Trance","Battle Trance","Barricade+1","Twin Strike","Metallicize","Iron Wave","Shrug It Off","Bludgeon","Entrench","Clothesline","Armaments+1","Feed","Body Slam","Armaments","Juggernaut","Entrench+1","Rage+1","Sever Soul+1","Shrug It Off+1","Iron Wave+1","Combust+1","Armaments","Cleave+1","Mind Blast+1"],"relics":["Burning Blood","Peace Pipe","Torii","Odd Mushroom","Matryoshka","Ectoplasm","Darkstone Periapt","Anchor","MutagenicStrength","Self Forming Clay","MawBank","Astrolabe","Bag of Preparation","Dodecahedron","Red Mask","Letter Opener"],"potions_floor_usage":[33],"damage_taken":[{"damage":10,"enemies":"Small Slimes","floor":1,"turns":3},{"damage":0,"enemies":"Cultist","floor":2,"turns":3},{"damage":0,"enemies":"2 Louse","floor":3,"turns":3},{"damage":12,"enemies":"Blue Slaver","floor":7,"turns":2},{"damage":6,"enemies":"3 Louse","floor":8,"turns":4},{"damage":16,"enemies":"Large Slime","floor":10,"turns":6},{"damage":36,"enemies":"The Mushroom Lair","floor":11,"turns":6},{"damage":10,"enemies":"Blue Slaver","floor":12,"turns":3},{"damage":23,"enemies":"Lagavulin","floor":13,"turns":6},{"damage":14,"enemies":"Hexaghost","floor":16,"turns":13},{"damage":13,"enemies":"3 Byrds","floor":18,"turns":7},{"damage":2,"enemies":"Chosen","floor":19,"turns":5},{"damage":38,"enemies":"Centurion and Healer","floor":20,"turns":9},{"damage":5,"enemies":"Snake Plant","floor":27,"turns":9},{"damage":1,"enemies":"Cultist and Chosen","floor":30,"turns":8},{"damage":22,"enemies":"3 Cultists","floor":31,"turns":6},{"damage":17,"enemies":"Automaton","floor":33,"turns":15},{"damage":9,"enemies":"3 Shapes","floor":35,"turns":5},{"damage":2,"enemies":"Orb Walker","floor":37,"turns":6},{"damage":3,"enemies":"Sphere and 2 Shapes","floor":38,"turns":11},{"damage":29,"enemies":"Spire Growth","floor":41,"turns":5},{"damage":2,"enemies":"Maw","floor":44,"turns":6},{"damage":50,"enemies":"Donu and Deca","floor":50,"turns":10}],"seed_played":"341883198838078380","potions_obtained":[{"floor":8,"key":"FearPotion"},{"floor":11,"key":"Explosive Potion"},{"floor":12,"key":"AttackPotion"},{"floor":18,"key":"BloodPotion"},{"floor":27,"key":"Block Potion"},{"floor":35,"key":"Swift Potion"},{"floor":37,"key":"Ancient Potion"}],"is_trial":false,"path_per_floor":["M","M","M","$","?","R","M","M","T","M","?","M","E","?","R","B",null,"M","M","M","?","?","R","$","?","T","M","$","R","M","M","R","B",null,"M","T","M","M","?","R","M","?","T","M","R","$","R","?","R","B",null],"character_chosen":"IRONCLAD","items_purchased":["Battle Trance"],"campfire_rested":4,"item_purchase_floors":[4],"current_hp_per_floor":[76,80,80,80,80,80,74,74,74,64,34,30,13,13,37,29,80,73,77,45,45,51,76,76,76,76,77,77,77,82,69,89,78,89,86,86,89,93,105,105,82,82,82,86,86,86,105,105,105,61],"gold":0,"neow_bonus":"THREE_CARDS","is_prod":false,"is_daily":false,"chose_seed":false,"campfire_upgraded":3,"win_rate":0.0,"timestamp":1562719738,"path_taken":["M","M","M","$","?","R","?","M","T","M","?","M","E","?","R","BOSS","M","M","M","?","?","R","$","?","T","M","?","R","M","M","R","BOSS","M","?","M","M","?","R","M","?","T","M","R","?","R","?","R","BOSS"],"build_version":"2019-07-05","purchased_purges":1,"victory":true,"max_hp_per_floor":[80,80,80,80,80,80,80,80,80,80,80,80,80,80,80,80,80,80,80,80,80,86,86,86,86,86,86,86,86,86,89,89,89,89,89,89,89,93,105,105,105,105,105,105,105,105,105,105,105,105],"card_choices":[{"not_picked":["Twin Strike","Clash"],"picked":"Anger","floor":0},{"not_picked":["Sword Boomerang","Warcry"],"picked":"Body Slam","floor":1},{"not_picked":["Clash","Flex"],"picked":"Rampage","floor":2},{"not_picked":["Warcry","Perfected Strike"],"picked":"Pommel Strike","floor":3},{"not_picked":["Warcry","Rupture"],"picked":"Battle Trance","floor":7},{"not_picked":["Perfected Strike","True Grit"],"picked":"Barricade","floor":8},{"not_picked":["Corruption","Dual Wield"],"picked":"Twin Strike","floor":10},{"not_picked":["Body Slam","Headbutt"],"picked":"Metallicize","floor":11},{"not_picked":["Rampage","Twin Strike"],"picked":"Iron Wave","floor":12},{"not_picked":["Heavy Blade","Feed"],"picked":"Shrug It Off","floor":13},{"not_picked":["Fiend Fire","Berserk"],"picked":"Bludgeon","floor":16},{"not_picked":["Cleave","Power Through"],"picked":"Entrench","floor":18},{"not_picked":["Flex","Reckless Charge+1"],"picked":"Clothesline","floor":19},{"not_picked":["Infernal Blade","Pummel+1"],"picked":"Armaments+1","floor":20},{"not_picked":["Heavy Blade","Clash"],"picked":"Feed","floor":27},{"not_picked":["Sword Boomerang","Shockwave"],"picked":"Body Slam","floor":30},{"not_picked":["Twin Strike+1","Rupture+1"],"picked":"Armaments","floor":31},{"not_picked":["Berserk","Fiend Fire"],"picked":"Juggernaut","floor":33},{"not_picked":["Burning Pact+1","Second Wind"],"picked":"Shrug It Off+1","floor":35},{"not_picked":["Flex+1","Power Through"],"picked":"Iron Wave+1","floor":37},{"not_picked":["Carnage","Headbutt"],"picked":"Combust+1","floor":38},{"not_picked":["Flex","Heavy Blade"],"picked":"Armaments","floor":41},{"not_picked":["Twin Strike+1","Seeing Red"],"picked":"Cleave+1","floor":44},{"not_picked":["Violence","Discovery"],"picked":"Mind Blast","floor":48}],"player_experience":14904,"relics_obtained":[{"floor":9,"key":"Torii"},{"floor":11,"key":"Odd Mushroom"},{"floor":13,"key":"Matryoshka"},{"floor":26,"key":"Self Forming Clay"},{"floor":26,"key":"MawBank"},{"floor":36,"key":"Bag of Preparation"},{"floor":36,"key":"Dodecahedron"},{"floor":43,"key":"Letter Opener"}],"event_choices":[{"damage_healed":0,"gold_gain":0,"player_choice":"Paid Gold","damage_taken":0,"relics_obtained":["Peace Pipe"],"max_hp_gain":0,"max_hp_loss":0,"event_name":"WeMeetAgain","floor":5,"gold_loss":59},{"damage_healed":0,"gold_gain":0,"player_choice":"Fought Mushrooms","damage_taken":0,"max_hp_gain":0,"max_hp_loss":0,"event_name":"Mushrooms","floor":11,"gold_loss":0},{"damage_healed":0,"gold_gain":0,"player_choice":"Fled","damage_taken":0,"max_hp_gain":0,"max_hp_loss":0,"event_name":"Scrap Ooze","floor":14,"gold_loss":0},{"damage_healed":0,"gold_gain":0,"player_choice":"Obtained Relic","damage_taken":0,"relics_obtained":["Darkstone Periapt"],"max_hp_gain":0,"max_hp_loss":0,"event_name":"Addict","floor":21,"gold_loss":85},{"damage_healed":0,"gold_gain":0,"player_choice":"Opened","damage_taken":0,"relics_obtained":["Anchor"],"max_hp_gain":0,"max_hp_loss":0,"event_name":"The Mausoleum","floor":22,"gold_loss":0,"cards_obtained":["Writhe"]},{"damage_healed":0,"gold_gain":0,"player_choice":"Inject Mutagens","damage_taken":0,"relics_obtained":["MutagenicStrength"],"max_hp_gain":0,"max_hp_loss":0,"event_name":"Drug Dealer","floor":25,"gold_loss":0},{"damage_healed":0,"gold_gain":999,"player_choice":"Gold","damage_taken":0,"max_hp_gain":0,"max_hp_loss":0,"event_name":"MindBloom","floor":39,"gold_loss":0,"cards_obtained":["Normality","Normality"]},{"damage_healed":0,"gold_gain":0,"player_choice":"Paid","damage_taken":0,"relics_obtained":["Red Mask"],"max_hp_gain":0,"max_hp_loss":0,"event_name":"Tomb of Lord Red Mask","floor":42,"gold_loss":68},{"damage_healed":0,"gold_gain":0,"player_choice":"Memory 1","damage_taken":0,"max_hp_gain":0,"max_hp_loss":0,"event_name":"SensoryStone","floor":48,"gold_loss":0}],"is_beta":false,"boss_relics":[{"not_picked":["Black Blood","Philosopher\u0027s Stone"],"picked":"Ectoplasm"},{"not_picked":["Coffee Dripper","Cursed Key"],"picked":"Astrolabe"}],"items_purged_floors":[24],"is_endless":false,"potions_floor_spawned":[8,11,12,18,27,35,37],"ascension_level":0}