{"gold_per_floor":[109,109,109,123,123,123,148,164,164,179,214,239,239,34,34,154,154,139,139,153,153,103,103,123,123,200,200,218,218],"floor_reached":29,"playtime":1379,"items_purged":["Strike_B"],"score":225,"play_id":"45c50fc5-d96c-496a-81cc-5cf50ef8c2d6","local_time":"20190605202944","is_ascension_mode":false,"campfire_choices":[{"data":"Dualcast","floor":6,"key":"SMITH"},{"data":"Rainbow","floor":15,"key":"SMITH"},{"data":"Creative AI","floor":23,"key":"SMITH"},{"data":"Coolheaded","floor":25,"key":"SMITH"},{"floor":27,"key":"REST"}],"neow_cost":"NONE","seed_source_timestamp":293090839620641,"circlet_count":0,"master_deck":["Strike_B","Strike_B","Strike_B","Defend_B","Defend_B","Defend_B","Defend_B","Zap+1","Dualcast+1","Coolheaded+1","Leap","Go for the Eyes","Rainbow+1","Melter","Cold Snap","Core Surge","Creative AI+1","Cold Snap+1","Rebound","Sweeping Beam+1"],"relics":["Cracked Core","Golden Idol","Blue Candle","Smiling Mask","Gremlin Horn","Runic Capacitor","Inserter","Nilry\u0027s Codex","Frozen Egg 2","Shuriken"],"potions_floor_usage":[11,18,20,24,24],"damage_taken":[{"damage":6,"enemies":"Jaw Worm","floor":1,"turns":4},{"damage":4,"enemies":"Small Slimes","floor":4,"turns":3},{"damage":0,"enemies":"2 Louse","floor":7,"turns":2},{"damage":0,"enemies":"Looter","floor":8,"turns":3},{"damage":9,"enemies":"Exordium Wildlife","floor":10,"turns":4},{"damage":12,"enemies":"Gremlin Nob","floor":11,"turns":3},{"damage":0,"enemies":"2 Fungi Beasts","floor":12,"turns":3},{"damage":26,"enemies":"The Guardian","floor":16,"turns":10},{"damage":18,"enemies":"2 Thieves","floor":18,"turns":4},{"damage":19,"enemies":"Shell Parasite","floor":20,"turns":5},{"damage":21,"enemies":"3 Cultists","floor":24,"turns":7},{"damage":25,"enemies":"Chosen and Byrds","floor":28,"turns":6},{"damage":8,"enemies":"Centurion and Healer","floor":29,"turns":8}],"seed_played":"2227062910092256486","potions_obtained":[{"floor":1,"key":"Explosive Potion"},{"floor":8,"key":"Poison Potion"},{"floor":16,"key":"EssenceOfSteel"},{"floor":18,"key":"Regen Potion"},{"floor":20,"key":"SpeedPotion"}],"is_trial":false,"path_per_floor":["M","?","?","M","?","R","M","M","T","M","E","M","T","$","R","B",null,"M","?","M","?","$","R","M","R","T","R","M","M"],"character_chosen":"DEFECT","items_purchased":["Runic Capacitor"],"campfire_rested":1,"item_purchase_floors":[14],"current_hp_per_floor":[76,76,76,72,72,72,72,72,72,63,51,51,51,51,51,25,76,58,42,32,32,32,32,11,11,11,33,8,0],"gold":218,"neow_bonus":"TEN_PERCENT_HP_BONUS","is_prod":false,"is_daily":false,"chose_seed":false,"campfire_upgraded":4,"win_rate":0,"timestamp":1559730584,"path_taken":["M","?","?","M","?","R","M","M","T","M","E","M","?","$","R","BOSS","M","?","M","?","$","R","M","R","T","R","M","M"],"build_version":"2019-01-23","purchased_purges":1,"victory":false,"max_hp_per_floor":[82,76,76,76,76,76,76,76,76,76,76,76,76,76,76,76,76,76,76,76,76,76,76,76,76,76,76,76,76],"card_choices":[{"not_picked":["Consume","Compile Driver"],"picked":"Coolheaded","floor":1},{"not_picked":["Barrage","Stack"],"picked":"Leap","floor":4},{"not_picked":["Static Discharge","Steam"],"picked":"Go for the Eyes","floor":7},{"not_picked":["Undo","Skim"],"picked":"Rainbow","floor":8},{"not_picked":["Scrape","Redo"],"picked":"Melter","floor":10},{"not_picked":["Streamline","Go for the Eyes"],"picked":"Cold Snap","floor":11},{"not_picked":["Turbo","Conserve Battery"],"picked":"Core Surge","floor":12},{"not_picked":["Thunder Strike","Multi-Cast"],"picked":"Creative AI","floor":16},{"not_picked":["Turbo","Reprogram"],"picked":"Cold Snap+1","floor":18},{"not_picked":["Undo","Streamline"],"picked":"Rebound","floor":20},{"not_picked":["Recycle","Streamline"],"picked":"Sweeping Beam+1","floor":24},{"not_picked":["Cold Snap","Thunder Strike","Reprogram"],"picked":"SKIP","floor":28}],"player_experience":579175,"relics_obtained":[{"floor":9,"key":"Blue Candle"},{"floor":11,"key":"Smiling Mask"},{"floor":13,"key":"Gremlin Horn"},{"floor":19,"key":"Nilry\u0027s Codex"},{"floor":26,"key":"Shuriken"}],"event_choices":[{"damage_healed":0,"gold_gain":0,"player_choice":"Lose Max HP","damage_taken":0,"relics_obtained":["Golden Idol"],"max_hp_gain":0,"max_hp_loss":6,"event_name":"Golden Idol","floor":2,"gold_loss":0},{"damage_healed":0,"gold_gain":0,"player_choice":"Ignored","damage_taken":0,"max_hp_gain":0,"max_hp_loss":0,"event_name":"Liars Game","floor":3,"gold_loss":0},{"damage_healed":0,"gold_gain":0,"player_choice":"Grow","damage_taken":0,"max_hp_gain":0,"max_hp_loss":0,"event_name":"Living Wall","floor":5,"gold_loss":0,"cards_upgraded":["Zap"]},{"damage_healed":0,"gold_gain":0,"player_choice":"Obtained Book","damage_taken":16,"max_hp_gain":0,"max_hp_loss":0,"event_name":"Cursed Tome","floor":19,"gold_loss":0},{"damage_healed":0,"gold_gain":0,"player_choice":"Opened","damage_taken":0,"relics_obtained":["Frozen Egg 2"],"max_hp_gain":0,"max_hp_loss":0,"event_name":"The Mausoleum","floor":21,"gold_loss":0}],"is_beta":false,"boss_relics":[{"not_picked":["Sozu","Astrolabe"],"picked":"Inserter"}],"items_purged_floors":[22],"is_endless":false,"potions_floor_spawned":[1,8,16,18,20],"killed_by":"Centurion and Healer","ascension_level":0}