{"gold_per_floor":[112,112,122,137,156,184,130,130,184,184,212,231,244,259,259,332,332,318,334,45,63,76,76,76,76,76,94,94,94],"floor_reached":29,"playtime":1436,"items_purged":["Strike_G"],"score":418,"play_id":"67a1bc9d-e2ea-401c-ae73-b87235228641","local_time":"20181218163946","is_ascension_mode":true,"campfire_choices":[{"floor":8.0,"key":"REST"},{"data":"Backflip","floor":10.0,"key":"SMITH"},{"floor":15.0,"key":"REST"},{"data":"Noxious Fumes","floor":23.0,"key":"SMITH"},{"data":"Bullet Time","floor":28.0,"key":"SMITH"}],"neow_cost":"NONE","seed_source_timestamp":237178989706091,"circlet_count":0,"master_deck":["AscendersBane","Defend_G+1","Defend_G+1","Defend_G","Defend_G+1","Strike_G+1","Strike_G","Survivor","Neutralize+1","Quick Slash","Dagger Spray","Backflip+1","After Image","Caltrops","Bullet Time+1","Bouncing Flask+1","Bouncing Flask+1","Finisher+1","Escape Plan","Noxious Fumes+1","Leg Sweep","Thinking Ahead","Noxious Fumes","Decay"],"special_seed":0,"relics":["Ring of the Snake","The Courier","Regal Pillow","War Paint","Astrolabe","Shuriken"],"potions_floor_usage":[29],"damage_taken":[{"damage":0.0,"enemies":"2 Louse","floor":1.0,"turns":3.0},{"damage":0.0,"enemies":"Jaw Worm","floor":3.0,"turns":3.0},{"damage":0.0,"enemies":"Small Slimes","floor":4.0,"turns":3.0},{"damage":0.0,"enemies":"Gremlin Gang","floor":5.0,"turns":6.0},{"damage":35.0,"enemies":"Gremlin Nob","floor":6.0,"turns":5.0},{"damage":9.0,"enemies":"3 Sentries","floor":11.0,"turns":10.0},{"damage":0.0,"enemies":"2 Fungi Beasts","floor":12.0,"turns":3.0},{"damage":0.0,"enemies":"Looter","floor":13.0,"turns":3.0},{"damage":3.0,"enemies":"Exordium Wildlife","floor":14.0,"turns":5.0},{"damage":53.0,"enemies":"Slime Boss","floor":16.0,"turns":20.0},{"damage":15.0,"enemies":"2 Thieves","floor":18.0,"turns":4.0},{"damage":2.0,"enemies":"3 Byrds","floor":19.0,"turns":5.0},{"damage":16.0,"enemies":"Snake Plant","floor":21.0,"turns":5.0},{"damage":6.0,"enemies":"Shelled Parasite and Fungi","floor":22.0,"turns":7.0},{"damage":0.0,"enemies":"Centurion and Healer","floor":27.0,"turns":7.0},{"damage":13,"enemies":"Slavers","floor":29,"turns":2}],"seed_played":"-9107796294142424532","potions_obtained":[{"floor":4.0,"key":"Fire Potion"},{"floor":5.0,"key":"Regen Potion"},{"floor":6.0,"key":"Block Potion"},{"floor":12.0,"key":"Explosive Potion"},{"floor":21.0,"key":"SpeedPotion"},{"floor":25.0,"key":"GamblersBrew"}],"is_trial":false,"path_per_floor":["M","?","M","M","M","E","?","R","T","R","E","M","M","M","R","B",null,"M","M","$","M","M","R","?","?","T","M","R","E"],"character_chosen":"THE_SILENT","items_purchased":["Noxious Fumes","Leg Sweep","Thinking Ahead"],"campfire_rested":2,"item_purchase_floors":[20,20,20],"current_hp_per_floor":[59,39,39,39,39,16,16,35,35,35,26,26,26,23,57,4,51,36,34,34,18,12,12,12,12,12,12,12,0],"gold":94,"neow_bonus":"UPGRADE_CARD","is_prod":false,"is_daily":false,"chose_seed":false,"campfire_upgraded":3,"win_rate":0,"timestamp":1545111586,"path_taken":["M","?","M","M","M","E","?","R","T","R","E","M","M","M","R","BOSS","M","M","$","M","M","R","?","?","T","?","R","E"],"build_version":"2018-12-13","purchased_purges":1,"victory":false,"max_hp_per_floor":[66,66,66,66,66,66,66,66,66,66,66,66,66,66,66,66,66,66,66,66,66,66,66,66,66,66,66,66,66],"card_choices":[{"not_picked":["Bane","Choke"],"picked":"Quick Slash","floor":1.0},{"not_picked":["Tactician","Dodge and Roll","Distraction"],"picked":"SKIP","floor":3.0},{"not_picked":["Slice","PiercingWail"],"picked":"Dagger Spray","floor":4.0},{"not_picked":["Slice","Bouncing Flask"],"picked":"Backflip","floor":5.0},{"not_picked":["Underhanded Strike","Predator"],"picked":"After Image","floor":6.0},{"not_picked":["Acrobatics","Flying Knee","Bane"],"picked":"SKIP","floor":11.0},{"not_picked":["Deflect","Slice","Blade Dance"],"picked":"SKIP","floor":12.0},{"not_picked":["Crippling Poison","Dagger Spray","Caltrops"],"picked":"SKIP","floor":13.0},{"not_picked":["Crippling Poison","Dagger Spray"],"picked":"Caltrops","floor":13.0},{"not_picked":["Underhanded Strike","Quick Slash","Phantasmal Killer"],"picked":"SKIP","floor":14.0},{"not_picked":["Glass Knife","After Image"],"picked":"Bullet Time","floor":16.0},{"not_picked":["Distraction","Prepared","Dodge and Roll"],"picked":"SKIP","floor":18.0},{"not_picked":["Outmaneuver","PiercingWail+1"],"picked":"Escape Plan","floor":19.0},{"not_picked":["Blade Dance","PiercingWail"],"picked":"Noxious Fumes","floor":21.0},{"not_picked":["Blade Dance","Bane","Poisoned Stab"],"picked":"SKIP","floor":22.0},{"not_picked":["Dagger Throw","Underhanded Strike","Bouncing Flask"],"picked":"SKIP","floor":27.0}],"player_experience":491332,"relics_obtained":[{"floor":6.0,"key":"The Courier"},{"floor":9.0,"key":"Regal Pillow"},{"floor":11.0,"key":"War Paint"},{"floor":26.0,"key":"Shuriken"}],"event_choices":[{"damage_healed":0.0,"max_hp_gain":0.0,"max_hp_loss":0.0,"gold_gain":0.0,"event_name":"Shining Light","player_choice":"Entered Light","floor":2.0,"gold_loss":0.0,"damage_taken":20.0,"cards_upgraded":["Strike_G","Defend_G"]},{"damage_healed":0.0,"max_hp_gain":0.0,"max_hp_loss":0.0,"gold_gain":0.0,"event_name":"World of Goop","player_choice":"Left Gold","floor":7.0,"gold_loss":54.0,"damage_taken":0.0},{"damage_healed":0.0,"max_hp_gain":0.0,"max_hp_loss":0.0,"gold_gain":0.0,"event_name":"Forgotten Altar","player_choice":"Smashed Altar","floor":24.0,"gold_loss":0.0,"damage_taken":0.0,"cards_obtained":["Decay"]},{"damage_healed":0.0,"max_hp_gain":0.0,"max_hp_loss":0.0,"gold_gain":0.0,"event_name":"Lab","player_choice":"Got Potions","floor":25.0,"gold_loss":0.0,"damage_taken":0.0}],"is_beta":true,"boss_relics":[{"not_picked":["Empty Cage","Eternal Feather"],"picked":"Astrolabe"}],"items_purged_floors":[20],"is_endless":false,"potions_floor_spawned":[4,5,6,12,21],"killed_by":"Slavers","ascension_level":15}