{"gold_per_floor":[111,82,99,174,174,174,7,7,34,44,54,54,54,54,54,128,128,145,155,80,130,130],"floor_reached":22,"playtime":699,"items_purged":["Blade Dance"],"score":335,"play_id":"cf1636d8-612a-422e-987a-dc6b21f37b07","local_time":"20190701204920","is_ascension_mode":true,"campfire_choices":[{"floor":6,"key":"REST"},{"floor":8,"key":"REST"},{"data":"Noxious Fumes","floor":13,"key":"SMITH"},{"data":"Footwork","floor":15,"key":"SMITH"}],"neow_cost":"PERCENT_DAMAGE","seed_source_timestamp":279516314889587,"circlet_count":0,"master_deck":["AscendersBane","Survivor","Neutralize","Footwork+1","Dagger Spray","Noxious Fumes+1","Glass Knife","Poisoned Stab","Dodge and Roll","Burst","Footwork","Noxious Fumes","Endless Agony","Masterful Stab","Footwork","All Out Attack","Slice","Bullet Time","Adrenaline","Predator"],"relics":["Ring of the Snake","Nunchaku","Lantern","Strawberry","Pandora\u0027s Box"],"potions_floor_usage":[22],"damage_taken":[{"damage":0,"enemies":"Small Slimes","floor":1,"turns":3},{"damage":5,"enemies":"Jaw Worm","floor":3,"turns":7},{"damage":0,"enemies":"2 Louse","floor":10,"turns":3},{"damage":0,"enemies":"2 Fungi Beasts","floor":11,"turns":3},{"damage":35,"enemies":"Hexaghost","floor":16,"turns":11},{"damage":7,"enemies":"Chosen","floor":18,"turns":5},{"damage":33,"enemies":"Spheric Guardian","floor":19,"turns":5},{"damage":18,"enemies":"Chosen and Byrds","floor":22,"turns":3}],"seed_played":"-5920616169828078772","potions_obtained":[{"floor":1,"key":"SpeedPotion"},{"floor":3,"key":"Ancient Potion"},{"floor":16,"key":"PowerPotion"}],"is_trial":false,"path_per_floor":["M","$","M","?","?","R","$","R","T","M","M","?","R","?","R","B",null,"M","M","$","?","M"],"character_chosen":"THE_SILENT","items_purchased":["Dagger Spray","Glass Knife"],"campfire_rested":2,"item_purchase_floors":[2,7],"current_hp_per_floor":[44,44,39,28,2,21,21,40,47,47,47,25,25,49,49,14,58,51,18,18,18,0],"gold":130,"neow_bonus":"ONE_RARE_RELIC","is_prod":false,"is_daily":false,"chose_seed":false,"campfire_upgraded":2,"win_rate":0,"timestamp":1561978160,"path_taken":["M","$","M","?","?","R","$","R","T","M","?","?","R","?","R","BOSS","M","M","$","?","M"],"build_version":"2019-01-23","purchased_purges":1,"victory":false,"max_hp_per_floor":[66,66,66,66,66,66,66,66,73,73,73,73,73,73,73,73,73,73,73,73,73,73],"card_choices":[{"not_picked":["Masterful Stab","Flying Knee"],"picked":"Footwork","floor":1},{"not_picked":["Finisher","Acrobatics"],"picked":"Noxious Fumes","floor":3},{"not_picked":["Sucker Punch","Flying Knee"],"picked":"Poisoned Stab","floor":10},{"not_picked":["Flechettes","Heel Hook"],"picked":"Dodge and Roll","floor":11},{"not_picked":["Adrenaline","Die Die Die"],"picked":"Burst","floor":16},{"not_picked":["Eviscerate","Bane","Dagger Throw"],"picked":"SKIP","floor":18},{"not_picked":["All Out Attack","Choke"],"picked":"Predator","floor":19}],"player_experience":592398,"relics_obtained":[{"floor":9,"key":"Strawberry"}],"event_choices":[{"damage_healed":0,"gold_gain":75,"player_choice":"Gather Gold","damage_taken":11,"max_hp_gain":0,"max_hp_loss":0,"event_name":"World of Goop","floor":4,"gold_loss":0},{"damage_healed":0,"gold_gain":0,"player_choice":"Success","damage_taken":26,"relics_obtained":["Lantern"],"max_hp_gain":0,"max_hp_loss":0,"event_name":"Scrap Ooze","floor":5,"gold_loss":0},{"damage_healed":0,"gold_gain":0,"player_choice":"Entered Light","damage_taken":22,"max_hp_gain":0,"max_hp_loss":0,"event_name":"Shining Light","floor":12,"gold_loss":0,"cards_upgraded":["Defend_G","Strike_G"]},{"damage_healed":24,"gold_gain":0,"player_choice":"Banana","damage_taken":0,"max_hp_gain":0,"max_hp_loss":0,"event_name":"Big Fish","floor":14,"gold_loss":0},{"damage_healed":0,"gold_gain":50,"player_choice":"Pray","damage_taken":0,"max_hp_gain":0,"max_hp_loss":0,"event_name":"Golden Shrine","floor":21,"gold_loss":0}],"is_beta":false,"boss_relics":[{"not_picked":["Ectoplasm","HoveringKite"],"picked":"Pandora\u0027s Box"}],"items_purged_floors":[20],"is_endless":false,"potions_floor_spawned":[1,3,16],"killed_by":"Chosen and Byrds","ascension_level":19}