{"gold_per_floor":[113,4,19,19,39,39,73,73,147,166,166,184,211,224,224,321,321,336,611,611,628,189,189,189,216,216,216,216,86,120,130,130,130],"floor_reached":33,"playtime":1419,"items_purged":["Strike_G","Regret","Doubt"],"score":307,"play_id":"994954cb-7003-4a56-8cf0-29f159e20391","local_time":"20190110155705","is_ascension_mode":true,"campfire_choices":[{"data":"Neutralize","floor":6.0,"key":"SMITH"},{"data":"Envenom","floor":8.0,"key":"SMITH"},{"data":"Cloak And Dagger","floor":15.0,"key":"SMITH"},{"data":"A Thousand Cuts","floor":24,"key":"SMITH"},{"data":"Metamorphosis","floor":27,"key":"SMITH"},{"data":"Sucker Punch","floor":32,"key":"SMITH"}],"neow_cost":"NONE","seed_source_timestamp":14853223120802,"circlet_count":0,"master_deck":["Defend_G","Defend_G","Defend_G","Defend_G","Defend_G","Strike_G","Strike_G","Strike_G","Strike_G","Survivor","Neutralize+1","Backstab","Sucker Punch+1","Quick Slash","Envenom+1","Catalyst","Cloak And Dagger+1","After Image","A Thousand Cuts+1","Metamorphosis+1","Choke","Predator"],"special_seed":0,"relics":["Cursed Key","Juzu Bracelet","Spirit Poop","Lantern","Busted Crown","Oddly Smooth Stone","Bronze Scales","Smiling Mask","Mercury Hourglass","Happy Flower"],"potions_floor_usage":[21,33],"damage_taken":[{"damage":0.0,"enemies":"Cultist","floor":1.0,"turns":4.0},{"damage":0.0,"enemies":"2 Louse","floor":3.0,"turns":3.0},{"damage":3.0,"enemies":"Jaw Worm","floor":5.0,"turns":4.0},{"damage":9.0,"enemies":"3 Sentries","floor":7.0,"turns":9.0},{"damage":11.0,"enemies":"Looter","floor":10.0,"turns":3.0},{"damage":8.0,"enemies":"Red Slaver","floor":12.0,"turns":2.0},{"damage":22.0,"enemies":"Gremlin Nob","floor":13.0,"turns":5.0},{"damage":0.0,"enemies":"Large Slime","floor":14.0,"turns":5.0},{"damage":5.0,"enemies":"The Guardian","floor":16.0,"turns":12.0},{"damage":7.0,"enemies":"Spheric Guardian","floor":18.0,"turns":4.0},{"damage":7,"enemies":"2 Thieves","floor":21,"turns":4},{"damage":16,"enemies":"Book of Stabbing","floor":25,"turns":4},{"damage":13,"enemies":"Gremlin Leader","floor":30,"turns":4},{"damage":6,"enemies":"Shelled Parasite and Fungi","floor":31,"turns":5},{"damage":44,"enemies":"Collector","floor":33,"turns":6}],"seed_played":"7324553427168655300","potions_obtained":[{"floor":3.0,"key":"SteroidPotion"},{"floor":12.0,"key":"SpeedPotion"},{"floor":14.0,"key":"EssenceOfSteel"},{"floor":16.0,"key":"AttackPotion"},{"floor":21,"key":"AttackPotion"}],"is_trial":false,"path_per_floor":["M","$","M","$","M","R","E","R","T","M","?","M","E","M","R","B",null,"M","?","?","M","$","?","R","E","T","R","?","$","E","M","R","B"],"character_chosen":"THE_SILENT","items_purchased":["Backstab","Bronze Scales","Metamorphosis","Predator"],"campfire_rested":0,"item_purchase_floors":[2,22,22,29],"current_hp_per_floor":[70,70,70,70,67,67,58,58,58,47,47,39,17,17,17,12,70,63,63,63,56,56,56,56,40,40,40,63,63,50,44,44,0],"gold":130,"neow_bonus":"BOSS_RELIC","is_prod":false,"is_daily":false,"chose_seed":false,"campfire_upgraded":6,"win_rate":0,"timestamp":1547096225,"path_taken":["M","$","?","$","M","R","E","R","T","M","?","M","E","M","R","BOSS","M","?","?","M","$","?","R","E","T","R","?","?","E","M","R","BOSS"],"build_version":"2019-01-03v4","purchased_purges":3,"victory":false,"max_hp_per_floor":[70,70,70,70,70,70,70,70,70,70,70,70,70,70,70,70,70,70,70,70,70,70,70,70,70,70,70,70,70,70,70,70,70],"card_choices":[{"not_picked":["Deflect","Reflex","Flying Knee"],"picked":"SKIP","floor":1.0},{"not_picked":["Dagger Throw","Finisher"],"picked":"Sucker Punch","floor":3.0},{"not_picked":["Acrobatics","Poisoned Stab"],"picked":"Quick Slash","floor":5.0},{"not_picked":["Flying Knee","Deflect"],"picked":"Envenom","floor":7.0},{"not_picked":["Poisoned Stab","Backflip"],"picked":"Catalyst","floor":10.0},{"not_picked":["Flying Knee","Deflect"],"picked":"Cloak And Dagger","floor":12.0},{"not_picked":["Sucker Punch","Expertise"],"picked":"After Image","floor":13.0},{"not_picked":["Poisoned Stab","Calculated Gamble","Outmaneuver"],"picked":"SKIP","floor":14.0},{"not_picked":["Phantasmal Killer","Die Die Die"],"picked":"A Thousand Cuts","floor":16.0},{"not_picked":["Concentrate"],"picked":"SKIP","floor":18.0},{"not_picked":["Outmaneuver"],"picked":"SKIP","floor":21},{"not_picked":[],"picked":"Choke","floor":25},{"not_picked":["Heel Hook"],"picked":"SKIP","floor":30},{"not_picked":["Deadly Poison"],"picked":"SKIP","floor":31}],"player_experience":531752,"relics_obtained":[{"floor":7.0,"key":"Juzu Bracelet"},{"floor":13.0,"key":"Lantern"},{"floor":25,"key":"Smiling Mask"},{"floor":26,"key":"Mercury Hourglass"},{"floor":30,"key":"Happy Flower"}],"event_choices":[{"cards_removed":["Pain"],"damage_healed":0.0,"max_hp_gain":0.0,"max_hp_loss":0.0,"gold_gain":0.0,"event_name":"Bonfire Elementals","player_choice":"Offered Curse","floor":11.0,"gold_loss":0.0,"damage_taken":0.0,"relics_obtained":["Spirit Poop"]},{"damage_healed":0.0,"max_hp_gain":0.0,"max_hp_loss":0.0,"gold_gain":275.0,"event_name":"Golden Shrine","player_choice":"Desecrate","floor":19.0,"gold_loss":0.0,"damage_taken":0.0,"cards_obtained":["Regret"]},{"damage_healed":0,"gold_gain":0,"player_choice":"Opened","damage_taken":0,"relics_obtained":["Oddly Smooth Stone"],"max_hp_gain":0,"max_hp_loss":0,"event_name":"The Mausoleum","floor":20,"gold_loss":0},{"damage_healed":0,"gold_gain":0,"player_choice":"Ignored","damage_taken":0,"max_hp_gain":0,"max_hp_loss":0,"event_name":"Cursed Tome","floor":23,"gold_loss":0},{"damage_healed":23,"gold_gain":0,"player_choice":"Heal","damage_taken":0,"max_hp_gain":0,"max_hp_loss":0,"event_name":"The Library","floor":28,"gold_loss":0}],"is_beta":false,"boss_relics":[{"not_picked":["Fusion Hammer","Velvet Choker"],"picked":"Busted Crown"}],"items_purged_floors":[2,22,29],"is_endless":false,"potions_floor_spawned":[3,12,14,16,21,31],"killed_by":"Collector","ascension_level":1}