{"gold_per_floor":[109,109,124,139,155,169,169,188,213,223,170,170,200,211,211,211],"floor_reached":16,"playtime":936,"items_purged":[],"score":96,"play_id":"3fd41ab5-278d-4f39-a18e-27d70b26d516","local_time":"20190709213906","is_ascension_mode":false,"campfire_choices":[{"data":"Blade Dance","floor":7,"key":"SMITH"},{"floor":12,"key":"REST"},{"floor":15,"key":"REST"}],"neow_cost":"NONE","seed_source_timestamp":464912658541143,"circlet_count":0,"master_deck":["Strike_G","Strike_G","Strike_G","Strike_G","Strike_G","Defend_G","Defend_G","Defend_G","Defend_G+1","Defend_G","Survivor+1","Neutralize","Forethought","Choke","Acrobatics","Flying Knee","Blade Dance+1","Slice","Choke","Endless Agony","Sucker Punch","Calculated Gamble"],"relics":["Ring of the Snake","Strawberry"],"potions_floor_usage":[16,16,16],"damage_taken":[{"damage":0,"enemies":"Small Slimes","floor":1,"turns":3},{"damage":0,"enemies":"2 Louse","floor":3,"turns":3},{"damage":8,"enemies":"Jaw Worm","floor":4,"turns":3},{"damage":11,"enemies":"Gremlin Gang","floor":5,"turns":5},{"damage":0,"enemies":"2 Fungi Beasts","floor":6,"turns":3},{"damage":14,"enemies":"3 Louse","floor":8,"turns":3},{"damage":7,"enemies":"Blue Slaver","floor":10,"turns":3},{"damage":12,"enemies":"Large Slime","floor":14,"turns":4},{"damage":61,"enemies":"Hexaghost","floor":16,"turns":11}],"seed_played":"42922812325933796","potions_obtained":[{"floor":1,"key":"Weak Potion"},{"floor":3,"key":"Swift Potion"},{"floor":5,"key":"Weak Potion"},{"floor":10,"key":"AttackPotion"}],"is_trial":false,"path_per_floor":["M","?","M","M","M","M","R","M","T","M","$","R","?","M","R","B"],"character_chosen":"THE_SILENT","items_purchased":["Sucker Punch"],"campfire_rested":2,"item_purchase_floors":[11],"current_hp_per_floor":[70,56,56,48,37,37,37,23,30,23,23,46,46,34,57,0],"gold":211,"neow_bonus":"RANDOM_COLORLESS","is_prod":false,"is_daily":false,"chose_seed":false,"campfire_upgraded":1,"win_rate":0.0,"timestamp":1562722746,"path_taken":["M","?","M","M","M","M","R","M","T","M","$","R","?","M","R","BOSS"],"build_version":"2019-07-05","purchased_purges":0,"victory":false,"max_hp_per_floor":[70,70,70,70,70,70,70,70,77,77,77,77,77,77,77,77],"card_choices":[{"not_picked":["Infinite Blades","Dagger Spray"],"picked":"Choke","floor":1},{"not_picked":["Endless Agony","Deadly Poison"],"picked":"Acrobatics","floor":3},{"not_picked":["Reflex","Dodge and Roll"],"picked":"Flying Knee","floor":4},{"not_picked":["Underhanded Strike","Slice"],"picked":"Blade Dance","floor":5},{"not_picked":["Dagger Spray","Outmaneuver"],"picked":"Slice","floor":6},{"not_picked":["Calculated Gamble","Underhanded Strike"],"picked":"Choke","floor":8},{"not_picked":["Glass Knife","Poisoned Stab"],"picked":"Endless Agony","floor":10},{"not_picked":["Poisoned Stab","Bane"],"picked":"Calculated Gamble","floor":14}],"player_experience":21179,"relics_obtained":[{"floor":9,"key":"Strawberry"}],"event_choices":[{"damage_healed":0,"gold_gain":0,"player_choice":"Entered Light","damage_taken":14,"max_hp_gain":0,"max_hp_loss":0,"event_name":"Shining Light","floor":2,"gold_loss":0,"cards_upgraded":["Survivor","Defend_G"]},{"damage_healed":0,"gold_gain":30,"player_choice":"Searched \u00271\u0027 times","damage_taken":0,"max_hp_gain":0,"max_hp_loss":0,"event_name":"Dead Adventurer","floor":13,"gold_loss":0}],"is_beta":false,"boss_relics":[],"items_purged_floors":[],"is_endless":false,"potions_floor_spawned":[1,3,5,10],"killed_by":"Hexaghost","ascension_level":0}