{"gold_per_floor":[109,122,141,141,141,168,168,198,270,270,154,185,185,215,215,311,311,322,322,282,295,305,305,335,335,335,363,373,373,403,403,403,502,502,516,533,100,200,0,32,32,65,65,65,94,94,129,149,149,149,149,149,77,106,106],"floor_reached":56,"playtime":4378,"items_purged":["Strike_R+1","Strike_R+1"],"score":1509,"play_id":"730f3717-47e8-4ed8-882a-4ea3584cb5b3","local_time":"20190714145108","is_ascension_mode":true,"campfire_choices":[{"floor":7.0,"key":"REST"},{"data":"1","floor":10.0,"key":"LIFT"},{"data":"2","floor":13.0,"key":"LIFT"},{"data":"3","floor":15.0,"key":"LIFT"},{"data":"True Grit","floor":23.0,"key":"SMITH"},{"floor":25.0,"key":"REST"},{"data":"True Grit","floor":29.0,"key":"SMITH"},{"floor":32.0,"key":"RECALL"},{"data":"Shockwave","floor":41.0,"key":"SMITH"},{"data":"Metallicize","floor":44.0,"key":"SMITH"},{"floor":49.0,"key":"REST"},{"data":"Impervious","floor":52.0,"key":"SMITH"}],"neow_cost":"NONE","seed_source_timestamp":0,"circlet_count":0,"master_deck":["Strike_R+1","Strike_R+1","Strike_R+1","Defend_R+1","Defend_R+1","Defend_R+1","Defend_R+1","Bash+1","Pommel Strike","Sword Boomerang+1","Flame Barrier","Limit Break+1","Metallicize","Shrug It Off","Reckless Charge","Demon Form","Armaments+1","Shockwave+1","True Grit+1","Shrug It Off","Shrug It Off+1","True Grit+1","Heavy Blade+1","Reaper","Clothesline+1","Impervious+1","Second Wind+1","Metallicize+1","Clothesline","Carnage","Flex"],"special_seed":0,"relics":["Burning Blood","NeowsBlessing","Girya","PreservedInsect","Pear","Bag of Preparation","Pocketwatch","Runic Pyramid","Matryoshka","Art of War","The Courier","Ginger","Charon\u0027s Ashes","Incense Burner","Red Mask","Letter Opener","Prayer Wheel","Orichalcum","Lantern","Ornamental Fan","Smiling Mask","Bottled Flame"],"potions_floor_usage":[55],"damage_taken":[{"damage":0.0,"enemies":"Jaw Worm","floor":1.0,"turns":1.0},{"damage":0.0,"enemies":"Cultist","floor":2.0,"turns":1.0},{"damage":0.0,"enemies":"Small Slimes","floor":3.0,"turns":1.0},{"damage":32.0,"enemies":"3 Sentries","floor":6.0,"turns":9.0},{"damage":18.0,"enemies":"Gremlin Nob","floor":8.0,"turns":4.0},{"damage":9.0,"enemies":"Lagavulin","floor":12.0,"turns":5.0},{"damage":0.0,"enemies":"Gremlin Nob","floor":14.0,"turns":2.0},{"damage":27.0,"enemies":"Hexaghost","floor":16.0,"turns":7.0},{"damage":0.0,"enemies":"Chosen","floor":18.0,"turns":3.0},{"damage":4.0,"enemies":"Shell Parasite","floor":21.0,"turns":3.0},{"damage":20.0,"enemies":"Centurion and Healer","floor":22.0,"turns":5.0},{"damage":19.0,"enemies":"Slavers","floor":24.0,"turns":5.0},{"damage":0.0,"enemies":"Gremlin Leader","floor":27.0,"turns":4.0},{"damage":2.0,"enemies":"Snecko","floor":28.0,"turns":3.0},{"damage":3.0,"enemies":"Book of Stabbing","floor":30.0,"turns":5.0},{"damage":17.0,"enemies":"Champ","floor":33.0,"turns":6.0},{"damage":56.0,"enemies":"3 Darklings","floor":35.0,"turns":7.0},{"damage":7.0,"enemies":"3 Shapes","floor":36.0,"turns":7.0},{"damage":6.0,"enemies":"Mind Bloom Boss Battle","floor":38.0,"turns":6.0},{"damage":9.0,"enemies":"Giant Head","floor":40.0,"turns":7.0},{"damage":28.0,"enemies":"Reptomancer","floor":42.0,"turns":8.0},{"damage":3.0,"enemies":"Giant Head","floor":45.0,"turns":6.0},{"damage":11.0,"enemies":"Reptomancer","floor":47.0,"turns":9.0},{"damage":40.0,"enemies":"Transient","floor":48.0,"turns":5.0},{"damage":38.0,"enemies":"Time Eater","floor":50.0,"turns":14.0},{"damage":24.0,"enemies":"Shield and Spear","floor":54.0,"turns":9.0},{"damage":84,"enemies":"The Heart","floor":55,"turns":15}],"seed_played":"7111618536757334813","potions_obtained":[{"floor":2.0,"key":"Poison Potion"},{"floor":3.0,"key":"GamblersBrew"},{"floor":14.0,"key":"GamblersBrew"},{"floor":16.0,"key":"Block Potion"},{"floor":18.0,"key":"SpeedPotion"},{"floor":22.0,"key":"Block Potion"},{"floor":28.0,"key":"Dexterity Potion"},{"floor":36.0,"key":"Explosive Potion"},{"floor":38.0,"key":"Weak Potion"}],"is_trial":false,"path_per_floor":["M","M","M","?","?","E","R","E","T","R","$","E","R","E","R","B",null,"M","?","?","M","M","R","E","R","T","E","M","R","E","?","R","B",null,"M","M","$","?","?","E","R","E","T","R","E","?","E","M","R","B",null,"R","$","E","B",null],"character_chosen":"IRONCLAD","items_purchased":["Metallicize","Shrug It Off","Impervious","Charon\u0027s Ashes","Flex"],"campfire_rested":3,"item_purchase_floors":[11,11,37,37,53],"current_hp_per_floor":[80,80,80,64,64,38,62,50,60,60,60,57,57,63,63,42,90,90,90,90,90,76,76,63,90,90,90,90,90,90,90,90,79,90,68,90,90,90,90,90,90,90,90,90,90,90,90,56,83,66,90,90,90,82,49],"gold":106,"neow_bonus":"THREE_ENEMY_KILL","is_prod":false,"is_daily":false,"chose_seed":false,"campfire_upgraded":5,"win_rate":0,"timestamp":1563130268,"path_taken":["M","M","M","?","?","E","R","E","T","R","$","E","R","E","R","BOSS","M","?","?","?","M","R","E","R","T","E","M","R","E","?","R","BOSS","M","M","$","?","?","E","R","E","T","R","E","?","E","M","R","BOSS","R","$","E","BOSS"],"build_version":"2019-07-05","purchased_purges":2,"victory":true,"max_hp_per_floor":[80,80,80,80,80,80,80,80,90,90,90,90,90,90,90,90,90,90,90,90,90,90,90,90,90,90,90,90,90,90,90,90,90,90,90,90,90,90,90,90,90,90,90,90,90,90,90,90,90,90,90,90,90,90,90],"card_choices":[{"not_picked":["Flex","Hemokinesis"],"picked":"Pommel Strike","floor":1.0},{"not_picked":["Clash","Twin Strike"],"picked":"Sword Boomerang","floor":2.0},{"not_picked":["Wild Strike","Havoc"],"picked":"Pommel Strike","floor":3.0},{"not_picked":["Wild Strike","Heavy Blade"],"picked":"Flame Barrier","floor":6.0},{"not_picked":["Bloodletting","Sentinel"],"picked":"Limit Break","floor":8.0},{"not_picked":["Bloodletting","Body Slam","Warcry"],"picked":"SKIP","floor":12.0},{"not_picked":["Dropkick","Cleave"],"picked":"Reckless Charge","floor":14.0},{"not_picked":["Bludgeon","Barricade"],"picked":"Demon Form","floor":16.0},{"not_picked":["Pommel Strike","Thunderclap+1"],"picked":"Armaments+1","floor":18.0},{"not_picked":["Iron Wave","Shrug It Off"],"picked":"Shockwave","floor":21.0},{"not_picked":["Perfected Strike","Evolve"],"picked":"True Grit","floor":22.0},{"not_picked":["Pommel Strike","Immolate"],"picked":"Shrug It Off","floor":24.0},{"not_picked":["Sentinel","Evolve"],"picked":"Shrug It Off+1","floor":27.0},{"not_picked":["Shrug It Off","Power Through"],"picked":"True Grit","floor":28.0},{"not_picked":["Pummel+1","Wild Strike+1"],"picked":"Heavy Blade+1","floor":30.0},{"not_picked":["Feed","Impervious"],"picked":"Reaper","floor":33.0},{"not_picked":["Pommel Strike","Battle Trance+1","Shrug It Off+1"],"picked":"SKIP","floor":35.0},{"not_picked":["Havoc+1","Seeing Red"],"picked":"Clothesline+1","floor":36.0},{"not_picked":["Heavy Blade","Twin Strike+1"],"picked":"Second Wind+1","floor":40.0},{"not_picked":["Clash","Double Tap"],"picked":"Metallicize","floor":42.0},{"not_picked":["Pommel Strike+1","Inflame+1"],"picked":"Clothesline","floor":45.0},{"not_picked":["Rage+1","Inflame"],"picked":"Carnage","floor":47.0},{"not_picked":["Shrug It Off+1","Anger+1","Spot Weakness+1"],"picked":"SKIP","floor":48.0},{"not_picked":["Cleave+1","Heavy Blade","Perfected Strike+1"],"picked":"SKIP","floor":48.0},{"not_picked":["Clash+1","Twin Strike","Berserk"],"picked":"SKIP","floor":54.0},{"not_picked":["Clash+1","Twin Strike","Berserk"],"picked":"SKIP","floor":54.0}],"player_experience":144499,"relics_obtained":[{"floor":6.0,"key":"Girya"},{"floor":8.0,"key":"PreservedInsect"},{"floor":9.0,"key":"Pear"},{"floor":12.0,"key":"Bag of Preparation"},{"floor":14.0,"key":"Pocketwatch"},{"floor":24.0,"key":"Matryoshka"},{"floor":26.0,"key":"Art of War"},{"floor":27.0,"key":"The Courier"},{"floor":30.0,"key":"Ginger"},{"floor":38.0,"key":"Incense Burner"},{"floor":40.0,"key":"Letter Opener"},{"floor":42.0,"key":"Prayer Wheel"},{"floor":43.0,"key":"Orichalcum"},{"floor":43.0,"key":"Lantern"},{"floor":45.0,"key":"Ornamental Fan"},{"floor":47.0,"key":"Smiling Mask"},{"floor":54.0,"key":"Bottled Flame"}],"event_choices":[{"damage_healed":0.0,"max_hp_gain":0.0,"max_hp_loss":0.0,"gold_gain":0.0,"event_name":"Shining Light","player_choice":"Entered Light","floor":4.0,"gold_loss":0.0,"damage_taken":16.0,"cards_upgraded":["Defend_R","Bash"]},{"damage_healed":0.0,"max_hp_gain":0.0,"max_hp_loss":0.0,"gold_gain":0.0,"event_name":"Living Wall","player_choice":"Grow","floor":5.0,"gold_loss":0.0,"damage_taken":0.0,"cards_upgraded":["Sword Boomerang"]},{"damage_healed":0.0,"max_hp_gain":0.0,"max_hp_loss":0.0,"gold_gain":0.0,"event_name":"Vampires","player_choice":"Ignored","floor":19.0,"gold_loss":0.0,"damage_taken":0.0},{"damage_healed":0.0,"max_hp_gain":0.0,"max_hp_loss":0.0,"gold_gain":0.0,"event_name":"Designer","player_choice":"Upgrade","floor":20.0,"gold_loss":40.0,"damage_taken":0.0,"cards_upgraded":["Limit Break"]},{"damage_healed":0.0,"max_hp_gain":0.0,"max_hp_loss":0.0,"gold_gain":0.0,"event_name":"Back to Basics","player_choice":"Simplicity","floor":31.0,"gold_loss":0.0,"damage_taken":0.0,"cards_upgraded":["Strike_R","Strike_R","Strike_R","Strike_R","Strike_R","Defend_R","Defend_R","Defend_R"]},{"damage_healed":0.0,"max_hp_gain":0.0,"max_hp_loss":0.0,"gold_gain":0.0,"event_name":"MindBloom","player_choice":"Fight","floor":38.0,"gold_loss":0.0,"damage_taken":0.0},{"damage_healed":0.0,"max_hp_gain":0.0,"max_hp_loss":0.0,"gold_gain":0.0,"event_name":"Tomb of Lord Red Mask","player_choice":"Paid","floor":39.0,"gold_loss":200.0,"damage_taken":0.0,"relics_obtained":["Red Mask"]},{"cards_removed":["Pommel Strike"],"damage_healed":5.0,"max_hp_gain":0.0,"max_hp_loss":0.0,"gold_gain":0.0,"event_name":"Bonfire Elementals","player_choice":"Offered Common","floor":46.0,"gold_loss":0.0,"damage_taken":0.0},{"cards_removed":["Pommel Strike"],"damage_healed":5.0,"max_hp_gain":0.0,"max_hp_loss":0.0,"gold_gain":0.0,"event_name":"Bonfire Elementals","player_choice":"Offered Special","floor":46.0,"gold_loss":0.0,"damage_taken":0.0}],"is_beta":false,"boss_relics":[{"not_picked":["Runic Cube","Velvet Choker"],"picked":"Runic Pyramid"},{"not_picked":["Calling Bell","Philosopher\u0027s Stone","Busted Crown"]}],"items_purged_floors":[37,53],"is_endless":false,"potions_floor_spawned":[2,3,14,16,18,22,28,36,38,40,45],"ascension_level":3}