{"gold_per_floor":[115,134,149,70,70,70,99,117,163,238,268,288,288,307,307,307],"floor_reached":16,"playtime":344,"items_purged":[],"score":107,"play_id":"6752e53c-3357-486e-b3c9-21ccced17251","local_time":"20190720192110","is_ascension_mode":true,"campfire_choices":[{"data":"Dagger Throw","floor":6.0,"key":"SMITH"},{"data":"Adrenaline","floor":15,"key":"SMITH"}],"neow_cost":"NONE","seed_source_timestamp":321732262553700,"circlet_count":0,"master_deck":["Strike_G","Strike_G","Strike_G","Strike_G","Strike_G","Defend_G","Defend_G","Defend_G","Defend_G","Defend_G","Survivor","Neutralize","Cloak And Dagger","Predator","Backstab","Dagger Throw+1","Flying Knee","Adrenaline+1","Leg Sweep","Deadly Poison","Backflip"],"special_seed":0,"relics":["Ring of the Snake","Meat on the Bone","Ancient Tea Set"],"potions_floor_usage":[12],"damage_taken":[{"damage":0.0,"enemies":"Small Slimes","floor":1.0,"turns":4.0},{"damage":0.0,"enemies":"2 Louse","floor":2.0,"turns":3.0},{"damage":1.0,"enemies":"Cultist","floor":3.0,"turns":4.0},{"damage":16.0,"enemies":"Lagavulin","floor":7.0,"turns":6.0},{"damage":0.0,"enemies":"Large Slime","floor":8.0,"turns":6.0},{"damage":0,"enemies":"Lots of Slimes","floor":12,"turns":3},{"damage":2,"enemies":"Looter","floor":14,"turns":3},{"damage":0,"enemies":"The Guardian","floor":16,"turns":1}],"seed_played":"3926250276535861862","potions_obtained":[{"floor":1.0,"key":"Energy Potion"},{"floor":8.0,"key":"Swift Potion"},{"floor":14,"key":"Energy Potion"}],"is_trial":false,"path_per_floor":["M","M","M","$","?","R","E","M","T","?","?","M","?","M","R","B"],"character_chosen":"THE_SILENT","items_purchased":["Dagger Throw","Flying Knee"],"campfire_rested":0,"item_purchase_floors":[4,4],"current_hp_per_floor":[77,77,76,76,76,76,60,60,60,49,49,49,54,52,52,52],"gold":307,"neow_bonus":"TEN_PERCENT_HP_BONUS","is_prod":false,"is_daily":false,"chose_seed":false,"campfire_upgraded":2,"win_rate":0,"timestamp":1563618070,"path_taken":["M","M","M","$","?","R","E","M","T","?","?","M","?","M","R","BOSS"],"build_version":"2019-07-17","purchased_purges":0,"victory":false,"max_hp_per_floor":[77,77,77,77,77,77,77,77,77,77,77,77,82,82,82,82],"card_choices":[{"not_picked":["Endless Agony","Deadly Poison"],"picked":"Cloak And Dagger","floor":1.0},{"not_picked":["Outmaneuver","Prepared"],"picked":"Predator","floor":2.0},{"not_picked":["Setup","Footwork"],"picked":"Backstab","floor":3.0},{"not_picked":["Poisoned Stab","Tactician"],"picked":"Adrenaline","floor":7.0},{"not_picked":["Quick Slash","Slice"],"picked":"Leg Sweep","floor":8.0},{"not_picked":["Setup","Underhanded Strike"],"picked":"Deadly Poison","floor":12},{"not_picked":["PiercingWail","Deadly Poison"],"picked":"Backflip","floor":14}],"player_experience":1022384,"relics_obtained":[{"floor":7.0,"key":"Meat on the Bone"},{"floor":9.0,"key":"Ancient Tea Set"}],"event_choices":[{"damage_healed":0.0,"max_hp_gain":0.0,"max_hp_loss":0.0,"gold_gain":0.0,"event_name":"Liars Game","player_choice":"Ignored","floor":5.0,"gold_loss":0.0,"damage_taken":0.0},{"damage_healed":0.0,"max_hp_gain":0.0,"max_hp_loss":0.0,"gold_gain":75.0,"event_name":"World of Goop","player_choice":"Gather Gold","floor":10.0,"gold_loss":0.0,"damage_taken":11.0},{"damage_healed":0,"gold_gain":30,"player_choice":"Searched \u00272\u0027 times","damage_taken":0,"max_hp_gain":0,"max_hp_loss":0,"event_name":"Dead Adventurer","floor":11,"gold_loss":0},{"damage_healed":0,"gold_gain":0,"player_choice":"Donut","damage_taken":0,"max_hp_gain":5,"max_hp_loss":0,"event_name":"Big Fish","floor":13,"gold_loss":0}],"is_beta":false,"boss_relics":[],"items_purged_floors":[],"is_endless":false,"potions_floor_spawned":[1,8,14],"killed_by":"The Guardian","ascension_level":1}