{"gold_per_floor":[214,232,159,169,186,186,186,196,244,255,255,255,274,299,299,420,420,433,433,452,452],"floor_reached":21,"playtime":942,"items_purged":[],"score":175,"play_id":"e5c540af-c10a-4471-92ab-15bd68453bf8","local_time":"20190112155203","is_ascension_mode":false,"campfire_choices":[{"data":"True Grit","floor":6,"key":"SMITH"},{"data":"Armaments","floor":15,"key":"SMITH"}],"neow_cost":"NONE","seed_source_timestamp":13003771525578,"circlet_count":0,"master_deck":["Strike_R","Strike_R","Strike_R","Strike_R","Strike_R","Defend_R","Defend_R","Defend_R","Defend_R","Bash","Iron Wave","Wild Strike","Pommel Strike","True Grit+1","Headbutt","Armaments+1","Havoc","Flex","True Grit+1","Havoc"],"relics":["Burning Blood","Smiling Mask","Golden Idol","Mummified Hand","Runic Dome"],"potions_floor_usage":[],"damage_taken":[{"damage":3,"enemies":"Small Slimes","floor":1,"turns":4},{"damage":10,"enemies":"Jaw Worm","floor":2,"turns":4},{"damage":0,"enemies":"Cultist","floor":4,"turns":3},{"damage":12,"enemies":"Exordium Wildlife","floor":5,"turns":4},{"damage":6,"enemies":"Exordium Thugs","floor":8,"turns":5},{"damage":0,"enemies":"Large Slime","floor":10,"turns":4},{"damage":1,"enemies":"2 Fungi Beasts","floor":13,"turns":3},{"damage":1,"enemies":"Looter","floor":14,"turns":3},{"damage":68,"enemies":"Hexaghost","floor":16,"turns":12},{"damage":12,"enemies":"Chosen","floor":18,"turns":5},{"damage":20,"enemies":"Spheric Guardian","floor":20,"turns":6},{"damage":66,"enemies":"Chosen and Byrds","floor":21,"turns":8}],"seed_played":"7579780431451887524","potions_obtained":[{"floor":2,"key":"SkillPotion"},{"floor":5,"key":"SteroidPotion"},{"floor":10,"key":"SteroidPotion"},{"floor":14,"key":"Swift Potion"}],"is_trial":false,"path_per_floor":["M","M","$","M","M","R","?","M","T","M","?","T","M","M","R","B",null,"M","?","M","M"],"character_chosen":"IRONCLAD","items_purchased":["Pommel Strike","True Grit"],"campfire_rested":0,"item_purchase_floors":[3,3],"current_hp_per_floor":[80,76,76,80,74,74,79,79,79,85,64,64,69,74,74,12,85,79,79,65,0],"gold":452,"neow_bonus":"HUNDRED_GOLD","is_prod":false,"is_daily":false,"chose_seed":false,"campfire_upgraded":2,"win_rate":0,"timestamp":1547268723,"path_taken":["M","M","$","M","M","R","?","M","T","M","?","?","M","?","R","BOSS","M","?","M","M"],"build_version":"2019-01-10","purchased_purges":0,"victory":false,"max_hp_per_floor":[80,80,80,80,80,80,85,85,85,85,85,85,85,85,85,85,85,85,85,85,85],"card_choices":[{"not_picked":["Fire Breathing","Anger"],"picked":"Iron Wave","floor":1},{"not_picked":["Clash","Thunderclap"],"picked":"Wild Strike","floor":2},{"not_picked":["Reaper","Entrench"],"picked":"Headbutt","floor":4},{"not_picked":["Shockwave","Sentinel","Flex"],"picked":"SKIP","floor":5},{"not_picked":["Bloodletting","Rupture","Anger"],"picked":"SKIP","floor":8},{"not_picked":["Heavy Blade","Clash"],"picked":"Armaments","floor":10},{"not_picked":["Power Through","Clash","Body Slam"],"picked":"SKIP","floor":13},{"not_picked":["Iron Wave","Rupture"],"picked":"Havoc","floor":14},{"not_picked":["Sword Boomerang","Battle Trance"],"picked":"Flex","floor":18},{"not_picked":["Body Slam","Armaments"],"picked":"Havoc","floor":20}],"player_experience":536254,"relics_obtained":[{"floor":9,"key":"Smiling Mask"},{"floor":12,"key":"Mummified Hand"}],"event_choices":[{"damage_healed":0,"gold_gain":0,"player_choice":"Donut","damage_taken":0,"max_hp_gain":5,"max_hp_loss":0,"event_name":"Big Fish","floor":7,"gold_loss":0},{"damage_healed":0,"gold_gain":0,"player_choice":"Take Damage","damage_taken":21,"relics_obtained":["Golden Idol"],"max_hp_gain":0,"max_hp_loss":0,"event_name":"Golden Idol","floor":11,"gold_loss":0},{"damage_healed":0,"gold_gain":0,"player_choice":"Copied","damage_taken":0,"max_hp_gain":0,"max_hp_loss":0,"event_name":"Duplicator","floor":19,"gold_loss":0,"cards_obtained":["True Grit"]}],"is_beta":false,"boss_relics":[{"not_picked":["Ectoplasm","Runic Cube"],"picked":"Runic Dome"}],"items_purged_floors":[],"is_endless":false,"potions_floor_spawned":[2,5,10,14],"killed_by":"Chosen and Byrds","ascension_level":0}