{"gold_per_floor":[111,111,111,123,123,149,149,179,204,214,71,106,59,76,76,172,172,192,192,205,205,221,221,221],"floor_reached":24,"playtime":1195,"items_purged":[],"score":287,"play_id":"3cc31b00-8163-4847-8643-d1523e9f7830","local_time":"20190715135517","is_ascension_mode":true,"campfire_choices":[{"data":"Bash","floor":7.0,"key":"SMITH"},{"data":"Armaments","floor":15.0,"key":"SMITH"},{"floor":23.0,"key":"REST"}],"neow_cost":"NONE","seed_source_timestamp":443163185931507,"circlet_count":0,"master_deck":["Strike_R","Strike_R","Strike_R","Strike_R","Strike_R","Defend_R+1","Defend_R+1","Defend_R","Defend_R","Bash+1","Perfected Strike","Armaments+1","Demon Form","Second Wind","Metallicize","Armaments","Shrug It Off","Clothesline","Limit Break","Flame Barrier","Iron Wave"],"special_seed":0,"relics":["Burning Blood","NeowsBlessing","Ancient Tea Set","Orichalcum","Pen Nib","Lantern","War Paint","Black Star"],"potions_floor_usage":[],"damage_taken":[{"damage":0.0,"enemies":"Small Slimes","floor":1.0,"turns":1.0},{"damage":0.0,"enemies":"Jaw Worm","floor":4.0,"turns":1.0},{"damage":0.0,"enemies":"Gremlin Nob","floor":6.0,"turns":1.0},{"damage":30.0,"enemies":"Lagavulin","floor":8.0,"turns":6.0},{"damage":0.0,"enemies":"Cultist","floor":10.0,"turns":2.0},{"damage":7.0,"enemies":"Gremlin Nob","floor":12.0,"turns":4.0},{"damage":20.0,"enemies":"Exordium Thugs","floor":14.0,"turns":11.0},{"damage":35.0,"enemies":"The Guardian","floor":16.0,"turns":11.0},{"damage":19.0,"enemies":"Shell Parasite","floor":18.0,"turns":6.0},{"damage":11.0,"enemies":"3 Byrds","floor":20.0,"turns":6.0},{"damage":20.0,"enemies":"Snake Plant","floor":22.0,"turns":6.0},{"damage":78,"enemies":"Gremlin Leader","floor":24,"turns":7}],"seed_played":"-8300245963075049513","potions_obtained":[{"floor":6.0,"key":"Fire Potion"},{"floor":8.0,"key":"Swift Potion"},{"floor":12.0,"key":"Ancient Potion"},{"floor":16.0,"key":"EssenceOfSteel"},{"floor":20.0,"key":"PowerPotion"},{"floor":22.0,"key":"LiquidBronze"}],"is_trial":false,"path_per_floor":["M","?","?","M","?","E","R","E","T","M","$","E","$","M","R","B",null,"M","?","M","?","M","R","E"],"character_chosen":"IRONCLAD","items_purchased":["Lantern","Shrug It Off"],"campfire_rested":1,"item_purchase_floors":[11,13],"current_hp_per_floor":[80,80,80,80,80,80,80,56,56,62,62,61,61,47,47,18,80,67,67,62,62,48,72,0],"gold":221,"neow_bonus":"THREE_ENEMY_KILL","is_prod":false,"is_daily":false,"chose_seed":false,"campfire_upgraded":2,"win_rate":0,"timestamp":1563213317,"path_taken":["M","?","?","M","?","E","R","E","T","?","?","E","?","M","R","BOSS","M","?","?","?","M","R","E"],"build_version":"2019-07-05","purchased_purges":0,"victory":false,"max_hp_per_floor":[80,80,80,80,80,80,80,80,80,80,80,80,80,80,80,80,80,80,80,80,80,80,80,80],"card_choices":[{"not_picked":["Sentinel","Corruption"],"picked":"Perfected Strike","floor":1.0},{"not_picked":["Havoc","Warcry"],"picked":"Armaments","floor":4.0},{"not_picked":["Disarm","Exhume"],"picked":"Demon Form","floor":6.0},{"not_picked":["Perfected Strike","Clash"],"picked":"Second Wind","floor":8.0},{"not_picked":["Cleave","Wild Strike"],"picked":"Metallicize","floor":10.0},{"not_picked":["Blood for Blood","Anger"],"picked":"Armaments","floor":12.0},{"not_picked":["Body Slam","Bloodletting"],"picked":"Clothesline","floor":14.0},{"not_picked":["Feed","Fiend Fire"],"picked":"Limit Break","floor":16.0},{"not_picked":["Twin Strike","Perfected Strike"],"picked":"Flame Barrier","floor":18.0},{"not_picked":["Hemokinesis+1","Clash+1","Sentinel"],"picked":"SKIP","floor":20.0},{"not_picked":["Armaments","Flex+1"],"picked":"Iron Wave","floor":22.0}],"player_experience":162634,"relics_obtained":[{"floor":6.0,"key":"Ancient Tea Set"},{"floor":8.0,"key":"Orichalcum"},{"floor":9.0,"key":"Pen Nib"},{"floor":12.0,"key":"War Paint"}],"event_choices":[{"damage_healed":0.0,"max_hp_gain":0.0,"max_hp_loss":0.0,"gold_gain":0.0,"event_name":"Golden Wing","player_choice":"Ignored","floor":2.0,"gold_loss":0.0,"damage_taken":0.0},{"damage_healed":0.0,"max_hp_gain":0.0,"max_hp_loss":0.0,"gold_gain":0.0,"event_name":"Liars Game","player_choice":"Ignored","floor":3.0,"gold_loss":0.0,"damage_taken":0.0},{"damage_healed":0.0,"max_hp_gain":0.0,"max_hp_loss":0.0,"gold_gain":0.0,"event_name":"Purifier","player_choice":"Ignored","floor":5.0,"gold_loss":0.0,"damage_taken":0.0},{"damage_healed":0.0,"max_hp_gain":0.0,"max_hp_loss":0.0,"gold_gain":0.0,"event_name":"Match and Keep!","player_choice":"0 cards matched","floor":19.0,"gold_loss":0.0,"damage_taken":0.0,"cards_obtained":[]},{"damage_healed":0.0,"max_hp_gain":0.0,"max_hp_loss":0.0,"gold_gain":0.0,"event_name":"The Mausoleum","player_choice":"Ignored","floor":21.0,"gold_loss":0.0,"damage_taken":0.0}],"is_beta":false,"boss_relics":[{"not_picked":["Tiny House","Philosopher\u0027s Stone"],"picked":"Black Star"}],"items_purged_floors":[],"is_endless":false,"potions_floor_spawned":[6,8,12,16,20,22],"killed_by":"Gremlin Leader","ascension_level":4}