{"gold_per_floor":[114,134,134,134,152,152,105,105,155,165,183,183,203,221,221,319,319,332,332,349,364,364,364,389,178,178,178,25,25,36,48,48,144,144,160,160,160,170,188,188,188,188,188,205,224,224],"floor_reached":46,"playtime":3823,"items_purged":[],"score":466,"play_id":"1ad4fb08-27c2-47c1-9a56-2ff04bdc1d1a","local_time":"20190710212706","is_ascension_mode":false,"campfire_choices":[{"data":"Iron Wave","floor":6.0,"key":"SMITH"},{"floor":12.0,"key":"REST"},{"floor":15.0,"key":"REST"},{"floor":23.0,"key":"REST"},{"floor":27.0,"key":"REST"},{"floor":32.0,"key":"REST"},{"floor":40.0,"key":"REST"},{"floor":42.0,"key":"REST"}],"neow_cost":"NONE","seed_source_timestamp":0,"circlet_count":0,"master_deck":["Strike_B+1","Strike_B+1","Strike_B+1","Defend_B+1","Defend_B+1","Defend_B+1","Defend_B+1","Zap","Sweeping Beam","Iron Wave+1","Ball Lightning","Cold Snap","Capacitor","Skim","Cold Snap","Glacier","Rainbow","Auto Shields","Glacier","Cold Snap","Barrage","Leap","Coolheaded+1","Capacitor+1","Ball Lightning","Electrodynamics","Ball Lightning","Thunder Strike","Melter+1","Chill","Creative AI","Glacier+1","Barrage+1","Chaos+1","Parasite","Leap","Leap"],"special_seed":0,"relics":["Cracked Core","Orichalcum","Orrery","Regal Pillow","Anchor","Empty Cage","Darkstone Periapt"],"potions_floor_usage":[44,45],"damage_taken":[{"damage":2.0,"enemies":"Jaw Worm","floor":1.0,"turns":4.0},{"damage":0.0,"enemies":"Cultist","floor":2.0,"turns":3.0},{"damage":2.0,"enemies":"2 Louse","floor":4.0,"turns":3.0},{"damage":6.0,"enemies":"Exordium Thugs","floor":5.0,"turns":4.0},{"damage":2.0,"enemies":"Looter","floor":10.0,"turns":3.0},{"damage":10.0,"enemies":"Blue Slaver","floor":11.0,"turns":3.0},{"damage":0.0,"enemies":"3 Louse","floor":13.0,"turns":3.0},{"damage":13.0,"enemies":"Exordium Wildlife","floor":14.0,"turns":4.0},{"damage":28.0,"enemies":"The Guardian","floor":16.0,"turns":14.0},{"damage":15.0,"enemies":"3 Byrds","floor":18.0,"turns":4.0},{"damage":24.0,"enemies":"2 Thieves","floor":20.0,"turns":5.0},{"damage":16.0,"enemies":"Snake Plant","floor":21.0,"turns":8.0},{"damage":1.0,"enemies":"Centurion and Healer","floor":30.0,"turns":7.0},{"damage":13.0,"enemies":"Chosen and Byrds","floor":31.0,"turns":7.0},{"damage":54.0,"enemies":"Champ","floor":33.0,"turns":16.0},{"damage":0.0,"enemies":"3 Shapes","floor":35.0,"turns":8.0},{"damage":18.0,"enemies":"Orb Walker","floor":38.0,"turns":6.0},{"damage":52.0,"enemies":"3 Darklings","floor":39.0,"turns":7.0},{"damage":43,"enemies":"Writhing Mass","floor":44,"turns":16},{"damage":22,"enemies":"4 Shapes","floor":45,"turns":5},{"damage":25,"enemies":"3 Darklings","floor":46,"turns":2}],"seed_played":"-5971519464164335150","potions_obtained":[{"floor":1.0,"key":"FearPotion"},{"floor":5.0,"key":"Strength Potion"},{"floor":10.0,"key":"Fire Potion"},{"floor":20.0,"key":"Energy Potion"},{"floor":30.0,"key":"Explosive Potion"},{"floor":33.0,"key":"SpeedPotion"}],"is_trial":false,"path_per_floor":["M","M","?","M","M","R","$","?","T","M","M","R","M","M","R","B",null,"M","?","M","M","?","R","T","$","T","R","$","?","M","M","R","B",null,"M","?","$","M","M","R","?","R","T","M","M","M"],"character_chosen":"DEFECT","items_purchased":["Cold Snap","Electrodynamics","Ball Lightning","Thunder Strike"],"campfire_rested":7,"item_purchase_floors":[7,25,25,28],"current_hp_per_floor":[80,80,80,78,72,72,72,72,72,70,60,82,82,69,82,54,82,67,51,27,11,11,37,37,37,37,78,78,78,77,64,87,33,87,87,83,83,65,13,52,52,83,83,46,24,0],"gold":224,"neow_bonus":"TEN_PERCENT_HP_BONUS","is_prod":false,"is_daily":false,"chose_seed":false,"campfire_upgraded":1,"win_rate":0.0,"timestamp":1562808426,"path_taken":["M","M","?","?","M","R","$","?","T","M","M","R","M","M","R","BOSS","M","?","M","M","?","R","?","?","T","R","$","?","M","M","R","BOSS","M","?","$","M","M","R","?","R","T","M","M","M"],"build_version":"2019-07-05","purchased_purges":0,"victory":false,"max_hp_per_floor":[82,82,82,82,82,82,82,82,82,82,82,82,82,82,82,82,82,82,87,87,87,87,87,87,87,87,87,87,87,87,87,87,87,87,87,83,83,83,83,83,83,83,83,89,89,89],"card_choices":[{"not_picked":["Go for the Eyes","Steam"],"picked":"Rip and Tear","floor":1.0},{"not_picked":["Redo","FTL"],"picked":"Sweeping Beam","floor":2.0},{"not_picked":["Hologram","Rebound"],"picked":"Compile Driver","floor":4.0},{"not_picked":["Leap","Redo"],"picked":"Ball Lightning","floor":5.0},{"not_picked":["Cold Snap","Steam"],"picked":"Capacitor","floor":10.0},{"not_picked":["Rebound","Genetic Algorithm"],"picked":"Skim","floor":11.0},{"not_picked":["Rebound","Hologram"],"picked":"Cold Snap","floor":13.0},{"not_picked":["Stack","Chill"],"picked":"Glacier","floor":14.0},{"not_picked":["Fission","Machine Learning"],"picked":"Rainbow","floor":16.0},{"not_picked":["Cold Snap","Go for the Eyes"],"picked":"Auto Shields","floor":17.0},{"not_picked":["Leap","Beam Cell"],"picked":"Glacier","floor":17.0},{"not_picked":["Leap","Coolheaded"],"picked":"Cold Snap","floor":17.0},{"not_picked":["Thunder Strike","Lockon"],"picked":"Barrage","floor":17.0},{"not_picked":["Skim","Conserve Battery"],"picked":"Leap","floor":17.0},{"not_picked":["Barrage","Melter"],"picked":"Coolheaded+1","floor":18.0},{"not_picked":["Hello World","Leap"],"picked":"Capacitor+1","floor":20.0},{"not_picked":["Rebound","Cold Snap"],"picked":"Ball Lightning","floor":21.0},{"not_picked":["Heatsinks","Streamline+1"],"picked":"Melter+1","floor":30.0},{"not_picked":["Redo","Rebound"],"picked":"Chill","floor":31.0},{"not_picked":["Multi-Cast","Buffer"],"picked":"Creative AI","floor":33.0},{"not_picked":["Steam Power","BootSequence+1"],"picked":"Glacier+1","floor":35.0},{"not_picked":["Compile Driver","Conserve Battery+1"],"picked":"Barrage+1","floor":38.0},{"not_picked":["Sweeping Beam+1","Undo+1"],"picked":"Chaos+1","floor":39.0},{"not_picked":["Blizzard+1","Genetic Algorithm"],"picked":"Leap","floor":44},{"not_picked":["Cold Snap+1","Barrage"],"picked":"Leap","floor":45}],"player_experience":50643,"relics_obtained":[{"floor":9.0,"key":"Orichalcum"},{"floor":24.0,"key":"Regal Pillow"},{"floor":26.0,"key":"Anchor"},{"floor":43.0,"key":"Darkstone Periapt"}],"event_choices":[{"cards_removed":["Dualcast"],"damage_healed":0.0,"max_hp_gain":0.0,"max_hp_loss":0.0,"gold_gain":0.0,"event_name":"NoteForYourself","player_choice":"Took Card","floor":3.0,"gold_loss":0.0,"damage_taken":0.0,"cards_obtained":["Iron Wave"]},{"damage_healed":0.0,"max_hp_gain":0.0,"max_hp_loss":0.0,"gold_gain":0.0,"event_name":"The Woman in Blue","player_choice":"Bought 0 Potions","floor":8.0,"gold_loss":0.0,"damage_taken":0.0},{"damage_healed":0.0,"max_hp_gain":5.0,"max_hp_loss":0.0,"gold_gain":0.0,"event_name":"Forgotten Altar","player_choice":"Shed Blood","floor":19.0,"gold_loss":0.0,"damage_taken":21.0},{"damage_healed":0.0,"max_hp_gain":0.0,"max_hp_loss":0.0,"gold_gain":0.0,"event_name":"Back to Basics","player_choice":"Simplicity","floor":22.0,"gold_loss":0.0,"damage_taken":0.0,"cards_upgraded":["Strike_B","Strike_B","Strike_B","Strike_B","Defend_B","Defend_B","Defend_B","Defend_B"]},{"damage_healed":0.0,"max_hp_gain":0.0,"max_hp_loss":4.0,"gold_gain":0.0,"event_name":"Winding Halls","player_choice":"Max HP","floor":36.0,"gold_loss":0.0,"damage_taken":0.0},{"cards_removed":["Compile Driver"],"damage_healed":0.0,"max_hp_gain":0.0,"max_hp_loss":0.0,"gold_gain":0.0,"event_name":"Falling","player_choice":"Removed Attack","floor":41.0,"gold_loss":0.0,"damage_taken":0.0}],"is_beta":false,"boss_relics":[{"not_picked":["Coffee Dripper","Lizard Tail"],"picked":"Orrery"},{"not_picked":["Black Star","Astrolabe"],"picked":"Empty Cage"}],"items_purged_floors":[],"is_endless":false,"potions_floor_spawned":[1,5,10,20,30,33,38,39],"killed_by":"3 Darklings","ascension_level":0}