{"gold_per_floor":[115,290,303,253,25,25,59,59,59,90,110,10,38,38,38,137,137,155,155,30,30,45,70,82,96,96,116,136,136,162,177,177,279,279,296,350,16,16,65,92,92,122,145,161,176,210,221,236,236,236,236,236,10,40,40],"floor_reached":56,"playtime":5895,"items_purged":["Defend_R","Defend_R","Strike_R","Strike_R","Strike_R"],"score":1605,"play_id":"72642c9a-595e-4e3e-a2c2-0ed9cf16d168","local_time":"20190719225359","is_ascension_mode":true,"campfire_choices":[{"data":"Armaments","floor":6.0,"key":"SMITH"},{"data":"Corruption","floor":8.0,"key":"SMITH"},{"data":"Shockwave","floor":15.0,"key":"SMITH"},{"data":"Iron Wave","floor":32.0,"key":"SMITH"},{"data":"Fiend Fire","floor":41.0,"key":"SMITH"},{"floor":49.0,"key":"RECALL"},{"data":"Perfected Strike","floor":52,"key":"SMITH"}],"neow_cost":"NONE","seed_source_timestamp":0,"circlet_count":0,"master_deck":["Strike_R+1","Strike_R+1","Defend_R","Defend_R+1","Bash+1","Armaments+1","Corruption+1","Exhume+1","Bludgeon+1","Ghostly Armor","Shockwave+1","Fiend Fire+1","Ghostly","Ghostly","Ghostly","Ghostly","Ghostly","Iron Wave+1","Perfected Strike+1","Warcry","Infernal Blade+1","Evolve+1","Warcry","Perfected Strike","Perfected Strike+1","Limit Break","Intimidate","Havoc+1","Warcry+1","Shrug It Off+1","Havoc","Carnage+1"],"special_seed":0,"relics":["Coffee Dripper","Vajra","War Paint","Whetstone","Odd Mushroom","White Beast Statue","Enchiridion","Pocketwatch","Bag of Marbles","Dream Catcher","Runic Cube","Dead Branch","Bag of Preparation","Potion Belt","Frozen Egg 2","Gambling Chip","Strawberry","Pen Nib","Anchor"],"potions_floor_usage":[55,55,55,55,55],"damage_taken":[{"damage":9.0,"enemies":"2 Louse","floor":1.0,"turns":2.0},{"damage":3.0,"enemies":"Small Slimes","floor":3.0,"turns":3.0},{"damage":35.0,"enemies":"3 Sentries","floor":7.0,"turns":7.0},{"damage":15.0,"enemies":"Lagavulin","floor":10.0,"turns":5.0},{"damage":0.0,"enemies":"Jaw Worm","floor":11.0,"turns":3.0},{"damage":0.0,"enemies":"The Mushroom Lair","floor":13.0,"turns":3.0},{"damage":0.0,"enemies":"The Guardian","floor":16.0,"turns":7.0},{"damage":4.0,"enemies":"Shell Parasite","floor":18.0,"turns":3.0},{"damage":1.0,"enemies":"3 Byrds","floor":22.0,"turns":4.0},{"damage":1.0,"enemies":"Book of Stabbing","floor":23.0,"turns":6.0},{"damage":0.0,"enemies":"Snecko","floor":24.0,"turns":3.0},{"damage":0.0,"enemies":"Cultist and Chosen","floor":25.0,"turns":5.0},{"damage":3.0,"enemies":"Snake Plant","floor":27.0,"turns":3.0},{"damage":0.0,"enemies":"Centurion and Healer","floor":28.0,"turns":3.0},{"damage":5.0,"enemies":"Slavers","floor":30.0,"turns":5.0},{"damage":2.0,"enemies":"Sentry and Sphere","floor":31.0,"turns":4.0},{"damage":3.0,"enemies":"Automaton","floor":33.0,"turns":7.0},{"damage":1.0,"enemies":"3 Shapes","floor":35.0,"turns":6.0},{"damage":17.0,"enemies":"2 Orb Walkers","floor":36.0,"turns":4.0},{"damage":1.0,"enemies":"Giant Head","floor":40.0,"turns":7.0},{"damage":0.0,"enemies":"Reptomancer","floor":42.0,"turns":2.0},{"damage":0.0,"enemies":"3 Darklings","floor":44.0,"turns":4.0},{"damage":1.0,"enemies":"Maw","floor":45.0,"turns":5.0},{"damage":0.0,"enemies":"Nemesis","floor":46.0,"turns":5.0},{"damage":1.0,"enemies":"Jaw Worm Horde","floor":47.0,"turns":3.0},{"damage":0.0,"enemies":"Sphere and 2 Shapes","floor":48.0,"turns":3.0},{"damage":7,"enemies":"Awakened One","floor":50,"turns":7},{"damage":0,"enemies":"Shield and Spear","floor":54,"turns":4},{"damage":6,"enemies":"The Heart","floor":55,"turns":6}],"seed_played":"-4646897367784752941","potions_obtained":[{"floor":3.0,"key":"Ancient Potion"},{"floor":10.0,"key":"Energy Potion"},{"floor":11.0,"key":"SteroidPotion"},{"floor":18.0,"key":"PowerPotion"},{"floor":22.0,"key":"SteroidPotion"},{"floor":23.0,"key":"Swift Potion"},{"floor":24.0,"key":"Strength Potion"},{"floor":25.0,"key":"Weak Potion"},{"floor":28.0,"key":"SkillPotion"},{"floor":30.0,"key":"Poison Potion"},{"floor":31.0,"key":"GamblersBrew"},{"floor":33.0,"key":"SpeedPotion"},{"floor":35.0,"key":"Strength Potion"},{"floor":36.0,"key":"FearPotion"},{"floor":40.0,"key":"Swift Potion"},{"floor":42.0,"key":"Poison Potion"},{"floor":44.0,"key":"LiquidBronze"},{"floor":45.0,"key":"AttackPotion"},{"floor":47.0,"key":"LiquidBronze"},{"floor":48.0,"key":"EssenceOfSteel"}],"is_trial":false,"path_per_floor":["M","?","M","?","$","R","E","R","T","E","M","$","?","?","R","B",null,"M","?","$","?","M","E","M","M","T","M","M","$","E","M","R","B",null,"M","?","$","?","T","E","R","E","T","M","M","E","M","M","R","B",null,"R","$","E","B",null],"character_chosen":"IRONCLAD","items_purchased":["Vajra","Perfected Strike","Bag of Preparation","Havoc"],"campfire_rested":0,"item_purchase_floors":[5,37,37,53],"current_hp_per_floor":[71,71,68,68,68,68,33,33,33,18,18,18,18,2,2,2,80,76,40,40,24,23,22,22,22,22,19,19,19,14,12,12,9,40,39,22,22,22,22,21,21,21,28,28,27,27,26,26,26,19,47,47,47,47,41],"gold":40,"neow_bonus":"BOSS_RELIC","is_prod":false,"is_daily":false,"chose_seed":false,"campfire_upgraded":6,"win_rate":0,"timestamp":1563602039,"path_taken":["M","?","M","?","?","R","E","R","T","E","M","?","?","?","R","BOSS","M","?","$","?","M","E","M","M","T","M","?","$","E","M","R","BOSS","M","?","$","?","?","E","R","E","T","M","M","E","M","M","R","BOSS","R","$","E","BOSS"],"build_version":"2019-07-17","purchased_purges":5,"victory":true,"max_hp_per_floor":[80,80,80,80,80,80,80,80,80,80,80,80,80,80,80,80,80,80,40,40,40,40,40,40,40,40,40,40,40,40,40,40,40,40,40,40,40,40,40,40,40,40,47,47,47,47,47,47,47,47,47,47,47,47,47],"card_choices":[{"not_picked":["Heavy Blade","Flex"],"picked":"Armaments","floor":1.0},{"not_picked":["Heavy Blade","Cleave"],"picked":"Corruption","floor":3.0},{"not_picked":["Body Slam","Evolve"],"picked":"Exhume","floor":7.0},{"not_picked":["Clothesline","True Grit"],"picked":"Bludgeon","floor":10.0},{"not_picked":["Anger","Cleave"],"picked":"Ghostly Armor","floor":11.0},{"not_picked":["Body Slam","Thunderclap"],"picked":"Shockwave","floor":13.0},{"not_picked":["Berserk","Juggernaut"],"picked":"Fiend Fire","floor":16.0},{"not_picked":["Combust+1","Anger+1","Sever Soul"],"picked":"SKIP","floor":18.0},{"not_picked":["Body Slam+1","Flex","Rampage+1"],"picked":"SKIP","floor":22.0},{"not_picked":["Hemokinesis","Wild Strike"],"picked":"Iron Wave","floor":23.0},{"not_picked":["Headbutt","Armaments"],"picked":"Perfected Strike","floor":24.0},{"not_picked":["True Grit","Clothesline"],"picked":"Warcry","floor":25.0},{"not_picked":["Cleave","Flex"],"picked":"Infernal Blade+1","floor":27.0},{"not_picked":["Sever Soul","Rage","Corruption"],"picked":"SKIP","floor":28.0},{"not_picked":["Anger+1","Pommel Strike"],"picked":"Infernal Blade+1","floor":30.0},{"not_picked":["Offering","Clash"],"picked":"Evolve+1","floor":31.0},{"not_picked":["True Grit","Armaments","Headbutt+1"],"picked":"SKIP","floor":35.0},{"not_picked":["Corruption+1","Headbutt"],"picked":"Warcry","floor":36.0},{"not_picked":["Carnage","Sever Soul"],"picked":"Perfected Strike+1","floor":40.0},{"not_picked":["Wild Strike+1","Perfected Strike","Bloodletting"],"picked":"SKIP","floor":42.0},{"not_picked":["Headbutt+1","Rage"],"picked":"Limit Break","floor":44.0},{"not_picked":["Sword Boomerang+1","Flame Barrier"],"picked":"Intimidate","floor":45.0},{"not_picked":["Juggernaut+1","True Grit"],"picked":"Havoc+1","floor":46.0},{"not_picked":["Clash+1","Armaments"],"picked":"Warcry+1","floor":47.0},{"not_picked":["Anger","Pommel Strike"],"picked":"Shrug It Off+1","floor":48.0},{"not_picked":["Armaments+1","Searing Blow"],"picked":"Carnage+1","floor":54}],"player_experience":187783,"relics_obtained":[{"floor":7.0,"key":"War Paint"},{"floor":10.0,"key":"Whetstone"},{"floor":13.0,"key":"Odd Mushroom"},{"floor":21.0,"key":"Enchiridion"},{"floor":23.0,"key":"Pocketwatch"},{"floor":26.0,"key":"Bag of Marbles"},{"floor":30.0,"key":"Dream Catcher"},{"floor":36.0,"key":"Dead Branch"},{"floor":39.0,"key":"Potion Belt"},{"floor":40.0,"key":"Frozen Egg 2"},{"floor":42.0,"key":"Gambling Chip"},{"floor":43.0,"key":"Strawberry"},{"floor":46.0,"key":"Pen Nib"},{"floor":54,"key":"Anchor"}],"event_choices":[{"damage_healed":0.0,"max_hp_gain":0.0,"max_hp_loss":0.0,"gold_gain":175.0,"event_name":"Liars Game","player_choice":"AGREE","floor":2.0,"gold_loss":0.0,"damage_taken":0.0,"cards_obtained":["Doubt"]},{"cards_removed":["Doubt"],"damage_healed":0.0,"max_hp_gain":0.0,"max_hp_loss":0.0,"gold_gain":0.0,"event_name":"The Cleric","player_choice":"Card Removal","floor":4.0,"gold_loss":50.0,"damage_taken":0.0},{"damage_healed":0.0,"max_hp_gain":0.0,"max_hp_loss":0.0,"gold_gain":0.0,"event_name":"Mushrooms","player_choice":"Fought Mushrooms","floor":13.0,"gold_loss":0.0,"damage_taken":0.0},{"damage_healed":0.0,"max_hp_gain":0.0,"max_hp_loss":0.0,"gold_gain":0.0,"event_name":"Shining Light","player_choice":"Entered Light","floor":14.0,"gold_loss":0.0,"damage_taken":16.0,"cards_upgraded":["Bludgeon","Strike_R"]},{"damage_healed":0.0,"max_hp_gain":0.0,"max_hp_loss":40.0,"gold_gain":0.0,"event_name":"Ghosts","player_choice":"Became a Ghost","floor":19.0,"gold_loss":0.0,"damage_taken":0.0,"cards_obtained":["Ghostly","Ghostly","Ghostly","Ghostly","Ghostly"]},{"damage_healed":0.0,"max_hp_gain":0.0,"max_hp_loss":0.0,"gold_gain":0.0,"event_name":"Cursed Tome","player_choice":"Obtained Book","floor":21.0,"gold_loss":0.0,"damage_taken":16.0},{"damage_healed":0.0,"max_hp_gain":0.0,"max_hp_loss":0.0,"gold_gain":0.0,"event_name":"Mysterious Sphere","player_choice":"Fight","floor":36.0,"gold_loss":0.0,"damage_taken":0.0},{"cards_removed":["Infernal Blade"],"damage_healed":0.0,"max_hp_gain":0.0,"max_hp_loss":0.0,"gold_gain":0.0,"event_name":"Falling","player_choice":"Removed Skill","floor":38.0,"gold_loss":0.0,"damage_taken":0.0}],"is_beta":false,"boss_relics":[{"not_picked":["Snecko Eye","Mark of Pain"],"picked":"White Beast Statue"},{"not_picked":["Runic Pyramid","Busted Crown"],"picked":"Runic Cube"}],"items_purged_floors":[5,12,20,37,53],"is_endless":false,"potions_floor_spawned":[3,10,11,18,22,23,24,25,27,28,30,31,33,35,36,40,42,44,45,46,47,48,54],"ascension_level":3}