{"gold_per_floor":[118,68,78,96,114,114,145,145,195,220,232,259,274,449,449,449],"floor_reached":16,"playtime":1337,"items_purged":[],"score":134,"play_id":"03f944c5-7a29-4dbc-aecc-763dff04b4ab","local_time":"20190705150456","is_ascension_mode":true,"campfire_choices":[{"data":"Seek","floor":6,"key":"SMITH"},{"floor":8,"key":"REST"},{"data":"Self Repair","floor":15,"key":"SMITH"}],"neow_cost":"PERCENT_DAMAGE","seed_source_timestamp":89642681263781,"circlet_count":0,"master_deck":["Strike_B","Strike_B","Strike_B","Defend_B","Defend_B","Defend_B","Defend_B","Zap","Dualcast","Seek+1","Chill","Cold Snap","Barrage","Self Repair+1","Barrage","Leap+1","Turbo+1","Reprogram+1"],"relics":["Cracked Core","Toxic Egg 2","PreservedInsect","Omamori","Lantern"],"potions_floor_usage":[16,16,16],"damage_taken":[{"damage":1,"enemies":"2 Louse","floor":1,"turns":2},{"damage":0,"enemies":"Jaw Worm","floor":3,"turns":4},{"damage":1,"enemies":"Small Slimes","floor":4,"turns":3},{"damage":0,"enemies":"2 Fungi Beasts","floor":5,"turns":3},{"damage":27,"enemies":"Lagavulin","floor":7,"turns":8},{"damage":14,"enemies":"Gremlin Gang","floor":11,"turns":5},{"damage":12,"enemies":"Gremlin Nob","floor":12,"turns":3},{"damage":7,"enemies":"Looter","floor":13,"turns":2},{"damage":35,"enemies":"Hexaghost","floor":16,"turns":9}],"seed_played":"8095117115014523752","potions_obtained":[{"floor":4,"key":"Ancient Potion"},{"floor":5,"key":"SteroidPotion"},{"floor":11,"key":"AttackPotion"},{"floor":12,"key":"Weak Potion"}],"is_trial":false,"path_per_floor":["M","?","M","M","M","R","E","R","T","T","M","E","M","?","R","B"],"character_chosen":"DEFECT","items_purchased":[],"campfire_rested":1,"item_purchase_floors":[],"current_hp_per_floor":[53,53,53,52,52,52,32,54,54,54,47,42,35,35,35,0],"gold":449,"neow_bonus":"THREE_RARE_CARDS","is_prod":false,"is_daily":false,"chose_seed":false,"campfire_upgraded":2,"win_rate":0,"timestamp":1562310296,"path_taken":["M","?","M","M","M","R","E","R","T","?","M","E","M","?","R","BOSS"],"build_version":"2019-07-01","purchased_purges":0,"victory":false,"max_hp_per_floor":[75,75,75,75,75,75,75,75,75,75,75,75,75,75,75,75],"card_choices":[{"not_picked":["Amplify","Hyperbeam"],"picked":"Seek","floor":0},{"not_picked":["Go for the Eyes","Static Discharge"],"picked":"Chill","floor":1},{"not_picked":["Leap","Fusion"],"picked":"Cold Snap","floor":3},{"not_picked":["Sweeping Beam","Lockon"],"picked":"Barrage","floor":4},{"not_picked":["Scrape","Gash"],"picked":"Self Repair","floor":5},{"not_picked":["Loop","Gash"],"picked":"Barrage","floor":7},{"not_picked":["Multi-Cast+1","Ball Lightning"],"picked":"Leap+1","floor":11},{"not_picked":["Tempest+1","Machine Learning"],"picked":"Turbo+1","floor":12},{"not_picked":["Scrape","Stack+1"],"picked":"Reprogram+1","floor":13}],"player_experience":171171,"relics_obtained":[{"floor":7,"key":"Toxic Egg 2"},{"floor":9,"key":"PreservedInsect"},{"floor":10,"key":"Omamori"},{"floor":12,"key":"Lantern"}],"event_choices":[{"cards_removed":["Strike_B"],"damage_healed":0,"gold_gain":0,"player_choice":"Card Removal","damage_taken":0,"max_hp_gain":0,"max_hp_loss":0,"event_name":"The Cleric","floor":2,"gold_loss":50},{"damage_healed":0,"gold_gain":175,"player_choice":"AGREE","damage_taken":0,"max_hp_gain":0,"max_hp_loss":0,"event_name":"Liars Game","floor":14,"gold_loss":0,"cards_obtained":["Doubt"]}],"is_beta":false,"boss_relics":[],"items_purged_floors":[],"is_endless":false,"potions_floor_spawned":[4,5,11,12],"killed_by":"Hexaghost","ascension_level":4}