{"gold_per_floor":[116,116,39,39,57,57,70,70,70,70,50,50,50,94,94,217,217,185,206,230,254,48,48,48],"floor_reached":24,"playtime":828,"items_purged":[],"score":329,"play_id":"8a6d407f-b6af-4165-890c-6677f409a63d","local_time":"20181102213531","is_ascension_mode":true,"campfire_choices":[{"data":"Neutralize","floor":6,"key":"SMITH"},{"data":"Quick Slash","floor":8,"key":"SMITH"},{"data":"Blur","floor":10,"key":"SMITH"},{"data":"Backflip","floor":12,"key":"SMITH"},{"data":"Caltrops","floor":15,"key":"SMITH"},{"data":"Cloak And Dagger","floor":23,"key":"SMITH"}],"neow_cost":"NONE","seed_source_timestamp":522506068807738,"circlet_count":0,"master_deck":["AscendersBane","Defend_G","Defend_G","Defend_G","Defend_G","Defend_G","Strike_G","Strike_G","Strike_G","Strike_G","Survivor","Neutralize+1","Backflip+1","Backstab","Distraction","Quick Slash+1","Blur+1","Caltrops+1","Venomology","Accuracy","Cloak And Dagger+1","After Image"],"relics":["Ring of the Snake","NeowsBlessing","Golden Idol","PreservedInsect","Happy Flower","WristBlade"],"potions_floor_usage":[14,18,19,19,21,21,24,24],"damage_taken":[{"damage":0,"enemies":"2 Louse","floor":1,"turns":1},{"damage":0,"enemies":"Cultist","floor":5,"turns":1},{"damage":0,"enemies":"Jaw Worm","floor":7,"turns":1},{"damage":10,"enemies":"Lagavulin","floor":14,"turns":6},{"damage":19,"enemies":"The Guardian","floor":16,"turns":16},{"damage":31,"enemies":"2 Thieves","floor":18,"turns":5},{"damage":1,"enemies":"Chosen","floor":19,"turns":4},{"damage":19,"enemies":"Centurion and Healer","floor":20,"turns":8},{"damage":2,"enemies":"Snake Plant","floor":21,"turns":5},{"damage":6,"enemies":"Slavers","floor":24,"turns":1}],"seed_played":"-4551186931039164055","potions_obtained":[{"floor":5,"key":"FearPotion"},{"floor":7,"key":"Swift Potion"},{"floor":11,"key":"SkillPotion"},{"floor":14,"key":"EssenceOfSteel"},{"floor":21,"key":"Dexterity Potion"}],"is_trial":false,"path_per_floor":["M","?","$","?","M","R","M","R","T","R","?","R","$","E","R","B",null,"M","M","M","M","$","R","E"],"character_chosen":"THE_SILENT","items_purchased":["Backstab","Cloak And Dagger","After Image"],"campfire_rested":0,"item_purchase_floors":[3,22,22],"current_hp_per_floor":[63,46,46,46,46,46,46,46,46,46,46,46,46,36,36,17,57,26,25,6,4,4,4,0],"gold":48,"neow_bonus":"THREE_ENEMY_KILL","is_prod":false,"is_daily":false,"chose_seed":false,"campfire_upgraded":6,"win_rate":0,"timestamp":1541154931,"path_taken":["M","?","$","?","?","R","M","R","T","R","?","R","$","E","R","BOSS","M","M","M","M","$","R","E"],"build_version":"2018-11-01v2","purchased_purges":0,"victory":false,"max_hp_per_floor":[70,70,70,70,70,70,70,70,70,70,70,70,70,70,70,70,70,70,70,70,70,70,70,70],"card_choices":[{"not_picked":["Prepared","Dagger Spray"],"picked":"Backflip","floor":1},{"not_picked":["Blade Dance","Crippling Poison"],"picked":"Quick Slash","floor":5},{"not_picked":["Accuracy","Endless Agony"],"picked":"Blur","floor":7},{"not_picked":["Reflex","Bane"],"picked":"Caltrops","floor":14},{"not_picked":["Envenom","Doppelganger"],"picked":"Venomology","floor":16},{"not_picked":["Concentrate","Sucker Punch","Dodge and Roll"],"picked":"SKIP","floor":18},{"not_picked":["Dagger Throw","Flying Knee","Quick Slash+1"],"picked":"SKIP","floor":19},{"not_picked":["Poisoned Stab","Catalyst","Sucker Punch"],"picked":"SKIP","floor":20},{"not_picked":["Venomology","Dagger Spray+1"],"picked":"Accuracy","floor":21}],"player_experience":408405,"relics_obtained":[{"floor":9,"key":"PreservedInsect"},{"floor":14,"key":"Happy Flower"}],"event_choices":[{"damage_healed":0,"gold_gain":0,"player_choice":"Take Damage","damage_taken":17,"relics_obtained":["Golden Idol"],"max_hp_gain":0,"max_hp_loss":0,"event_name":"Golden Idol","floor":2,"gold_loss":0},{"damage_healed":0,"gold_gain":0,"cards_transformed":["Strike_G"],"player_choice":"Transformed","damage_taken":0,"max_hp_gain":0,"max_hp_loss":0,"event_name":"Transmorgrifier","floor":4,"gold_loss":0,"cards_obtained":["Distraction"]},{"damage_healed":0,"gold_gain":0,"player_choice":"Bought 1 Potion","damage_taken":0,"max_hp_gain":0,"max_hp_loss":0,"event_name":"The Woman in Blue","floor":11,"gold_loss":0}],"is_beta":true,"boss_relics":[{"not_picked":["Runic Dome","HoveringKite"],"picked":"WristBlade"}],"items_purged_floors":[],"is_endless":false,"potions_floor_spawned":[5,7,14,21],"killed_by":"Slavers","ascension_level":10}