{"gold_per_floor":[366,346,365,382,402,402,431,431,431,460,95,95,95,123,123,228,228,248,248,298,318,126,126],"floor_reached":23,"playtime":3460,"items_purged":["Strike_B","Strike_B"],"score":217,"play_id":"50cbab48-c368-4905-a454-341148194822","local_time":"20190714005503","is_ascension_mode":true,"campfire_choices":[{"data":"Beam Cell","floor":6,"key":"SMITH"},{"data":"Barrage","floor":8,"key":"SMITH"},{"floor":12,"key":"REST"},{"data":"Zap","floor":15,"key":"SMITH"}],"neow_cost":"PERCENT_DAMAGE","seed_source_timestamp":9078565083800,"circlet_count":0,"master_deck":["Strike_B","Defend_B","Defend_B","Defend_B","Defend_B","Zap+1","Dualcast","Redo","Sweeping Beam","Barrage+1","Beam Cell+1","Coolheaded","Machine Learning+1","Cold Snap","Capacitor+1","Barrage","Multi-Cast","Compile Driver","Doom and Gloom+1","Steam Power"],"relics":["Cracked Core","Strawberry","Frozen Egg 2","Membership Card","Regal Pillow","Kunai","Runic Pyramid","Potion Belt","Medical Kit"],"potions_floor_usage":[5,7,7,10,14,23,23],"damage_taken":[{"damage":6,"enemies":"2 Louse","floor":1,"turns":2},{"damage":1,"enemies":"Cultist","floor":3,"turns":3},{"damage":1,"enemies":"Jaw Worm","floor":4,"turns":3},{"damage":5,"enemies":"Large Slime","floor":5,"turns":5},{"damage":4,"enemies":"Gremlin Nob","floor":7,"turns":3},{"damage":22,"enemies":"Lagavulin","floor":10,"turns":6},{"damage":12,"enemies":"Gremlin Nob","floor":14,"turns":3},{"damage":14,"enemies":"Hexaghost","floor":16,"turns":6},{"damage":16,"enemies":"Chosen","floor":18,"turns":5},{"damage":32,"enemies":"3 Byrds","floor":21,"turns":6},{"damage":42,"enemies":"Gremlin Leader","floor":23,"turns":5}],"seed_played":"-6985979594004815573","potions_obtained":[{"floor":1,"key":"Block Potion"},{"floor":2,"key":"GamblersBrew"},{"floor":4,"key":"Swift Potion"},{"floor":5,"key":"PowerPotion"},{"floor":10,"key":"SkillPotion"},{"floor":16,"key":"Strength Potion"},{"floor":21,"key":"SteroidPotion"}],"is_trial":false,"path_per_floor":["M","?","M","M","M","R","E","R","T","E","$","R","?","E","R","B",null,"M","?","?","M","$","E"],"character_chosen":"DEFECT","items_purchased":["Membership Card","Cold Snap","Capacitor+1","Regal Pillow","Medical Kit","Steam Power"],"campfire_rested":1,"item_purchase_floors":[11,11,11,11,22,22],"current_hp_per_floor":[48,48,47,46,41,41,44,44,44,22,22,61,54,42,42,28,82,66,66,66,34,34,0],"gold":126,"neow_bonus":"TWO_FIFTY_GOLD","is_prod":false,"is_daily":false,"chose_seed":false,"campfire_upgraded":3,"win_rate":0,"timestamp":1563058503,"path_taken":["M","?","?","M","M","R","E","R","T","E","$","R","?","E","R","BOSS","M","?","?","M","$","E"],"build_version":"2019-07-05","purchased_purges":2,"victory":false,"max_hp_per_floor":[75,75,75,75,75,75,82,82,82,82,82,82,82,82,82,82,82,82,82,82,82,82,82],"card_choices":[{"not_picked":["Capacitor","Compile Driver"],"picked":"Redo","floor":1},{"not_picked":["Barrage","Skim"],"picked":"Sweeping Beam","floor":3},{"not_picked":["Compile Driver","Scrape"],"picked":"Barrage","floor":4},{"not_picked":["FTL","BootSequence"],"picked":"Beam Cell","floor":5},{"not_picked":["Capacitor","Turbo"],"picked":"Coolheaded","floor":7},{"not_picked":["Cold Snap","Glacier"],"picked":"Machine Learning","floor":10},{"not_picked":["Coolheaded","Reprogram"],"picked":"Barrage","floor":14},{"not_picked":["Meteor Strike","Machine Learning+1"],"picked":"Multi-Cast","floor":16},{"not_picked":["Beam Cell","Steam"],"picked":"Compile Driver","floor":18},{"not_picked":["Hologram","Aggregate+1"],"picked":"Doom and Gloom+1","floor":21}],"player_experience":138341,"relics_obtained":[{"floor":7,"key":"Strawberry"},{"floor":10,"key":"Frozen Egg 2"},{"floor":14,"key":"Kunai"}],"event_choices":[{"damage_healed":0,"gold_gain":0,"player_choice":"Bought 1 Potion","damage_taken":0,"max_hp_gain":0,"max_hp_loss":0,"event_name":"The Woman in Blue","floor":2,"gold_loss":0},{"cards_removed":["Strike_B"],"damage_healed":0,"gold_gain":0,"player_choice":"Card Removal","damage_taken":7,"max_hp_gain":0,"max_hp_loss":0,"event_name":"Golden Wing","floor":13,"gold_loss":0},{"damage_healed":0,"gold_gain":0,"player_choice":"Opened","damage_taken":0,"relics_obtained":["Potion Belt"],"max_hp_gain":0,"max_hp_loss":0,"event_name":"The Mausoleum","floor":19,"gold_loss":0},{"damage_healed":0,"gold_gain":100,"player_choice":"Bet on Murderer","damage_taken":0,"max_hp_gain":0,"max_hp_loss":0,"event_name":"The Joust","floor":20,"gold_loss":50}],"is_beta":false,"boss_relics":[{"not_picked":["Inserter","Busted Crown"],"picked":"Runic Pyramid"}],"items_purged_floors":[11,22],"is_endless":false,"potions_floor_spawned":[1,4,5,10,16,21],"killed_by":"Gremlin Leader","ascension_level":1}