{"gold_per_floor":[99,99,99,99,99,99,99,99,99,99,99,99,99,99,99,99,99,39,39,39,39,39,39,39,39,39,39,39,39,39,39,39,39,39,39,39,39,39,39,39,39,39,39,39,39,39,39,39,39,39],"floor_reached":51,"playtime":2754,"items_purged":[],"score":1116,"play_id":"2b5c474d-ca3f-4465-be47-0b2066af2e0d","local_time":"20181212092017","is_ascension_mode":true,"campfire_choices":[{"data":"Noxious Fumes","floor":6,"key":"SMITH"},{"data":"Neutralize","floor":8,"key":"SMITH"},{"floor":13,"key":"REST"},{"data":"Malaise","floor":15,"key":"SMITH"},{"floor":23,"key":"REST"},{"floor":28,"key":"REST"},{"data":"Noxious Fumes","floor":30,"key":"SMITH"},{"data":"Catalyst","floor":32,"key":"SMITH"},{"data":"PiercingWail","floor":40,"key":"SMITH"},{"data":"Acrobatics","floor":42,"key":"SMITH"},{"floor":49,"key":"REST"}],"neow_cost":"NONE","seed_source_timestamp":351644964890539,"circlet_count":0,"master_deck":["AscendersBane","Defend_G","Defend_G","Defend_G","Defend_G","Defend_G","Strike_G","Strike_G","Strike_G","Strike_G","Strike_G","Survivor","Neutralize+1","Backflip","Quick Slash","Acrobatics+1","Noxious Fumes+1","Predator","Noxious Fumes+1","Malaise+1","After Image","Cloak And Dagger+1","Quick Slash+1","Quick Slash+1","Sucker Punch+1","Acrobatics+1","Catalyst+1","Bouncing Flask+1","PiercingWail+1","After Image","Expertise+1"],"relics":["Ectoplasm","Snake Skull","Vajra","Pear","Molten Egg 2","Philosopher\u0027s Stone","Paper Crane","Bronze Scales","Turnip","Cursed Key","StoneCalendar"],"potions_floor_usage":[10,11,12,29,37,50,50],"damage_taken":[{"damage":0,"enemies":"Cultist","floor":1,"turns":5},{"damage":4,"enemies":"Jaw Worm","floor":2,"turns":4},{"damage":0,"enemies":"2 Louse","floor":3,"turns":2},{"damage":0,"enemies":"Blue Slaver","floor":5,"turns":5},{"damage":7,"enemies":"3 Sentries","floor":7,"turns":7},{"damage":26,"enemies":"Gremlin Nob","floor":10,"turns":4},{"damage":7,"enemies":"Gremlin Gang","floor":11,"turns":3},{"damage":14,"enemies":"Lots of Slimes","floor":12,"turns":4},{"damage":2,"enemies":"Lagavulin","floor":14,"turns":6},{"damage":13,"enemies":"Hexaghost","floor":16,"turns":9},{"damage":24,"enemies":"2 Thieves","floor":18,"turns":4},{"damage":14,"enemies":"3 Byrds","floor":22,"turns":6},{"damage":7,"enemies":"Cultist and Chosen","floor":25,"turns":7},{"damage":42,"enemies":"Slavers","floor":27,"turns":5},{"damage":0,"enemies":"Snecko","floor":29,"turns":5},{"damage":4,"enemies":"Snake Plant","floor":31,"turns":4},{"damage":1,"enemies":"Champ","floor":33,"turns":9},{"damage":0,"enemies":"3 Darklings","floor":35,"turns":5},{"damage":12,"enemies":"Orb Walker","floor":36,"turns":4},{"damage":0,"enemies":"Jaw Worm Horde","floor":37,"turns":4},{"damage":0,"enemies":"Mind Bloom Boss Battle","floor":38,"turns":6},{"damage":12,"enemies":"Transient","floor":41,"turns":5},{"damage":5,"enemies":"Spire Growth","floor":44,"turns":4},{"damage":15,"enemies":"Sphere and 2 Shapes","floor":45,"turns":5},{"damage":15,"enemies":"4 Shapes","floor":47,"turns":5},{"damage":30,"enemies":"Donu and Deca","floor":50,"turns":9}],"seed_played":"2504844744201213385","potions_obtained":[{"floor":2,"key":"SpeedPotion"},{"floor":3,"key":"PowerPotion"},{"floor":10,"key":"Block Potion"},{"floor":11,"key":"SpeedPotion"},{"floor":16,"key":"SteroidPotion"},{"floor":27,"key":"PowerPotion"},{"floor":29,"key":"GhostInAJar"},{"floor":35,"key":"GhostInAJar"},{"floor":37,"key":"Swift Potion"},{"floor":44,"key":"Dexterity Potion"}],"is_trial":false,"path_per_floor":["M","M","M","?","M","R","E","R","T","E","M","M","R","E","R","B",null,"M","?","?","$","M","R","T","M","T","E","R","M","R","M","R","B",null,"M","M","M","?","?","R","M","R","T","M","M","T","M","$","R","B",null],"character_chosen":"THE_SILENT","items_purchased":[],"campfire_rested":4,"item_purchase_floors":[],"current_hp_per_floor":[63,59,59,59,59,59,52,52,52,36,29,15,39,37,37,24,66,42,27,55,55,41,66,66,59,59,17,42,42,42,38,38,37,73,73,61,61,61,61,61,49,49,49,44,29,29,14,14,39,9],"gold":39,"neow_bonus":"BOSS_RELIC","is_prod":false,"is_daily":false,"chose_seed":false,"campfire_upgraded":7,"win_rate":0,"timestamp":1544566817,"path_taken":["M","M","M","?","M","R","E","R","T","E","M","M","R","E","R","BOSS","M","?","?","$","M","R","?","M","T","E","R","?","R","?","R","BOSS","M","M","M","?","?","R","M","R","T","?","M","?","M","?","R","BOSS"],"build_version":"2018-12-10","purchased_purges":0,"victory":true,"max_hp_per_floor":[70,70,70,70,70,70,70,70,70,80,80,80,80,80,80,80,80,80,85,85,85,85,85,85,85,85,85,85,85,85,85,85,85,85,85,85,85,85,85,85,85,85,85,85,85,85,85,85,85,85],"card_choices":[{"not_picked":["Deadly Poison","Eviscerate"],"picked":"Backflip","floor":1},{"not_picked":["Deadly Poison","Flying Knee"],"picked":"Quick Slash","floor":2},{"not_picked":["Endless Agony","Slice"],"picked":"Acrobatics","floor":3},{"not_picked":["Burst","Flying Knee"],"picked":"Noxious Fumes","floor":5},{"not_picked":["Distraction","Slice","Heel Hook"],"picked":"SKIP","floor":7},{"not_picked":["Accuracy","Deadly Poison"],"picked":"Predator","floor":10},{"not_picked":["Acrobatics","Quick Slash"],"picked":"Noxious Fumes","floor":11},{"not_picked":["Dagger Throw","Poisoned Stab","Expertise"],"picked":"SKIP","floor":12},{"not_picked":["Outmaneuver","Prepared"],"picked":"Malaise","floor":14},{"not_picked":["Phantasmal Killer","Bullet Time"],"picked":"After Image","floor":16},{"not_picked":["Leg Sweep","Flying Knee+1"],"picked":"Cloak And Dagger+1","floor":18},{"not_picked":["Dash+1","Poisoned Stab+1"],"picked":"Quick Slash+1","floor":22},{"not_picked":["Flechettes+1","Blade Dance"],"picked":"Quick Slash+1","floor":25},{"not_picked":["Noxious Fumes+1","Storm of Steel"],"picked":"Sucker Punch+1","floor":27},{"not_picked":["Dagger Throw+1","Flying Knee+1"],"picked":"Acrobatics+1","floor":29},{"not_picked":["Slice+1","Well Laid Plans"],"picked":"Catalyst","floor":31},{"not_picked":["Sucker Punch+1","Prepared+1"],"picked":"Bouncing Flask+1","floor":35},{"not_picked":["Dagger Spray+1","Escape Plan"],"picked":"PiercingWail","floor":36},{"not_picked":["Slice+1","Acrobatics","Blade Dance"],"picked":"SKIP","floor":37},{"not_picked":["Outmaneuver+1","Flechettes+1","Dash+1"],"picked":"SKIP","floor":41},{"not_picked":["Sucker Punch+1","Backflip","Reflex+1"],"picked":"SKIP","floor":44},{"not_picked":["Prepared+1","Underhanded Strike+1","Choke+1"],"picked":"SKIP","floor":45},{"not_picked":["Dagger Throw+1","Blur+1"],"picked":"Expertise+1","floor":47}],"player_experience":457262,"relics_obtained":[{"floor":7,"key":"Snake Skull"},{"floor":9,"key":"Vajra"},{"floor":10,"key":"Pear"},{"floor":14,"key":"Molten Egg 2"},{"floor":24,"key":"Paper Crane"},{"floor":26,"key":"Bronze Scales"},{"floor":27,"key":"Turnip"},{"floor":38,"key":"StoneCalendar"}],"event_choices":[{"damage_healed":0,"gold_gain":0,"player_choice":"Fled","damage_taken":0,"max_hp_gain":0,"max_hp_loss":0,"event_name":"Scrap Ooze","floor":4,"gold_loss":0},{"damage_healed":0,"gold_gain":0,"player_choice":"Shed Blood","damage_taken":20,"max_hp_gain":5,"max_hp_loss":0,"event_name":"Forgotten Altar","floor":19,"gold_loss":0},{"damage_healed":28,"gold_gain":0,"player_choice":"Heal","damage_taken":0,"max_hp_gain":0,"max_hp_loss":0,"event_name":"The Library","floor":20,"gold_loss":0},{"damage_healed":0,"gold_gain":0,"player_choice":"Fight","damage_taken":0,"max_hp_gain":0,"max_hp_loss":0,"event_name":"MindBloom","floor":38,"gold_loss":0},{"damage_healed":0,"gold_gain":0,"player_choice":"Copied","damage_taken":0,"max_hp_gain":0,"max_hp_loss":0,"event_name":"Duplicator","floor":39,"gold_loss":0,"cards_obtained":["After Image"]}],"is_beta":true,"boss_relics":[{"not_picked":["Coffee Dripper","Fusion Hammer"],"picked":"Philosopher\u0027s Stone"},{"not_picked":["Calling Bell","Velvet Choker"],"picked":"Cursed Key"}],"items_purged_floors":[],"is_endless":false,"potions_floor_spawned":[2,3,10,11,16,27,29,33,35,37,38,44],"ascension_level":12}