{"gold_per_floor":[119,84,103,118,118,149,149,164,164,184,215,215,215,241,241,241],"floor_reached":16,"playtime":860,"items_purged":[],"score":240,"play_id":"cff285f6-0bb5-40c2-b929-c1175c8de20a","local_time":"20190715151458","is_ascension_mode":true,"campfire_choices":[{"floor":7.0,"key":"REST"},{"floor":12.0,"key":"REST"},{"floor":15,"key":"REST"}],"neow_cost":"PERCENT_DAMAGE","seed_source_timestamp":273626778435371,"circlet_count":0,"master_deck":["AscendersBane","Strike_G","Strike_G","Strike_G","Strike_G","Strike_G","Defend_G","Defend_G","Defend_G","Defend_G","Defend_G","Survivor","Neutralize+1","Escape Plan","Dash","All Out Attack","Backstab","PiercingWail","Sucker Punch+1","Dash"],"special_seed":0,"relics":["Ring of the Snake","Calipers","Sundial","Darkstone Periapt","Matryoshka","The Courier"],"potions_floor_usage":[14],"damage_taken":[{"damage":0.0,"enemies":"2 Louse","floor":1.0,"turns":4.0},{"damage":6.0,"enemies":"Cultist","floor":3.0,"turns":5.0},{"damage":9.0,"enemies":"Jaw Worm","floor":4.0,"turns":6.0},{"damage":24.0,"enemies":"Gremlin Nob","floor":6.0,"turns":5.0},{"damage":1.0,"enemies":"Exordium Thugs","floor":8.0,"turns":5.0},{"damage":0.0,"enemies":"Red Slaver","floor":10.0,"turns":3.0},{"damage":19.0,"enemies":"3 Sentries","floor":11.0,"turns":8.0},{"damage":20,"enemies":"Gremlin Nob","floor":14,"turns":4},{"damage":45,"enemies":"Slime Boss","floor":16,"turns":8}],"seed_played":"8108029443846827496","potions_obtained":[{"floor":1.0,"key":"Ancient Potion"},{"floor":4.0,"key":"GamblersBrew"},{"floor":11.0,"key":"Strength Potion"},{"floor":14,"key":"Swift Potion"}],"is_trial":false,"path_per_floor":["M","?","M","M","?","E","R","M","T","M","E","R","?","E","R","B"],"character_chosen":"THE_SILENT","items_purchased":[],"campfire_rested":3,"item_purchase_floors":[],"current_hp_per_floor":[44,60,54,45,45,21,40,39,39,39,20,39,39,19,38,0],"gold":241,"neow_bonus":"ONE_RARE_RELIC","is_prod":false,"is_daily":false,"chose_seed":false,"campfire_upgraded":0,"win_rate":0,"timestamp":1563167698,"path_taken":["M","?","M","M","?","E","R","M","T","M","E","R","?","E","R","BOSS"],"build_version":"2019-07-05","purchased_purges":0,"victory":false,"max_hp_per_floor":[66,66,66,66,66,66,66,66,66,66,66,66,66,66,66,66],"card_choices":[{"not_picked":["Reflex","Acrobatics"],"picked":"Escape Plan","floor":1.0},{"not_picked":["Blade Dance","Dodge and Roll"],"picked":"Dash","floor":3.0},{"not_picked":["Dodge and Roll","Predator"],"picked":"All Out Attack","floor":4.0},{"not_picked":["Sucker Punch","Bane"],"picked":"Backstab","floor":6.0},{"not_picked":["Phantasmal Killer","Deadly Poison"],"picked":"PiercingWail","floor":8.0},{"not_picked":["Outmaneuver","Dagger Throw"],"picked":"Sucker Punch","floor":10.0},{"not_picked":["Riddle With Holes","Flying Knee","Eviscerate"],"picked":"SKIP","floor":11.0},{"not_picked":["Night Terror","Escape Plan"],"picked":"Dash","floor":14}],"player_experience":628006,"relics_obtained":[{"floor":6.0,"key":"Sundial"},{"floor":9.0,"key":"Darkstone Periapt"},{"floor":11.0,"key":"Matryoshka"},{"floor":14,"key":"The Courier"}],"event_choices":[{"damage_healed":16.0,"max_hp_gain":0.0,"max_hp_loss":0.0,"gold_gain":0.0,"event_name":"The Cleric","player_choice":"Healed","floor":2.0,"gold_loss":35.0,"damage_taken":0.0},{"damage_healed":0.0,"max_hp_gain":0.0,"max_hp_loss":0.0,"gold_gain":0.0,"event_name":"Living Wall","player_choice":"Grow","floor":5.0,"gold_loss":0.0,"damage_taken":0.0,"cards_upgraded":["Neutralize"]},{"damage_healed":0.0,"max_hp_gain":0.0,"max_hp_loss":0.0,"gold_gain":0.0,"event_name":"Accursed Blacksmith","player_choice":"Forge","floor":13.0,"gold_loss":0.0,"damage_taken":0.0,"cards_upgraded":["Sucker Punch"]}],"is_beta":false,"boss_relics":[],"items_purged_floors":[],"is_endless":false,"potions_floor_spawned":[1,4,11,14],"killed_by":"Slime Boss","ascension_level":20}