{"gold_per_floor":[115,129,129,139,64,95,125,125,125,125,48,78,94,104,104,178,178,191,116,128,140,57,57,90,90,116,116,133,150,150,250,250,250],"floor_reached":33,"playtime":1530,"items_purged":["Pain"],"score":575,"play_id":"6b65205d-a936-4b7e-a42f-4ffdfe3a151e","local_time":"20190718004457","is_ascension_mode":true,"campfire_choices":[{"data":"Loop","floor":8,"key":"SMITH"},{"data":"Loop","floor":10,"key":"SMITH"},{"data":"Hyperbeam","floor":15,"key":"SMITH"},{"data":"Go for the Eyes","floor":23,"key":"SMITH"},{"floor":30,"key":"REST"},{"data":"Rainbow","floor":32,"key":"SMITH"}],"neow_cost":"NONE","seed_source_timestamp":665322328816523,"circlet_count":0,"master_deck":["AscendersBane","Strike_B","Strike_B","Defend_B","Defend_B","Defend_B","Zap+1","Dualcast","Go for the Eyes+1","Undo","Loop+1","Loop+1","Hyperbeam+1","Hologram","Static Discharge+1","Buffer+1","Clumsy","Static Discharge+1","Coolheaded","Go for the Eyes","Buffer+1","Rainbow+1","Reinforced Body","Self Repair+1","Loop+1","Loop+1"],"relics":["Cracked Core","NeowsBlessing","Pear","Frozen Egg 2","Thread and Needle","Calling Bell","Orichalcum","Cables","Torii","Darkstone Periapt","Centennial Puzzle","Nunchaku","Bottled Tornado"],"potions_floor_usage":[6,6,16,20,31,31],"damage_taken":[{"damage":0,"enemies":"2 Louse","floor":1,"turns":1},{"damage":0,"enemies":"Cultist","floor":2,"turns":1},{"damage":0,"enemies":"Jaw Worm","floor":4,"turns":1},{"damage":21,"enemies":"Gremlin Nob","floor":6,"turns":4},{"damage":20,"enemies":"3 Sentries","floor":12,"turns":7},{"damage":0,"enemies":"Red Slaver","floor":13,"turns":3},{"damage":9,"enemies":"Blue Slaver","floor":14,"turns":3},{"damage":21,"enemies":"Slime Boss","floor":16,"turns":5},{"damage":5,"enemies":"Shell Parasite","floor":18,"turns":6},{"damage":3,"enemies":"3 Byrds","floor":20,"turns":2},{"damage":11,"enemies":"Snake Plant","floor":21,"turns":5},{"damage":29,"enemies":"Gremlin Leader","floor":24,"turns":6},{"damage":0,"enemies":"Centurion and Healer","floor":28,"turns":10},{"damage":12,"enemies":"3 Cultists","floor":29,"turns":5},{"damage":1,"enemies":"Colosseum Slavers","floor":31,"turns":6},{"damage":8,"enemies":"Colosseum Nobs","floor":31,"turns":5},{"damage":71,"enemies":"Automaton","floor":33,"turns":10}],"seed_played":"-7633469995650012205","potions_obtained":[{"floor":1,"key":"EntropicBrew"},{"floor":12,"key":"LiquidBronze"},{"floor":13,"key":"FocusPotion"},{"floor":18,"key":"Ancient Potion"},{"floor":20,"key":"EssenceOfSteel"},{"floor":29,"key":"EssenceOfSteel"}],"is_trial":false,"path_per_floor":["M","M","?","M","?","E","?","R","T","R","$","E","M","M","R","B",null,"M","$","M","M","$","R","E","?","T","?","M","M","R","?","R","B"],"character_chosen":"DEFECT","items_purchased":["Hyperbeam","Buffer+1"],"campfire_rested":1,"item_purchase_floors":[11,22],"current_hp_per_floor":[64,64,64,64,64,53,53,53,53,53,53,33,33,24,24,3,62,57,57,54,43,43,43,14,14,14,14,24,22,46,57,57,0],"gold":250,"neow_bonus":"THREE_ENEMY_KILL","is_prod":false,"is_daily":false,"chose_seed":false,"campfire_upgraded":5,"win_rate":0,"timestamp":1563403497,"path_taken":["M","M","?","?","?","E","?","R","T","R","$","E","M","?","R","BOSS","M","?","M","M","$","R","E","?","T","?","?","M","R","?","R","BOSS"],"build_version":"2019-07-05","purchased_purges":1,"victory":false,"max_hp_per_floor":[71,71,71,71,71,81,81,81,81,81,81,81,81,81,81,81,81,81,81,81,81,81,81,81,81,81,81,81,81,81,81,81,81],"card_choices":[{"not_picked":["Fusion","Ball Lightning"],"picked":"Go for the Eyes","floor":1},{"not_picked":["Compile Driver","Chaos"],"picked":"Undo","floor":2},{"not_picked":["Reprogram","Undo"],"picked":"Loop","floor":4},{"not_picked":["Conserve Battery","Consume"],"picked":"Loop","floor":6},{"not_picked":["Coolheaded","Skim"],"picked":"Hologram","floor":12},{"not_picked":["Turbo","Fission","Beam Cell"],"picked":"SKIP","floor":13},{"not_picked":["Sweeping Beam","Ball Lightning"],"picked":"Static Discharge+1","floor":14},{"not_picked":["Core Surge","Thunder Strike"],"picked":"Buffer+1","floor":16},{"not_picked":["Beam Cell","Redo+1"],"picked":"Static Discharge+1","floor":18},{"not_picked":["Cold Snap","Stack"],"picked":"Coolheaded","floor":20},{"not_picked":["Compile Driver","Leap"],"picked":"Go for the Eyes","floor":21},{"not_picked":["Sunder","Turbo"],"picked":"Rainbow","floor":24},{"not_picked":["Cold Snap","Hologram"],"picked":"Loop+1","floor":28},{"not_picked":["Turbo","Steam Power","Gash+1"],"picked":"SKIP","floor":29},{"not_picked":["Conserve Battery+1","Ball Lightning"],"picked":"Loop+1","floor":31}],"player_experience":629355,"relics_obtained":[{"floor":6,"key":"Pear"},{"floor":9,"key":"Frozen Egg 2"},{"floor":12,"key":"Thread and Needle"},{"floor":17,"key":"Orichalcum"},{"floor":17,"key":"Cables"},{"floor":17,"key":"Torii"},{"floor":24,"key":"Darkstone Periapt"},{"floor":26,"key":"Centennial Puzzle"},{"floor":31,"key":"Nunchaku"},{"floor":31,"key":"Bottled Tornado"}],"event_choices":[{"damage_healed":0,"gold_gain":0,"player_choice":"Upgraded","damage_taken":0,"max_hp_gain":0,"max_hp_loss":0,"event_name":"Upgrade Shrine","floor":3,"gold_loss":0,"cards_upgraded":["Zap"]},{"cards_removed":["Defend_B"],"damage_healed":0,"gold_gain":0,"player_choice":"Card Removal","damage_taken":0,"max_hp_gain":0,"max_hp_loss":0,"event_name":"The Cleric","floor":5,"gold_loss":75},{"damage_healed":0,"gold_gain":30,"player_choice":"Searched \u00271\u0027 times","damage_taken":0,"max_hp_gain":0,"max_hp_loss":0,"event_name":"Dead Adventurer","floor":7,"gold_loss":0},{"damage_healed":0,"gold_gain":0,"cards_transformed":["Strike_B","Strike_B"],"player_choice":"Became Test Subject","damage_taken":0,"max_hp_gain":0,"max_hp_loss":0,"event_name":"Drug Dealer","floor":25,"gold_loss":0,"cards_obtained":["Reinforced Body","Self Repair"]},{"cards_removed":["Shame"],"damage_healed":0,"gold_gain":0,"player_choice":"Elegance","damage_taken":0,"max_hp_gain":0,"max_hp_loss":0,"event_name":"Back to Basics","floor":27,"gold_loss":0},{"damage_healed":0,"gold_gain":0,"player_choice":"Fight","damage_taken":0,"max_hp_gain":0,"max_hp_loss":0,"event_name":"Colosseum","floor":31,"gold_loss":0},{"damage_healed":0,"gold_gain":0,"player_choice":"Fought Nobs","damage_taken":0,"max_hp_gain":0,"max_hp_loss":0,"event_name":"Colosseum","floor":31,"gold_loss":0}],"is_beta":false,"boss_relics":[{"not_picked":["Eternal Feather","Inserter"],"picked":"Calling Bell"}],"items_purged_floors":[19],"is_endless":false,"potions_floor_spawned":[1,12,13,18,20,29],"killed_by":"Automaton","ascension_level":20}