{"gold_per_floor":[109,122,136,136,61,91,91,101,101,101,115,146,166,21,21,94,144,156,156,156,174,174,174,185,213,267,293,311,311],"floor_reached":29,"playtime":2164,"items_purged":[],"score":472,"play_id":"e700437f-ece0-48a9-81de-56ffcd9d5b04","local_time":"20190114144045","is_ascension_mode":true,"campfire_choices":[{"data":"Noxious Fumes","floor":7.0,"key":"SMITH"},{"data":"Unload","floor":10.0,"key":"SMITH"},{"floor":15.0,"key":"REST"},{"data":"Malaise","floor":23.0,"key":"SMITH"}],"neow_cost":"NONE","seed_source_timestamp":80210600514651,"circlet_count":0,"master_deck":["AscendersBane","Defend_G","Defend_G+1","Defend_G","Defend_G","Defend_G","Strike_G","Strike_G","Strike_G","Strike_G","Survivor","Neutralize","Poisoned Stab","Sucker Punch","Noxious Fumes+1","Unload+1","Catalyst","Deflect","Leg Sweep","Backflip","Dagger Spray","Well Laid Plans","Malaise+1","RitualDagger","Dodge and Roll+1"],"special_seed":0,"relics":["Ring of the Snake","NeowsBlessing","Lantern","Incense Burner","Tiny House","Boot","Dream Catcher","Snake Skull"],"potions_floor_usage":[],"damage_taken":[{"damage":0.0,"enemies":"Jaw Worm","floor":1.0,"turns":1.0},{"damage":0.0,"enemies":"Cultist","floor":2.0,"turns":1.0},{"damage":0.0,"enemies":"Small Slimes","floor":3.0,"turns":1.0},{"damage":17.0,"enemies":"Gremlin Nob","floor":6.0,"turns":4.0},{"damage":7.0,"enemies":"Blue Slaver","floor":8.0,"turns":4.0},{"damage":4.0,"enemies":"Lots of Slimes","floor":11.0,"turns":5.0},{"damage":18.0,"enemies":"3 Sentries","floor":12.0,"turns":8.0},{"damage":9.0,"enemies":"Large Slime","floor":13.0,"turns":5.0},{"damage":33.0,"enemies":"Slime Boss","floor":16.0,"turns":9.0},{"damage":1.0,"enemies":"3 Byrds","floor":18.0,"turns":7.0},{"damage":7.0,"enemies":"Shell Parasite","floor":21.0,"turns":6.0},{"damage":49.0,"enemies":"3 Cultists","floor":24.0,"turns":7.0},{"damage":6.0,"enemies":"Gremlin Leader","floor":25.0,"turns":11.0},{"damage":0,"enemies":"Snecko","floor":28,"turns":7},{"damage":13,"enemies":"Centurion and Healer","floor":29,"turns":4}],"seed_played":"-8608171439162816714","potions_obtained":[{"floor":1.0,"key":"FearPotion"},{"floor":3.0,"key":"FairyPotion"},{"floor":8.0,"key":"GamblersBrew"},{"floor":12.0,"key":"Ancient Potion"},{"floor":13.0,"key":"AttackPotion"},{"floor":17.0,"key":"Regen Potion"},{"floor":20.0,"key":"SkillPotion"},{"floor":21.0,"key":"LiquidBronze"},{"floor":25.0,"key":"Fire Potion"},{"floor":28,"key":"Dexterity Potion"}],"is_trial":false,"path_per_floor":["M","M","M","?","$","E","R","M","T","R","M","E","M","$","R","B",null,"M","?","?","M","?","R","M","E","T","T","M","M"],"character_chosen":"THE_SILENT","items_purchased":["Noxious Fumes","Dagger Spray","Well Laid Plans"],"campfire_rested":1,"item_purchase_floors":[5,14,14],"current_hp_per_floor":[59,59,59,59,59,42,42,35,35,35,31,13,4,4,23,5,56,55,55,55,48,42,42,8,2,2,2,2,0],"gold":311,"neow_bonus":"THREE_ENEMY_KILL","is_prod":false,"is_daily":false,"chose_seed":false,"campfire_upgraded":3,"win_rate":0,"timestamp":1547437245,"path_taken":["M","M","M","?","$","E","R","M","T","R","M","E","?","$","R","BOSS","M","?","?","?","?","R","M","E","T","?","M","?"],"build_version":"2019-01-10","purchased_purges":0,"victory":false,"max_hp_per_floor":[66,66,66,66,66,66,66,66,66,66,66,66,66,66,66,66,71,71,71,71,71,71,71,71,71,71,71,71,71],"card_choices":[{"not_picked":["Tactician","Slice"],"picked":"Poisoned Stab","floor":1.0},{"not_picked":["Acrobatics","Distraction"],"picked":"Sucker Punch","floor":2.0},{"not_picked":["Masterful Stab","Deadly Poison","Backflip"],"picked":"SKIP","floor":3.0},{"not_picked":["Bouncing Flask","Catalyst"],"picked":"Unload","floor":6.0},{"not_picked":["Flying Knee","Noxious Fumes"],"picked":"Catalyst","floor":8.0},{"not_picked":["Poisoned Stab","Finisher"],"picked":"Deflect","floor":11.0},{"not_picked":["Calculated Gamble","Skewer"],"picked":"Leg Sweep","floor":12.0},{"not_picked":["Blade Dance","Blur"],"picked":"Backflip","floor":13.0},{"not_picked":["Adrenaline","Phantasmal Killer"],"picked":"Malaise","floor":16.0},{"not_picked":["Slice","Choke","Deadly Poison"],"picked":"SKIP","floor":18.0},{"not_picked":["Flying Knee","Underhanded Strike","Choke+1"],"picked":"SKIP","floor":21.0},{"not_picked":["Deadly Poison","Prepared"],"picked":"Dodge and Roll+1","floor":24.0},{"not_picked":["Noxious Fumes","Night Terror","Acrobatics"],"picked":"SKIP","floor":25.0},{"not_picked":["Tactician","Choke","Cloak And Dagger"],"picked":"SKIP","floor":28}],"player_experience":548062,"relics_obtained":[{"floor":6.0,"key":"Lantern"},{"floor":12.0,"key":"Incense Burner"},{"floor":25.0,"key":"Boot"},{"floor":26.0,"key":"Dream Catcher"},{"floor":27.0,"key":"Snake Skull"}],"event_choices":[{"cards_removed":["Strike_G"],"damage_healed":0.0,"max_hp_gain":0.0,"max_hp_loss":0.0,"gold_gain":0.0,"event_name":"Bonfire Elementals","player_choice":"Offered Basic","floor":4.0,"gold_loss":0.0,"damage_taken":0.0},{"damage_healed":0.0,"max_hp_gain":0.0,"max_hp_loss":0.0,"gold_gain":0.0,"event_name":"The Mausoleum","player_choice":"Ignored","floor":19.0,"gold_loss":0.0,"damage_taken":0.0},{"damage_healed":0.0,"max_hp_gain":0.0,"max_hp_loss":0.0,"gold_gain":0.0,"event_name":"Lab","player_choice":"Got Potions","floor":20.0,"gold_loss":0.0,"damage_taken":0.0},{"damage_healed":0.0,"max_hp_gain":0.0,"max_hp_loss":0.0,"gold_gain":0.0,"event_name":"Nest","player_choice":"Joined the Cult","floor":22.0,"gold_loss":0.0,"damage_taken":6.0,"cards_obtained":["RitualDagger"]}],"is_beta":false,"boss_relics":[{"not_picked":["Ectoplasm","Black Star"],"picked":"Tiny House"}],"items_purged_floors":[],"is_endless":false,"potions_floor_spawned":[1,3,8,12,13,21,25,28],"killed_by":"Centurion and Healer","ascension_level":17}