{"gold_per_floor":[115,131,131,154,174,200,9,26,106,125,152,152,185,203,203,300,300,314,314,119,139,153,153,188,188,188,207,207,85,85,98,98,98],"floor_reached":33,"playtime":2704,"items_purged":["Strike_R","Strike_R"],"score":398,"play_id":"052bb99a-14dc-4511-ab46-70d5ecb79b13","local_time":"20190720155834","is_ascension_mode":true,"campfire_choices":[{"data":"Bash","floor":12,"key":"SMITH"},{"data":"Seeing Red","floor":15,"key":"SMITH"},{"data":"Feed","floor":23,"key":"SMITH"},{"data":"Double Tap","floor":30,"key":"SMITH"},{"data":"Armaments","floor":32,"key":"SMITH"}],"neow_cost":"NONE","seed_source_timestamp":0,"circlet_count":0,"master_deck":["Strike_R+1","Strike_R","Strike_R+1","Defend_R","Defend_R","Defend_R","Defend_R","Bash+1","Disarm","Iron Wave","Pommel Strike","Combust","Headbutt","Thunderclap","Metallicize","Double Tap+1","Seeing Red+1","Reaper","Feed+1","Seeing Red","Burning Pact+1","Shockwave+1","Brutality","Clumsy","Armaments+1","Spot Weakness"],"special_seed":0,"relics":["Black Blood","NeowsBlessing","Meat on the Bone","Happy Flower","Ancient Tea Set","Membership Card","Self Forming Clay","Pen Nib","Nunchaku","Red Skull","Strawberry","Shuriken","Incense Burner","Whetstone"],"potions_floor_usage":[13,16,18,33,33,33],"damage_taken":[{"damage":0,"enemies":"Cultist","floor":1,"turns":1},{"damage":0,"enemies":"Jaw Worm","floor":2,"turns":1},{"damage":0,"enemies":"Small Slimes","floor":5,"turns":2},{"damage":40,"enemies":"3 Sentries","floor":6,"turns":10},{"damage":8,"enemies":"Blue Slaver","floor":8,"turns":4},{"damage":12,"enemies":"Lots of Slimes","floor":10,"turns":4},{"damage":21,"enemies":"Gremlin Nob","floor":11,"turns":4},{"damage":6,"enemies":"3 Sentries","floor":13,"turns":4},{"damage":9,"enemies":"2 Fungi Beasts","floor":14,"turns":2},{"damage":22,"enemies":"The Guardian","floor":16,"turns":9},{"damage":15,"enemies":"Spheric Guardian","floor":18,"turns":5},{"damage":34,"enemies":"2 Thieves","floor":21,"turns":5},{"damage":45,"enemies":"Snake Plant","floor":22,"turns":5},{"damage":47,"enemies":"Book of Stabbing","floor":24,"turns":5},{"damage":9,"enemies":"Centurion and Healer","floor":27,"turns":6},{"damage":14,"enemies":"Chosen and Byrds","floor":31,"turns":3},{"damage":74,"enemies":"Automaton","floor":33,"turns":7}],"seed_played":"5115054188201563242","potions_obtained":[{"floor":1,"key":"GamblersBrew"},{"floor":6,"key":"EssenceOfSteel"},{"floor":11,"key":"Fire Potion"},{"floor":16,"key":"Dexterity Potion"},{"floor":18,"key":"Block Potion"},{"floor":27,"key":"SteroidPotion"},{"floor":31,"key":"AttackPotion"}],"is_trial":false,"path_per_floor":["M","M","?","T","M","E","$","M","T","M","E","R","E","M","R","B",null,"M","?","$","M","M","R","E","?","T","M","?","$","R","M","R","B"],"character_chosen":"IRONCLAD","items_purchased":["Membership Card","Feed","Seeing Red","Strawberry","Whetstone"],"campfire_rested":0,"item_purchase_floors":[7,20,20,20,29],"current_hp_per_floor":[78,80,77,77,80,58,58,56,56,50,47,47,47,56,56,52,73,68,68,75,63,51,51,38,21,21,62,62,62,62,74,74,0],"gold":98,"neow_bonus":"THREE_ENEMY_KILL","is_prod":false,"is_daily":false,"chose_seed":false,"campfire_upgraded":5,"win_rate":0,"timestamp":1563609514,"path_taken":["M","M","?","?","?","E","$","M","T","M","E","R","E","M","R","BOSS","M","?","$","?","M","R","E","?","T","M","?","$","R","?","R","BOSS"],"build_version":"2019-07-17","purchased_purges":2,"victory":false,"max_hp_per_floor":[80,80,80,80,80,80,80,80,80,80,80,80,80,80,80,80,80,80,80,87,87,87,87,87,92,92,96,96,96,96,96,96,96],"card_choices":[{"not_picked":["Headbutt","Twin Strike"],"picked":"Disarm","floor":1},{"not_picked":["Spot Weakness","Reckless Charge"],"picked":"Iron Wave","floor":2},{"not_picked":["Shrug It Off","Anger"],"picked":"Pommel Strike","floor":5},{"not_picked":["Limit Break","Warcry"],"picked":"Combust","floor":6},{"not_picked":["Evolve","Ghostly Armor"],"picked":"Headbutt","floor":8},{"not_picked":["Armaments","Headbutt"],"picked":"Thunderclap","floor":10},{"not_picked":["Fire Breathing","Sword Boomerang"],"picked":"Metallicize","floor":11},{"not_picked":["Rupture","Shrug It Off"],"picked":"Double Tap","floor":13},{"not_picked":["Twin Strike","True Grit"],"picked":"Seeing Red","floor":14},{"not_picked":["Dark Embrace","Berserk"],"picked":"Reaper","floor":16},{"not_picked":["Flex+1","Clothesline","Sword Boomerang"],"picked":"SKIP","floor":18},{"not_picked":["Armaments","Flex"],"picked":"Burning Pact+1","floor":21},{"not_picked":["Sword Boomerang+1","Metallicize","Whirlwind"],"picked":"SKIP","floor":22},{"not_picked":["Flame Barrier","Havoc"],"picked":"Shockwave+1","floor":24},{"not_picked":["Wild Strike+1","Pummel"],"picked":"Brutality","floor":27},{"not_picked":["Perfected Strike+1","Havoc","Armaments"],"picked":"SKIP","floor":31}],"player_experience":265647,"relics_obtained":[{"floor":4,"key":"Happy Flower"},{"floor":6,"key":"Ancient Tea Set"},{"floor":9,"key":"Self Forming Clay"},{"floor":11,"key":"Pen Nib"},{"floor":13,"key":"Nunchaku"},{"floor":19,"key":"Red Skull"},{"floor":24,"key":"Shuriken"},{"floor":26,"key":"Incense Burner"}],"event_choices":[{"damage_healed":0,"gold_gain":0,"player_choice":"Success","damage_taken":3,"relics_obtained":["Meat on the Bone"],"max_hp_gain":0,"max_hp_loss":0,"event_name":"Scrap Ooze","floor":3,"gold_loss":0},{"damage_healed":0,"gold_gain":0,"player_choice":"Relic","damage_taken":0,"max_hp_gain":0,"max_hp_loss":0,"event_name":"Wheel of Change","floor":19,"gold_loss":0},{"damage_healed":0,"gold_gain":0,"player_choice":"Shed Blood","damage_taken":22,"max_hp_gain":5,"max_hp_loss":0,"event_name":"Forgotten Altar","floor":25,"gold_loss":0},{"damage_healed":0,"gold_gain":0,"player_choice":"3 cards matched","damage_taken":0,"max_hp_gain":0,"max_hp_loss":0,"event_name":"Match and Keep!","floor":28,"gold_loss":0,"cards_obtained":["Clumsy","Armaments","Spot Weakness"]}],"is_beta":false,"boss_relics":[{"not_picked":["Fusion Hammer","Ectoplasm"],"picked":"Black Blood"}],"items_purged_floors":[20,29],"is_endless":false,"potions_floor_spawned":[1,6,11,16,18,27,31],"killed_by":"Automaton","ascension_level":6}