{"gold_per_floor":[361,379,379,147,162,162,195,195,240,240,251,262,288,10,10,113,113,129,25,53,53,53,53,64,1,27,45,45,62,92,92,92,193,193,206,606,625,625,636,667,889,889,913,933,447,447,478,478,478,478],"floor_reached":50,"playtime":2414,"items_purged":["Writhe","Strike_R","Strike_R","Bash+1"],"score":593,"play_id":"3f1a5278-a9ea-4ab7-bd27-4e787d843a7b","local_time":"20190108221512","is_ascension_mode":true,"campfire_choices":[{"data":"Pommel Strike","floor":6.0,"key":"SMITH"},{"data":"Pommel Strike","floor":8.0,"key":"SMITH"},{"data":"Immolate","floor":10.0,"key":"SMITH"},{"data":"True Grit","floor":15.0,"key":"SMITH"},{"data":"True Grit","floor":23.0,"key":"SMITH"},{"data":"Body Slam","floor":28.0,"key":"SMITH"},{"data":"Body Slam","floor":32.0,"key":"SMITH"},{"floor":42.0,"key":"RECALL"},{"floor":46.0,"key":"REST"},{"floor":49.0,"key":"REST"}],"neow_cost":"CURSE","seed_source_timestamp":126380988743056,"circlet_count":0,"master_deck":["Strike_R","Strike_R","Defend_R","Defend_R","Defend_R","Defend_R","Inflame+1","Pommel Strike+1","Immolate+1","Fiend Fire","Pommel Strike+1","Battle Trance","Rampage+1","True Grit+1","Flame Barrier","Barricade","True Grit+1","True Grit+1","Body Slam+1","Body Slam+1","Flame Barrier","Shrug It Off+1","Impervious","Juggernaut","Double Tap","Battle Trance"],"special_seed":0,"relics":["Burning Blood","Blood Vial","Lantern","Odd Mushroom","Membership Card","Mark of Pain","DollysMirror","Red Mask","MutagenicStrength","Whetstone","FossilizedHelix","Lizard Tail","Old Coin","WingedGreaves","Bag of Marbles","PreservedInsect","Frozen Eye","Calipers"],"potions_floor_usage":[],"damage_taken":[{"damage":6.0,"enemies":"2 Louse","floor":1.0,"turns":3.0},{"damage":1.0,"enemies":"Cultist","floor":2.0,"turns":4.0},{"damage":1.0,"enemies":"Jaw Worm","floor":5.0,"turns":3.0},{"damage":15.0,"enemies":"Gremlin Nob","floor":7.0,"turns":4.0},{"damage":12.0,"enemies":"Large Slime","floor":11.0,"turns":4.0},{"damage":0.0,"enemies":"3 Louse","floor":12.0,"turns":1.0},{"damage":0.0,"enemies":"The Mushroom Lair","floor":13.0,"turns":1.0},{"damage":36.0,"enemies":"The Guardian","floor":16.0,"turns":10.0},{"damage":8.0,"enemies":"2 Thieves","floor":18.0,"turns":3.0},{"damage":0.0,"enemies":"Masked Bandits","floor":20.0,"turns":2.0},{"damage":1.0,"enemies":"Spheric Guardian","floor":24.0,"turns":3.0},{"damage":9.0,"enemies":"Snake Plant","floor":27.0,"turns":5.0},{"damage":15.0,"enemies":"Snecko","floor":29.0,"turns":5.0},{"damage":20.0,"enemies":"Slavers","floor":30.0,"turns":5.0},{"damage":3.0,"enemies":"Champ","floor":33.0,"turns":13.0},{"damage":16.0,"enemies":"3 Darklings","floor":35.0,"turns":3.0},{"damage":0.0,"enemies":"Mind Bloom Boss Battle","floor":36.0,"turns":6.0},{"damage":0.0,"enemies":"Orb Walker","floor":37.0,"turns":4.0},{"damage":50.0,"enemies":"Sphere and 2 Shapes","floor":39.0,"turns":7.0},{"damage":21.0,"enemies":"Giant Head","floor":40.0,"turns":8.0},{"damage":40.0,"enemies":"Transient","floor":44.0,"turns":5.0},{"damage":0.0,"enemies":"Reptomancer","floor":47.0,"turns":4.0},{"damage":109,"enemies":"Time Eater","floor":50,"turns":15}],"seed_played":"4464351868898682083","potions_obtained":[{"floor":1.0,"key":"AttackPotion"},{"floor":2.0,"key":"BloodPotion"},{"floor":5.0,"key":"Dexterity Potion"},{"floor":11.0,"key":"Regen Potion"},{"floor":33.0,"key":"GamblersBrew"},{"floor":40.0,"key":"Regen Potion"}],"is_trial":false,"path_per_floor":["M","M","?","$","M","R","E","R","T","R","M","M","?","$","R","B",null,"M","$","?","?","?","R","M","$","T","M","R","M","E","?","R","B",null,"M","?","M","?","M","E","?","R","T","M","$","R","E","?","R","B"],"character_chosen":"IRONCLAD","items_purchased":["Immolate","Membership Card","Flame Barrier","DollysMirror","Bag of Marbles","Double Tap","PreservedInsect","Frozen Eye","Strength Potion","Strength Potion","Swift Potion"],"campfire_rested":2,"item_purchase_floors":[4,14,14,19,45,45,45,45,45,45,45],"current_hp_per_floor":[80,80,80,80,80,80,71,71,71,71,67,75,80,80,80,50,80,78,78,80,80,80,80,80,80,80,77,77,70,58,58,58,63,80,70,78,80,76,32,34,34,34,34,7,7,29,37,37,59,0],"gold":478,"neow_bonus":"TWO_FIFTY_GOLD","is_prod":false,"is_daily":false,"chose_seed":false,"campfire_upgraded":7,"win_rate":0,"timestamp":1546946112,"path_taken":["M","M","?","$","M","R","E","R","T","R","?","M","?","$","R","BOSS","M","$","?","?","?","R","M","$","T","M","R","?","E","?","R","BOSS","M","?","M","?","M","E","?","R","T","M","$","R","E","?","R","BOSS"],"build_version":"2019-01-03v4","purchased_purges":4,"victory":false,"max_hp_per_floor":[80,80,80,80,80,80,80,80,80,80,80,80,80,80,80,80,80,80,80,80,80,80,80,80,80,80,80,80,80,80,80,80,80,80,80,80,80,76,76,76,76,76,76,76,76,76,76,76,76,76],"card_choices":[{"not_picked":["Power Through","Bloodletting"],"picked":"Inflame","floor":1.0},{"not_picked":["Iron Wave","Anger"],"picked":"Pommel Strike","floor":2.0},{"not_picked":["Perfected Strike","Flex"],"picked":"Fiend Fire","floor":5.0},{"not_picked":["Armaments","Rage"],"picked":"Pommel Strike","floor":7.0},{"not_picked":["Power Through","Sword Boomerang"],"picked":"Battle Trance","floor":11.0},{"not_picked":["Sentinel","Whirlwind"],"picked":"Rampage","floor":12.0},{"not_picked":["Iron Wave","Hemokinesis"],"picked":"True Grit","floor":13.0},{"not_picked":["Bludgeon","Dark Embrace"],"picked":"Barricade","floor":16.0},{"not_picked":["Body Slam","Clash+1"],"picked":"True Grit","floor":18.0},{"not_picked":["Infernal Blade","True Grit"],"picked":"Body Slam","floor":20.0},{"not_picked":["Bloodletting","Flex+1","Infernal Blade"],"picked":"SKIP","floor":24.0},{"not_picked":["Wild Strike","Twin Strike"],"picked":"Body Slam","floor":27.0},{"not_picked":["Seeing Red","Clothesline+1"],"picked":"Flame Barrier","floor":29.0},{"not_picked":["Warcry","Sword Boomerang"],"picked":"Shrug It Off+1","floor":30.0},{"not_picked":["Feed","Exhume"],"picked":"Impervious","floor":33.0},{"not_picked":["Sword Boomerang","Headbutt","Warcry"],"picked":"SKIP","floor":35.0},{"not_picked":["Spot Weakness","Havoc","Clothesline+1"],"picked":"SKIP","floor":37.0},{"not_picked":["Sever Soul","Inflame+1"],"picked":"Juggernaut","floor":39.0},{"not_picked":["Clothesline","Havoc","Thunderclap+1"],"picked":"SKIP","floor":40.0},{"not_picked":["Sentinel","Whirlwind","Cleave"],"picked":"SKIP","floor":44.0},{"not_picked":["Dual Wield","Sentinel"],"picked":"Battle Trance","floor":47.0}],"player_experience":513563,"relics_obtained":[{"floor":7.0,"key":"Blood Vial"},{"floor":9.0,"key":"Lantern"},{"floor":13.0,"key":"Odd Mushroom"},{"floor":20.0,"key":"Red Mask"},{"floor":26.0,"key":"Whetstone"},{"floor":30.0,"key":"FossilizedHelix"},{"floor":36.0,"key":"Old Coin"},{"floor":40.0,"key":"WingedGreaves"},{"floor":47.0,"key":"Calipers"}],"event_choices":[{"damage_healed":0.0,"max_hp_gain":0.0,"max_hp_loss":0.0,"gold_gain":0.0,"event_name":"Accursed Blacksmith","player_choice":"Forge","floor":3.0,"gold_loss":0.0,"damage_taken":0.0,"cards_upgraded":["Inflame"]},{"damage_healed":0.0,"max_hp_gain":0.0,"max_hp_loss":0.0,"gold_gain":0.0,"event_name":"Mushrooms","player_choice":"Fought Mushrooms","floor":13.0,"gold_loss":0.0,"damage_taken":0.0},{"damage_healed":0.0,"max_hp_gain":0.0,"max_hp_loss":0.0,"gold_gain":0.0,"event_name":"Masked Bandits","player_choice":"Fought Bandits","floor":20.0,"gold_loss":0.0,"damage_taken":0.0},{"damage_healed":0.0,"max_hp_gain":0.0,"max_hp_loss":0.0,"gold_gain":0.0,"event_name":"Drug Dealer","player_choice":"Inject Mutagens","floor":21.0,"gold_loss":0.0,"damage_taken":0.0,"relics_obtained":["MutagenicStrength"]},{"damage_healed":0.0,"max_hp_gain":0.0,"max_hp_loss":0.0,"gold_gain":0.0,"event_name":"NoteForYourself","player_choice":"Ignored","floor":22.0,"gold_loss":0.0,"damage_taken":0.0},{"damage_healed":0.0,"max_hp_gain":0.0,"max_hp_loss":0.0,"gold_gain":0.0,"event_name":"Ghosts","player_choice":"Ignored","floor":31.0,"gold_loss":0.0,"damage_taken":0.0},{"damage_healed":0.0,"max_hp_gain":0.0,"max_hp_loss":0.0,"gold_gain":0.0,"event_name":"MindBloom","player_choice":"Fight","floor":36.0,"gold_loss":0.0,"damage_taken":0.0},{"damage_healed":0.0,"max_hp_gain":0.0,"max_hp_loss":4.0,"gold_gain":0.0,"event_name":"Winding Halls","player_choice":"Max HP","floor":38.0,"gold_loss":0.0,"damage_taken":0.0},{"damage_healed":0.0,"max_hp_gain":0.0,"max_hp_loss":0.0,"gold_gain":222.0,"event_name":"Tomb of Lord Red Mask","player_choice":"Wore Mask","floor":41.0,"gold_loss":0.0,"damage_taken":0.0},{"cards_removed":["Strike_R"],"damage_healed":0.0,"max_hp_gain":0.0,"max_hp_loss":0.0,"gold_gain":0.0,"event_name":"Falling","player_choice":"Removed Attack","floor":48.0,"gold_loss":0.0,"damage_taken":0.0}],"is_beta":false,"boss_relics":[{"not_picked":["White Beast Statue","Busted Crown"],"picked":"Mark of Pain"},{"not_picked":["Runic Cube","Runic Pyramid"],"picked":"Lizard Tail"}],"items_purged_floors":[4,14,25,45],"is_endless":false,"potions_floor_spawned":[1,2,5,11,24,27,33,35,36,40],"killed_by":"Time Eater","ascension_level":1}