{"gold_per_floor":[111,130,144,144,158,158,26,36,63,77,77,77,107,107,107,184,184,198,198,210,210,228,228,243,243,243,254,254],"floor_reached":28,"playtime":1124,"items_purged":["Strike_G"],"score":445,"play_id":"c7e61e04-332c-4dbe-922d-ab1897d5b73e","local_time":"20181230185333","is_ascension_mode":true,"campfire_choices":[{"data":"Noxious Fumes","floor":6.0,"key":"SMITH"},{"data":"Deadly Poison","floor":12.0,"key":"SMITH"},{"data":"Neutralize","floor":15.0,"key":"SMITH"},{"data":"Deadly Poison","floor":23,"key":"SMITH"},{"data":"Cloak And Dagger","floor":25,"key":"SMITH"}],"neow_cost":"NONE","seed_source_timestamp":27095508819760,"circlet_count":0,"master_deck":["AscendersBane","Defend_G","Defend_G","Defend_G","Defend_G","Defend_G","Strike_G","Strike_G","Strike_G","Survivor","Neutralize+1","Backflip","Noxious Fumes+1","Poisoned Stab","Dagger Throw","Deadly Poison+1","Noxious Fumes+1","Corpse Explosion","Cloak And Dagger+1","Acrobatics","Deadly Poison+1","Leg Sweep"],"special_seed":0,"relics":["Philosopher\u0027s Stone","Dream Catcher","Blood Vial","Coffee Dripper","GremlinMask","Blue Candle"],"potions_floor_usage":[27,28],"damage_taken":[{"damage":1.0,"enemies":"2 Louse","floor":1.0,"turns":3.0},{"damage":0.0,"enemies":"Cultist","floor":2.0,"turns":4.0},{"damage":0.0,"enemies":"Small Slimes","floor":3.0,"turns":6.0},{"damage":0.0,"enemies":"3 Louse","floor":5.0,"turns":4.0},{"damage":13.0,"enemies":"Exordium Thugs","floor":8.0,"turns":4.0},{"damage":9.0,"enemies":"Gremlin Gang","floor":10.0,"turns":5.0},{"damage":16.0,"enemies":"Lagavulin","floor":13.0,"turns":6.0},{"damage":32.0,"enemies":"Slime Boss","floor":16.0,"turns":8.0},{"damage":21.0,"enemies":"Spheric Guardian","floor":18.0,"turns":5.0},{"damage":7.0,"enemies":"Shell Parasite","floor":20.0,"turns":4.0},{"damage":5.0,"enemies":"Cultist and Chosen","floor":22.0,"turns":5.0},{"damage":6,"enemies":"Centurion and Healer","floor":24,"turns":4},{"damage":13,"enemies":"Snake Plant","floor":27,"turns":4},{"damage":19,"enemies":"3 Cultists","floor":28,"turns":4}],"seed_played":"5681653954135855695","potions_obtained":[{"floor":1.0,"key":"SkillPotion"},{"floor":2.0,"key":"EntropicBrew"},{"floor":3.0,"key":"PowerPotion"},{"floor":10.0,"key":"SpeedPotion"},{"floor":16.0,"key":"Energy Potion"},{"floor":24,"key":"LiquidBronze"}],"is_trial":false,"path_per_floor":["M","M","M","?","M","R","$","M","T","?","R","E","?","R",null,"M","?","M","?","M","M","R","T","M","M"],"character_chosen":"THE_SILENT","items_purchased":["Dagger Throw"],"campfire_rested":0,"item_purchase_floors":[7],"current_hp_per_floor":[58,58,58,58,58,58,58,45,45,36,58,58,42,42,42,12,53,34,34,29,29,26,26,22,22,22,11,0],"gold":254,"neow_bonus":"BOSS_RELIC","is_prod":false,"is_daily":false,"chose_seed":false,"campfire_upgraded":5,"win_rate":0,"timestamp":1546156413,"path_taken":["M","M","M","?","M","R","$","M","T","?","?","R","E","?","R","BOSS","M","?","?","?","M","R","M","R","T","M","M"],"build_version":"2018-12-25","purchased_purges":1,"victory":false,"max_hp_per_floor":[66,66,66,66,66,66,66,66,66,66,66,66,66,66,66,66,66,66,66,66,66,66,66,66,66,66,66,66],"card_choices":[{"not_picked":["Endless Agony","Flying Knee"],"picked":"Backflip","floor":1.0},{"not_picked":["Quick Slash","Infinite Blades"],"picked":"Noxious Fumes","floor":2.0},{"not_picked":["Dagger Throw","Outmaneuver"],"picked":"Poisoned Stab","floor":3.0},{"not_picked":["Flechettes","Poisoned Stab","Underhanded Strike"],"picked":"SKIP","floor":5.0},{"not_picked":["Acrobatics","Underhanded Strike"],"picked":"Deadly Poison","floor":8.0},{"not_picked":["Underhanded Strike","Blade Dance","Dagger Throw"],"picked":"SKIP","floor":10.0},{"not_picked":["Sucker Punch","Deadly Poison"],"picked":"Noxious Fumes","floor":13.0},{"not_picked":["Glass Knife","Burst"],"picked":"Corpse Explosion","floor":16.0},{"not_picked":["Tactician","Prepared"],"picked":"Cloak And Dagger","floor":18.0},{"not_picked":["Caltrops","Distraction"],"picked":"Acrobatics","floor":20.0},{"not_picked":["Choke","Underhanded Strike"],"picked":"Deadly Poison","floor":22.0},{"not_picked":["Underhanded Strike+1","Endless Agony","Deflect"],"picked":"SKIP","floor":24},{"not_picked":["Underhanded Strike+1","Endless Agony","Deflect"],"picked":"SKIP","floor":24},{"not_picked":["Underhanded Strike+1","Endless Agony","Deflect"],"picked":"SKIP","floor":24},{"not_picked":["Blade Dance","Infinite Blades+1"],"picked":"Leg Sweep","floor":27}],"player_experience":503254,"relics_obtained":[{"floor":9.0,"key":"Dream Catcher"},{"floor":13.0,"key":"Blood Vial"},{"floor":26,"key":"Blue Candle"}],"event_choices":[{"cards_removed":["Strike_G"],"damage_healed":0.0,"max_hp_gain":0.0,"max_hp_loss":0.0,"gold_gain":0.0,"event_name":"Bonfire Elementals","player_choice":"Offered Basic","floor":4.0,"gold_loss":0.0,"damage_taken":0.0},{"damage_healed":22.0,"max_hp_gain":0.0,"max_hp_loss":0.0,"gold_gain":0.0,"event_name":"Big Fish","player_choice":"Banana","floor":11.0,"gold_loss":0.0,"damage_taken":0.0},{"damage_healed":0.0,"max_hp_gain":0.0,"max_hp_loss":0.0,"gold_gain":0.0,"event_name":"Accursed Blacksmith","player_choice":"Forge","floor":14.0,"gold_loss":0.0,"damage_taken":0.0,"cards_upgraded":["Noxious Fumes"]},{"damage_healed":0.0,"max_hp_gain":0.0,"max_hp_loss":0.0,"gold_gain":0.0,"event_name":"FaceTrader","player_choice":"Trade","floor":19.0,"gold_loss":0.0,"damage_taken":0.0,"relics_obtained":["GremlinMask"]},{"damage_healed":0.0,"max_hp_gain":0.0,"max_hp_loss":0.0,"gold_gain":0.0,"event_name":"Cursed Tome","player_choice":"Ignored","floor":21.0,"gold_loss":0.0,"damage_taken":0.0}],"is_beta":true,"boss_relics":[{"not_picked":["WristBlade","HoveringKite"],"picked":"Coffee Dripper"}],"items_purged_floors":[7],"is_endless":false,"potions_floor_spawned":[1,2,3,5,10,16,22,24],"killed_by":"3 Cultists","ascension_level":16}