{"gold_per_floor":[118,133,144,144,114,114,114,140,140,140,140,27,43,68,68,196,196,211,236,261,148,163,163,177,177,177,177,177,2,2,2,2,102,102,112,112,112,74,87,87],"floor_reached":40,"playtime":6474,"items_purged":["Defend_G","Defend_G"],"score":409,"play_id":"555c3327-f929-4cb6-8354-37c893bcd886","local_time":"20190719042022","is_ascension_mode":false,"campfire_choices":[{"data":"Finisher","floor":6,"key":"SMITH"},{"floor":10,"key":"REST"},{"floor":15,"key":"REST"},{"data":"Well Laid Plans","floor":23,"key":"SMITH"},{"data":"Caltrops","floor":25,"key":"SMITH"},{"data":"Infinite Blades","floor":28,"key":"SMITH"},{"floor":32,"key":"REST"}],"neow_cost":"NONE","seed_source_timestamp":793212738772343,"circlet_count":0,"master_deck":["Strike_G","Strike_G","Strike_G","Strike_G","Defend_G","Defend_G","Defend_G","Survivor","Neutralize","After Image","Finisher+1","Backflip","Leg Sweep","Backstab","Unload","Blur","Well Laid Plans+1","Infinite Blades+1","Choke","Bullet Time","Slice","Caltrops+1","Malaise","Infinite Blades","Predator+1","Finisher","Adrenaline","Infinite Blades","Infinite Blades"],"relics":["Ring of the Snake","Kunai","Thread and Needle","Ninja Scroll","Bloody Idol","Orrery","Bottled Tornado","Enchiridion","Sozu"],"potions_floor_usage":[20,33,33,35,40],"damage_taken":[{"damage":0,"enemies":"Cultist","floor":1,"turns":4},{"damage":4,"enemies":"2 Louse","floor":2,"turns":3},{"damage":3,"enemies":"Jaw Worm","floor":3,"turns":5},{"damage":3,"enemies":"Looter","floor":5,"turns":4},{"damage":38,"enemies":"Lagavulin","floor":8,"turns":15},{"damage":2,"enemies":"Blue Slaver","floor":13,"turns":2},{"damage":0,"enemies":"Exordium Thugs","floor":14,"turns":4},{"damage":4,"enemies":"Slime Boss","floor":16,"turns":12},{"damage":2,"enemies":"Shell Parasite","floor":18,"turns":3},{"damage":9,"enemies":"Spheric Guardian","floor":19,"turns":5},{"damage":0,"enemies":"Snake Plant","floor":20,"turns":5},{"damage":8,"enemies":"Shelled Parasite and Fungi","floor":22,"turns":5},{"damage":0,"enemies":"Centurion and Healer","floor":24,"turns":6},{"damage":13,"enemies":"Champ","floor":33,"turns":10},{"damage":11,"enemies":"3 Shapes","floor":35,"turns":2},{"damage":0,"enemies":"Orb Walker","floor":39,"turns":3},{"damage":73,"enemies":"Reptomancer","floor":40,"turns":2}],"seed_played":"624717823144295171","potions_obtained":[{"floor":1,"key":"Dexterity Potion"},{"floor":13,"key":"Poison Potion"},{"floor":14,"key":"Swift Potion"},{"floor":19,"key":"FearPotion"},{"floor":22,"key":"Fire Potion"},{"floor":33,"key":"AttackPotion"}],"is_trial":false,"path_per_floor":["M","M","M","?","M","R","T","E","T","R","?","$","M","M","R","B",null,"M","M","M","$","M","R","M","R","T","?","R","$","?","?","R","B",null,"M","$","?","$","M","E"],"character_chosen":"THE_SILENT","items_purchased":["Blur","Well Laid Plans","Infinite Blades","Finisher","Infinite Blades"],"campfire_rested":3,"item_purchase_floors":[12,12,21,29,38],"current_hp_per_floor":[70,66,63,63,60,60,60,22,22,43,26,26,24,24,45,41,70,68,59,59,59,51,51,51,51,51,51,51,51,35,35,56,48,70,64,64,70,70,70,0],"gold":87,"neow_bonus":"ONE_RANDOM_RARE_CARD","is_prod":false,"is_daily":false,"chose_seed":false,"campfire_upgraded":4,"win_rate":0.0,"timestamp":1563524422,"path_taken":["M","?","?","?","M","R","?","E","T","R","?","?","M","?","R","BOSS","M","M","M","$","M","R","M","R","T","?","R","$","?","?","R","BOSS","M","$","?","$","?","E"],"build_version":"2019-06-28","purchased_purges":2,"victory":false,"max_hp_per_floor":[70,70,70,70,70,70,70,70,70,70,70,70,70,70,70,70,70,70,70,70,70,70,70,70,70,70,70,70,70,70,70,70,70,70,70,70,70,70,70,70],"card_choices":[{"not_picked":["Quick Slash","Slice"],"picked":"Finisher","floor":1},{"not_picked":["Acrobatics","Escape Plan"],"picked":"Backflip","floor":2},{"not_picked":["Riddle With Holes","Dagger Throw"],"picked":"Leg Sweep","floor":3},{"not_picked":["Heel Hook","Quick Slash"],"picked":"Backstab","floor":5},{"not_picked":["Quick Slash","Eviscerate"],"picked":"Unload","floor":8},{"not_picked":["Dagger Spray","Flying Knee"],"picked":"Infinite Blades","floor":13},{"not_picked":["Prepared","Dagger Throw"],"picked":"Choke","floor":14},{"not_picked":["Burst","Envenom"],"picked":"Bullet Time","floor":16},{"not_picked":["Blur","Poisoned Stab"],"picked":"Slice","floor":17},{"not_picked":["Blade Dance","Quick Slash"],"picked":"Caltrops","floor":17},{"not_picked":["Quick Slash","Blade Dance","Dodge and Roll"],"picked":"SKIP","floor":18},{"not_picked":["Expertise","Acrobatics"],"picked":"Malaise","floor":19},{"not_picked":["Infinite Blades+1","Outmaneuver","Expertise"],"picked":"SKIP","floor":20},{"not_picked":["Underhanded Strike","Tactician"],"picked":"Predator+1","floor":22},{"not_picked":["Blade Dance","Quick Slash+1"],"picked":"Tactician+1","floor":24},{"not_picked":["Malaise","Tools of the Trade"],"picked":"Adrenaline","floor":33},{"not_picked":["Slice","PiercingWail","Underhanded Strike"],"picked":"SKIP","floor":35},{"not_picked":["Eviscerate","Deflect+1"],"picked":"Infinite Blades","floor":39}],"player_experience":35848,"relics_obtained":[{"floor":7,"key":"Kunai"},{"floor":8,"key":"Thread and Needle"},{"floor":9,"key":"Ninja Scroll"},{"floor":26,"key":"Bottled Tornado"},{"floor":30,"key":"Enchiridion"}],"event_choices":[{"damage_healed":0,"gold_gain":0,"player_choice":"Ignored","damage_taken":0,"max_hp_gain":0,"max_hp_loss":0,"event_name":"Liars Game","floor":4,"gold_loss":0},{"damage_healed":0,"gold_gain":0,"player_choice":"Take Damage","damage_taken":17,"relics_obtained":["Golden Idol"],"max_hp_gain":0,"max_hp_loss":0,"event_name":"Golden Idol","floor":11,"gold_loss":0},{"cards_removed":["Strike_G"],"damage_healed":0,"gold_gain":0,"player_choice":"Elegance","damage_taken":0,"max_hp_gain":0,"max_hp_loss":0,"event_name":"Back to Basics","floor":27,"gold_loss":0},{"damage_healed":0,"gold_gain":0,"player_choice":"Obtained Book","damage_taken":16,"max_hp_gain":0,"max_hp_loss":0,"event_name":"Cursed Tome","floor":30,"gold_loss":0},{"damage_healed":0,"gold_gain":0,"player_choice":"Gave Idol","damage_taken":0,"relics_obtained":["Bloody Idol"],"max_hp_gain":0,"max_hp_loss":0,"event_name":"Forgotten Altar","floor":31,"relics_lost":["Golden Idol"],"gold_loss":0},{"cards_removed":["Tactician"],"damage_healed":6,"gold_gain":0,"player_choice":"Offered Uncommon","damage_taken":0,"max_hp_gain":0,"max_hp_loss":0,"event_name":"Bonfire Elementals","floor":37,"gold_loss":0}],"is_beta":true,"boss_relics":[{"not_picked":["Cursed Key","Ring of the Serpent"],"picked":"Orrery"},{"not_picked":["Black Star","Runic Dome"],"picked":"Sozu"}],"items_purged_floors":[21,29],"is_endless":false,"potions_floor_spawned":[1,13,14,19,22,24,33,39],"killed_by":"Reptomancer","ascension_level":0}