{"gold_per_floor":[111,36,48,61,61,61,61,61,61,61,81,56,82,82,82,211,274,293,308,332,232,248,248,264,264,345,368,368,47,47,67,67,197,197,211,227,77,202,218,218,218,254,330,38,38,59,77,93,93,93],"floor_reached":51,"playtime":3378,"items_purged":["Strike_B","Injury","Defend_B","Auto Shields"],"score":894,"play_id":"b0523325-ff15-4f8c-adb4-fd566e9c64a4","local_time":"20181228210704","is_ascension_mode":true,"campfire_choices":[{"data":"Redo","floor":6,"key":"SMITH"},{"data":"Dualcast","floor":8,"key":"SMITH"},{"data":"Cold Snap","floor":15,"key":"SMITH"},{"data":"Conserve Battery","floor":23,"key":"SMITH"},{"data":"Conserve Battery","floor":25,"key":"SMITH"},{"data":"Coolheaded","floor":32,"key":"SMITH"},{"data":"Fission","floor":40,"key":"SMITH"},{"data":"Rainbow","floor":49,"key":"SMITH"}],"neow_cost":"NONE","seed_source_timestamp":109525287294436,"circlet_count":0,"master_deck":["Strike_B","Strike_B","Defend_B","Defend_B","Defend_B","Zap+1","Dualcast+1","Redo+1","Cold Snap+1","Skim","Coolheaded+1","Conserve Battery+1","Core Surge+1","Defragment+1","Coolheaded+1","Self Repair","Conserve Battery+1","FTL","Machine Learning+1","Rainbow+1","Loop+1","Cold Snap","Capacitor+1","Fission+1","Loop+1","Parasite","Barrage+1"],"relics":["FrozenCore","Blood Vial","Golden Idol","Bag of Marbles","Tiny House","Frozen Egg 2","Runic Capacitor","Prayer Wheel","Bottled Flame","Letter Opener","Ice Cream","Cables"],"potions_floor_usage":[16,20,20,27,33,38,39,50,50],"damage_taken":[{"damage":2,"enemies":"Jaw Worm","floor":1,"turns":4},{"damage":0,"enemies":"Small Slimes","floor":3,"turns":3},{"damage":1,"enemies":"2 Louse","floor":4,"turns":3},{"damage":0,"enemies":"Exordium Wildlife","floor":11,"turns":2},{"damage":57,"enemies":"Slime Boss","floor":16,"turns":18},{"damage":3,"enemies":"Shell Parasite","floor":18,"turns":14},{"damage":19,"enemies":"3 Byrds","floor":19,"turns":5},{"damage":6,"enemies":"3 Cultists","floor":20,"turns":8},{"damage":6,"enemies":"Cultist and Chosen","floor":22,"turns":10},{"damage":2,"enemies":"Sentry and Sphere","floor":24,"turns":8},{"damage":20,"enemies":"Shelled Parasite and Fungi","floor":27,"turns":6},{"damage":4,"enemies":"Cultist and Chosen","floor":31,"turns":7},{"damage":47,"enemies":"Champ","floor":33,"turns":16},{"damage":0,"enemies":"3 Shapes","floor":35,"turns":7},{"damage":7,"enemies":"3 Darklings","floor":36,"turns":8},{"damage":21,"enemies":"Mind Bloom Boss Battle","floor":38,"turns":7},{"damage":33,"enemies":"Transient","floor":39,"turns":5},{"damage":2,"enemies":"Nemesis","floor":42,"turns":14},{"damage":8,"enemies":"Spire Growth","floor":46,"turns":6},{"damage":10,"enemies":"3 Darklings","floor":47,"turns":8},{"damage":1,"enemies":"Writhing Mass","floor":48,"turns":7},{"damage":38,"enemies":"Awakened One","floor":50,"turns":12}],"seed_played":"-2437739299148843533","potions_obtained":[{"floor":3,"key":"Block Potion"},{"floor":4,"key":"Energy Potion"},{"floor":17,"key":"Energy Potion"},{"floor":22,"key":"EssenceOfSteel"},{"floor":27,"key":"FearPotion"},{"floor":33,"key":"PowerPotion"},{"floor":35,"key":"Poison Potion"},{"floor":42,"key":"FocusPotion"},{"floor":48,"key":"Explosive Potion"}],"is_trial":false,"path_per_floor":["M","$","M","M","?","R","?","R","T","?","M","$","T","$","R","B",null,"M","M","M","$","M","R","M","R","T","M","?","$","?","M","R","B",null,"M","M","$","?","M","R","?","E","T","$","T","M","M","M","R","B",null],"character_chosen":"DEFECT","items_purchased":["Conserve Battery","Runic Capacitor","Ice Cream"],"campfire_rested":0,"item_purchase_floors":[12,29,44],"current_hp_per_floor":[66,66,66,65,65,65,70,70,70,70,72,72,72,72,72,17,69,68,51,47,47,50,50,57,57,57,46,46,46,46,51,51,13,67,76,78,78,66,42,42,42,49,49,49,49,43,35,43,43,14],"gold":93,"neow_bonus":"TRANSFORM_CARD","is_prod":false,"is_daily":false,"chose_seed":false,"campfire_upgraded":8,"win_rate":0,"timestamp":1545991624,"path_taken":["M","$","M","M","?","R","?","R","T","?","?","$","?","?","R","BOSS","M","M","M","$","M","R","M","R","T","?","?","$","?","M","R","BOSS","M","M","$","?","M","R","?","E","T","$","?","M","M","M","R","BOSS"],"build_version":"2018-12-25","purchased_purges":4,"victory":true,"max_hp_per_floor":[75,75,75,75,75,75,80,80,80,80,80,80,80,80,80,80,85,85,85,85,85,85,85,85,85,85,85,85,85,85,85,85,85,85,85,85,85,85,85,85,85,85,85,85,85,85,85,85,85,85],"card_choices":[{"not_picked":["Streamline","Go for the Eyes"],"picked":"Cold Snap","floor":1},{"not_picked":["Recycle","Redo"],"picked":"Skim","floor":3},{"not_picked":["Turbo","Barrage","Beam Cell"],"picked":"SKIP","floor":4},{"not_picked":["Rebound","Blizzard"],"picked":"Coolheaded","floor":11},{"not_picked":["Creative AI","Electrodynamics"],"picked":"Core Surge","floor":16},{"not_picked":["Barrage","Stack"],"picked":"Auto Shields","floor":17},{"not_picked":["Aggregate","Chaos"],"picked":"Defragment+1","floor":18},{"not_picked":["Steam+1","Rebound"],"picked":"Coolheaded+1","floor":19},{"not_picked":["Compile Driver+1","Steam+1"],"picked":"Self Repair","floor":20},{"not_picked":["Genetic Algorithm","Barrage"],"picked":"Conserve Battery","floor":22},{"not_picked":["Consume","Leap"],"picked":"FTL","floor":24},{"not_picked":["Heatsinks+1","BootSequence","Leap+1"],"picked":"SKIP","floor":27},{"not_picked":["Turbo","Leap+1"],"picked":"Machine Learning+1","floor":31},{"not_picked":["Meteor Strike","Hyperbeam"],"picked":"Rainbow","floor":33},{"not_picked":["Stack","Turbo"],"picked":"Loop+1","floor":35},{"not_picked":["Barrage","Rebound+1"],"picked":"Cold Snap","floor":36},{"not_picked":["Chill+1","Barrage+1"],"picked":"Capacitor+1","floor":38},{"not_picked":["Rebound","Chaos+1"],"picked":"Fission","floor":39},{"not_picked":["Skim","Ball Lightning","Beam Cell"],"picked":"SKIP","floor":39},{"not_picked":["Melter+1","Gash"],"picked":"Loop+1","floor":42},{"not_picked":["Streamline+1","Sweeping Beam+1","Steam"],"picked":"SKIP","floor":46},{"not_picked":["Self Repair+1","Ball Lightning","Go for the Eyes"],"picked":"SKIP","floor":46},{"not_picked":["Compile Driver","Rebound+1","Sweeping Beam+1"],"picked":"SKIP","floor":47},{"not_picked":["Conserve Battery","Recycle","Gash"],"picked":"SKIP","floor":47},{"not_picked":["Sweeping Beam","BootSequence"],"picked":"Barrage+1","floor":48},{"not_picked":["Sweeping Beam","Capacitor+1","Leap+1"],"picked":"SKIP","floor":48}],"player_experience":496664,"relics_obtained":[{"floor":9,"key":"Blood Vial"},{"floor":13,"key":"Bag of Marbles"},{"floor":26,"key":"Frozen Egg 2"},{"floor":38,"key":"Prayer Wheel"},{"floor":42,"key":"Bottled Flame"},{"floor":43,"key":"Letter Opener"},{"floor":45,"key":"Cables"}],"event_choices":[{"damage_healed":0,"gold_gain":0,"player_choice":"Grow","damage_taken":0,"max_hp_gain":0,"max_hp_loss":0,"event_name":"Living Wall","floor":5,"gold_loss":0,"cards_upgraded":["Zap"]},{"damage_healed":0,"gold_gain":0,"player_choice":"Donut","damage_taken":0,"max_hp_gain":5,"max_hp_loss":0,"event_name":"Big Fish","floor":7,"gold_loss":0},{"damage_healed":0,"gold_gain":0,"player_choice":"Take Wound","damage_taken":0,"relics_obtained":["Golden Idol"],"max_hp_gain":0,"max_hp_loss":0,"event_name":"Golden Idol","floor":10,"gold_loss":0,"cards_obtained":["Injury"]},{"damage_healed":0,"gold_gain":0,"player_choice":"Ignored","damage_taken":0,"max_hp_gain":0,"max_hp_loss":0,"event_name":"Ghosts","floor":28,"gold_loss":0},{"damage_healed":0,"gold_gain":0,"player_choice":"Fight","damage_taken":0,"max_hp_gain":0,"max_hp_loss":0,"event_name":"MindBloom","floor":38,"gold_loss":0},{"damage_healed":0,"gold_gain":0,"player_choice":"Memory 1","damage_taken":0,"max_hp_gain":0,"max_hp_loss":0,"event_name":"SensoryStone","floor":41,"gold_loss":0}],"is_beta":true,"boss_relics":[{"not_picked":["Eternal Feather","Philosopher\u0027s Stone"],"picked":"Tiny House"},{"not_picked":["Calling Bell","Coffee Dripper"],"picked":"FrozenCore"}],"items_purged_floors":[2,21,29,37],"is_endless":false,"potions_floor_spawned":[3,4,22,27,33,35,42,48],"ascension_level":7}