{"gold_per_floor":[113,126,138,213,232,232,262,282,282,294,294,121,131,206,206,310,310,326,346,346,363,375,375,375,390,472,485,485],"floor_reached":28,"playtime":2522,"items_purged":["Strike_G"],"score":226,"play_id":"96834ada-7c56-4d5f-8776-da3c106fed74","local_time":"20190626233802","is_ascension_mode":false,"campfire_choices":[{"data":"Die Die Die","floor":6,"key":"SMITH"},{"floor":11,"key":"REST"},{"data":"Catalyst","floor":15,"key":"SMITH"},{"floor":23,"key":"REST"}],"neow_cost":"NONE","seed_source_timestamp":299106461880080,"circlet_count":0,"master_deck":["Defend_G","Defend_G","Defend_G","Defend_G","Strike_G","Strike_G","Strike_G","Survivor","Neutralize","Footwork","Noxious Fumes","Die Die Die+1","Poisoned Stab","Riddle With Holes","Catalyst+1","Poisoned Stab","Bouncing Flask","Masterful Stab","Die Die Die","Acrobatics+1","Deadly Poison","RitualDagger","Noxious Fumes","Catalyst","Bouncing Flask"],"relics":["Ring of the Snake","Boot","Bottled Lightning","Empty Cage","Dodecahedron"],"potions_floor_usage":[25,27,28],"damage_taken":[{"damage":0,"enemies":"2 Louse","floor":1,"turns":3},{"damage":1,"enemies":"Cultist","floor":2,"turns":6},{"damage":0,"enemies":"Small Slimes","floor":3,"turns":4},{"damage":6,"enemies":"2 Fungi Beasts","floor":5,"turns":3},{"damage":11,"enemies":"Lagavulin","floor":7,"turns":8},{"damage":0,"enemies":"3 Louse","floor":8,"turns":1},{"damage":2,"enemies":"Looter","floor":10,"turns":2},{"damage":0,"enemies":"Gremlin Gang","floor":13,"turns":1},{"damage":52,"enemies":"Slime Boss","floor":16,"turns":10},{"damage":10,"enemies":"Shell Parasite","floor":18,"turns":3},{"damage":18,"enemies":"3 Byrds","floor":19,"turns":5},{"damage":7,"enemies":"Snake Plant","floor":21,"turns":3},{"damage":16,"enemies":"Centurion and Healer","floor":22,"turns":6},{"damage":20,"enemies":"3 Cultists","floor":25,"turns":4},{"damage":16,"enemies":"Snecko","floor":27,"turns":4},{"damage":19,"enemies":"Masked Bandits","floor":28,"turns":3}],"seed_played":"-8975513260341656755","potions_obtained":[{"floor":2,"key":"Dexterity Potion"},{"floor":5,"key":"Regen Potion"},{"floor":8,"key":"Energy Potion"},{"floor":13,"key":"Strength Potion"},{"floor":21,"key":"GhostInAJar"}],"is_trial":false,"path_per_floor":["M","M","M","?","M","R","E","M","T","M","R","$","M","?","R","B",null,"M","M","?","M","M","R","?","M","T","M","?"],"character_chosen":"THE_SILENT","items_purchased":["Poisoned Stab","Bouncing Flask"],"campfire_rested":2,"item_purchase_floors":[12,12],"current_hp_per_floor":[77,76,76,69,63,63,52,52,52,50,73,73,73,62,62,10,77,67,49,43,36,20,43,43,23,23,7,0],"gold":485,"neow_bonus":"TEN_PERCENT_HP_BONUS","is_prod":false,"is_daily":false,"chose_seed":false,"campfire_upgraded":2,"win_rate":0.0,"timestamp":1561563482,"path_taken":["M","M","M","?","M","R","E","M","T","?","R","$","M","?","R","BOSS","M","M","?","M","M","R","?","M","T","M","?"],"build_version":"2019-01-23","purchased_purges":1,"victory":false,"max_hp_per_floor":[77,77,77,77,77,77,77,77,77,77,77,77,77,77,77,77,77,77,77,77,77,77,77,77,77,77,77,77],"card_choices":[{"not_picked":["Blade Dance","Deflect"],"picked":"Footwork","floor":1},{"not_picked":["PiercingWail","Poisoned Stab"],"picked":"Noxious Fumes","floor":2},{"not_picked":["Flying Knee","Heel Hook"],"picked":"Die Die Die","floor":3},{"not_picked":["Slice","All Out Attack"],"picked":"Poisoned Stab","floor":5},{"not_picked":["Wraith Form v2","Eviscerate","Blade Dance"],"picked":"SKIP","floor":7},{"not_picked":["Outmaneuver","Prepared"],"picked":"Riddle With Holes","floor":8},{"not_picked":["Deadly Poison","Flying Knee"],"picked":"Catalyst","floor":10},{"not_picked":["Leg Sweep","Dagger Spray"],"picked":"Masterful Stab","floor":13},{"not_picked":["Glass Knife","Phantasmal Killer"],"picked":"Die Die Die","floor":16},{"not_picked":["All Out Attack","Calculated Gamble"],"picked":"Acrobatics+1","floor":18},{"not_picked":["Backflip","Slice+1"],"picked":"Deadly Poison","floor":19},{"not_picked":["Dagger Spray","Backflip","Slice"],"picked":"SKIP","floor":21},{"not_picked":["Blur","Deflect"],"picked":"Noxious Fumes","floor":22},{"not_picked":["Blade Dance","Dagger Throw+1"],"picked":"Catalyst","floor":25},{"not_picked":["Masterful Stab","A Thousand Cuts"],"picked":"Bouncing Flask","floor":27}],"player_experience":14363,"relics_obtained":[{"floor":7,"key":"Boot"},{"floor":9,"key":"Bottled Lightning"},{"floor":26,"key":"Dodecahedron"}],"event_choices":[{"damage_healed":0,"gold_gain":75,"player_choice":"Touch","damage_taken":7,"max_hp_gain":0,"max_hp_loss":0,"event_name":"FaceTrader","floor":4,"gold_loss":0},{"damage_healed":0,"gold_gain":75,"player_choice":"Gather Gold","damage_taken":11,"max_hp_gain":0,"max_hp_loss":0,"event_name":"World of Goop","floor":14,"gold_loss":0},{"damage_healed":0,"gold_gain":0,"player_choice":"Joined the Cult","damage_taken":6,"max_hp_gain":0,"max_hp_loss":0,"event_name":"Nest","floor":20,"gold_loss":0,"cards_obtained":["RitualDagger"]},{"damage_healed":0,"gold_gain":0,"player_choice":"Ignored","damage_taken":0,"max_hp_gain":0,"max_hp_loss":0,"event_name":"The Mausoleum","floor":24,"gold_loss":0},{"damage_healed":0,"gold_gain":0,"player_choice":"Fought Bandits","damage_taken":0,"max_hp_gain":0,"max_hp_loss":0,"event_name":"Masked Bandits","floor":28,"gold_loss":0}],"is_beta":false,"boss_relics":[{"not_picked":["Ectoplasm","WristBlade"],"picked":"Empty Cage"}],"items_purged_floors":[12],"is_endless":false,"potions_floor_spawned":[2,5,8,13,18,21,22],"killed_by":"Masked Bandits","ascension_level":0}