{"gold_per_floor":[114,124,124,138,138,170,212,255,293,305,317,354,382,408,420,537,549,535,63,163,163,180,215,225,72,98,98,110,140,140,155,155,253,303,315,315,315,346,378,407,435,435,487,498,219,239,249,269,269,269],"floor_reached":51,"playtime":3240,"items_purged":[],"score":1510,"play_id":"3181bfaa-1912-4f5d-bc07-c626da0a7f13","local_time":"20181216192020","daily_mods":["SealedDeck","Hoarder","DeadlyEvents"],"is_ascension_mode":false,"campfire_choices":[{"data":"Go for the Eyes","floor":11,"key":"SMITH"},{"data":"FTL","floor":15,"key":"SMITH"},{"data":"Cold Snap","floor":27,"key":"SMITH"},{"data":"Cold Snap","floor":30,"key":"SMITH"},{"data":"Cold Snap","floor":32,"key":"SMITH"},{"data":"Coolheaded","floor":42,"key":"SMITH"},{"data":"Coolheaded","floor":49,"key":"SMITH"}],"neow_cost":"","seed_source_timestamp":71277584727901,"circlet_count":0,"master_deck":["FTL","FTL","FTL+1","Go for the Eyes","Go for the Eyes","Go for the Eyes","Conserve Battery","Conserve Battery","Conserve Battery","Steam","Steam","Steam","Cold Snap+1","Cold Snap+1","Cold Snap+1","Coolheaded+1","Coolheaded+1","Conserve Battery","Conserve Battery","Conserve Battery","Go for the Eyes","Go for the Eyes","Go for the Eyes+1","Cold Snap+1","Cold Snap","Cold Snap","Cold Snap","Cold Snap","Cold Snap+1","Self Repair","Self Repair","Self Repair","Glacier","Glacier","Glacier","Conserve Battery","Conserve Battery","Conserve Battery","Core Surge+1","Core Surge","Core Surge","Blizzard+1","Blizzard+1","Blizzard+1","Skim+1","Skim+1","Skim+1","Loop+1","Loop+1","Loop+1","Coolheaded+1","Coolheaded+1","Coolheaded+1","FTL+1","FTL+1","FTL+1","Master of Strategy+1","Master of Strategy+1","Master of Strategy+1","Hologram+1","Hologram+1","Hologram+1","FTL+1","FTL+1","FTL+1","Blizzard+1","Blizzard+1","Blizzard+1"],"relics":["Cracked Core","MawBank","Dream Catcher","Oddly Smooth Stone","Lantern","Whetstone","Coffee Dripper","PreservedInsect","Molten Egg 2","Question Card","Ancient Tea Set","DataDisk","Art of War","Blood Vial","Tiny House","Toxic Egg 2","Bottled Flame","Shuriken","Pear","Centennial Puzzle"],"potions_floor_usage":[7,16,16,23,29,50,50],"damage_taken":[{"damage":0,"enemies":"Cultist","floor":1,"turns":3},{"damage":0,"enemies":"Jaw Worm","floor":2,"turns":3},{"damage":0,"enemies":"Small Slimes","floor":4,"turns":2},{"damage":0,"enemies":"3 Sentries","floor":6,"turns":10},{"damage":0,"enemies":"Gremlin Nob","floor":7,"turns":6},{"damage":0,"enemies":"3 Sentries","floor":8,"turns":12},{"damage":0,"enemies":"Lagavulin","floor":12,"turns":13},{"damage":0,"enemies":"Exordium Thugs","floor":13,"turns":5},{"damage":0,"enemies":"Exordium Wildlife","floor":14,"turns":4},{"damage":0,"enemies":"Slime Boss","floor":16,"turns":21},{"damage":2,"enemies":"2 Thieves","floor":18,"turns":5},{"damage":0,"enemies":"Chosen","floor":22,"turns":6},{"damage":0,"enemies":"Slavers","floor":23,"turns":3},{"damage":0,"enemies":"3 Cultists","floor":24,"turns":5},{"damage":0,"enemies":"Sentry and Sphere","floor":28,"turns":5},{"damage":0,"enemies":"Book of Stabbing","floor":29,"turns":5},{"damage":0,"enemies":"Centurion and Healer","floor":31,"turns":6},{"damage":0,"enemies":"Champ","floor":33,"turns":15},{"damage":0,"enemies":"3 Darklings","floor":35,"turns":5},{"damage":0,"enemies":"Giant Head","floor":38,"turns":9},{"damage":0,"enemies":"Reptomancer","floor":39,"turns":6},{"damage":0,"enemies":"Nemesis","floor":40,"turns":9},{"damage":0,"enemies":"Reptomancer","floor":41,"turns":6},{"damage":3,"enemies":"3 Shapes","floor":44,"turns":4},{"damage":0,"enemies":"Sphere and 2 Shapes","floor":46,"turns":6},{"damage":0,"enemies":"3 Darklings","floor":47,"turns":5},{"damage":0,"enemies":"Writhing Mass","floor":48,"turns":6},{"damage":0,"enemies":"Donu and Deca","floor":50,"turns":10}],"seed_played":"7107638943882654968","potions_obtained":[{"floor":2,"key":"EssenceOfSteel"},{"floor":6,"key":"Swift Potion"},{"floor":13,"key":"Poison Potion"},{"floor":14,"key":"Fire Potion"},{"floor":16,"key":"FocusPotion"},{"floor":18,"key":"Explosive Potion"},{"floor":28,"key":"SkillPotion"},{"floor":29,"key":"Explosive Potion"},{"floor":31,"key":"FocusPotion"}],"is_trial":true,"path_per_floor":["M","M","$","M","?","E","E","E","T","?","R","E","M","M","R","B",null,"M","$","?","T","M","E","M","$","T","R","M","E","R","M","R","B",null,"M","$","?","E","E","E","E","R","T","M","$","M","M","M","R","B",null],"character_chosen":"DEFECT","items_purchased":["PreservedInsect","Molten Egg 2","Blizzard+1","DataDisk","Master of Strategy+1","Hologram+1","FTL+1"],"campfire_rested":0,"item_purchase_floors":[19,19,19,25,45,45,45],"current_hp_per_floor":[75,75,75,75,68,75,75,75,75,80,80,80,80,80,80,80,80,80,80,80,80,80,80,80,80,80,80,80,80,80,80,80,80,85,85,85,85,85,85,85,95,95,95,95,95,95,95,95,95,95],"gold":269,"neow_bonus":"","is_prod":false,"is_daily":false,"chose_seed":false,"campfire_upgraded":7,"win_rate":0,"timestamp":1544948420,"path_taken":["M","M","$","?","?","E","?","E","T","?","R","?","?","M","R","BOSS","M","$","?","?","?","E","M","$","T","R","M","E","R","M","R","BOSS","M","$","?","?","?","E","?","R","T","M","$","?","M","M","R","BOSS"],"build_version":"2018-12-13","purchased_purges":0,"victory":true,"max_hp_per_floor":[75,75,75,75,75,75,75,75,75,80,80,80,80,80,80,80,80,80,80,80,80,80,80,80,80,80,80,80,80,80,80,80,80,85,85,85,85,85,85,85,95,95,95,95,95,95,95,95,95,95],"card_choices":[{"not_picked":["Ball Lightning","Steam"],"picked":"Self Repair","floor":1},{"not_picked":["Go for the Eyes","Heatsinks","Recycle"],"picked":"SKIP","floor":2},{"not_picked":["Stack","Heatsinks"],"picked":"Glacier","floor":4},{"not_picked":["Sunder","Ball Lightning","Stack"],"picked":"SKIP","floor":6},{"not_picked":["Tempest","Turbo"],"picked":"Conserve Battery","floor":7},{"not_picked":["Fusion","Aggregate","BootSequence"],"picked":"SKIP","floor":8},{"not_picked":["Compile Driver","Electrodynamics","All For One"],"picked":"SKIP","floor":12},{"not_picked":["Beam Cell","Self Repair","Ball Lightning"],"picked":"SKIP","floor":13},{"not_picked":["Recycle","Beam Cell","Sweeping Beam"],"picked":"SKIP","floor":14},{"not_picked":["Creative AI","Thunder Strike"],"picked":"Core Surge","floor":16},{"not_picked":["Conserve Battery","Gash+1","Heatsinks"],"picked":"SKIP","floor":18},{"not_picked":["Conserve Battery","Compile Driver+1","Go for the Eyes+1","Fusion"],"picked":"SKIP","floor":22},{"not_picked":["Loop","Barrage+1","Heatsinks"],"picked":"Skim+1","floor":23},{"not_picked":["Go for the Eyes+1","Scrape+1","Storm","Sweeping Beam+1"],"picked":"SKIP","floor":24},{"not_picked":["Sweeping Beam+1","Redo","Scrape+1","Beam Cell+1"],"picked":"SKIP","floor":28},{"not_picked":["Conserve Battery","Gash+1","Chaos","Hologram+1"],"picked":"SKIP","floor":29},{"not_picked":["Conserve Battery+1","Glacier+1","Hologram+1"],"picked":"Loop+1","floor":31},{"not_picked":["Leap","Sweeping Beam+1","Barrage+1"],"picked":"Coolheaded+1","floor":34},{"not_picked":["Redo","Reinforced Body+1","Steam+1","Rebound+1"],"picked":"SKIP","floor":35},{"not_picked":["Reprogram","Doom and Gloom+1","Sunder+1"],"picked":"FTL+1","floor":38},{"not_picked":["Barrage+1","Static Discharge","Fission+1","Stack+1"],"picked":"SKIP","floor":39},{"not_picked":["Fission+1","Undo+1","White Noise+1","Self Repair"],"picked":"SKIP","floor":40},{"not_picked":["Coolheaded+1","Turbo+1","Leap+1","Meteor Strike+1"],"picked":"SKIP","floor":41},{"not_picked":["Reprogram+1","Rebound+1","Steam+1","Consume+1"],"picked":"SKIP","floor":44},{"not_picked":["Gash+1","Ball Lightning+1","Aggregate+1","Force Field+1"],"picked":"SKIP","floor":46},{"not_picked":["Go for the Eyes+1","Meteor Strike+1","Turbo+1"],"picked":"Blizzard+1","floor":47},{"not_picked":["Tempest+1","Leap+1","Turbo+1","Compile Driver+1"],"picked":"SKIP","floor":48}],"player_experience":480869,"relics_obtained":[{"floor":6,"key":"MawBank"},{"floor":7,"key":"Dream Catcher"},{"floor":8,"key":"Oddly Smooth Stone"},{"floor":9,"key":"Lantern"},{"floor":12,"key":"Whetstone"},{"floor":21,"key":"Question Card"},{"floor":23,"key":"Ancient Tea Set"},{"floor":26,"key":"Art of War"},{"floor":29,"key":"Blood Vial"},{"floor":38,"key":"Toxic Egg 2"},{"floor":39,"key":"Bottled Flame"},{"floor":40,"key":"Shuriken"},{"floor":41,"key":"Pear"},{"floor":43,"key":"Centennial Puzzle"}],"event_choices":[{"cards_removed":["Coolheaded"],"damage_healed":0,"gold_gain":0,"player_choice":"Card Removal","damage_taken":7,"max_hp_gain":0,"max_hp_loss":0,"event_name":"Golden Wing","floor":5,"gold_loss":0},{"damage_healed":0,"gold_gain":0,"player_choice":"Donut","damage_taken":0,"max_hp_gain":5,"max_hp_loss":0,"event_name":"Big Fish","floor":10,"gold_loss":0},{"damage_healed":0,"gold_gain":100,"player_choice":"Pray","damage_taken":0,"max_hp_gain":0,"max_hp_loss":0,"event_name":"Golden Shrine","floor":20,"gold_loss":0},{"damage_healed":0,"gold_gain":0,"player_choice":"Ignored","damage_taken":0,"max_hp_gain":0,"max_hp_loss":0,"event_name":"Tomb of Lord Red Mask","floor":37,"gold_loss":0}],"is_beta":true,"boss_relics":[{"not_picked":["Lizard Tail","Busted Crown"],"picked":"Coffee Dripper"},{"not_picked":["Sozu","Snecko Eye"],"picked":"Tiny House"}],"items_purged_floors":[],"is_endless":false,"potions_floor_spawned":[2,6,13,14,16,18,28,29,31,38,47,48],"ascension_level":0}