{"gold_per_floor":[118,133,133,58,73,73,73,104,104,24,24,54,94,119,119,250,250,268,28,28,6,21,21,44,44,70,410,425,425,440,455,455,578,641,656,726,745,142,163,163,194,269,295,295,319,7,26,40,40,40],"floor_reached":50,"playtime":12765,"items_purged":["Strike_R","Strike_R","Defend_R"],"score":575,"play_id":"ef272c5d-58f0-4ca9-9ae9-a2f914b5928d","local_time":"20190720145257","is_ascension_mode":false,"campfire_choices":[{"data":"Bash","floor":6,"key":"SMITH"},{"floor":11,"key":"REST"},{"data":"Armaments","floor":15,"key":"SMITH"},{"data":"Clothesline","floor":23,"key":"SMITH"},{"data":"Pommel Strike","floor":29,"key":"SMITH"},{"floor":32,"key":"RECALL"},{"data":"Barricade","floor":40,"key":"SMITH"},{"data":"Ghostly Armor","floor":44,"key":"SMITH"},{"floor":49,"key":"REST"}],"neow_cost":"NONE","seed_source_timestamp":911254265663202,"circlet_count":0,"master_deck":["Defend_R","Defend_R","Defend_R","Bash+1","Ghostly Armor+1","Twin Strike","Twin Strike","Cleave","Combust","Clothesline+1","Armaments+1","Feed+1","Anger","Inflame","Iron Wave","Shrug It Off","Pommel Strike+1","Shockwave","Barricade+1","Burning Pact+1","Battle Trance+1","Body Slam+1","Entrench+1","Seeing Red+1"],"relics":["Burning Blood","Golden Idol","Kunai","Question Card","Tiny Chest","Thread and Needle","Eternal Feather","PreservedInsect","Old Coin","Tiny House","Gremlin Horn","Oddly Smooth Stone","Lee\u0027s Waffle","Ancient Tea Set","Happy Flower","Bottled Flame"],"potions_floor_usage":[13,16,27,31,33,35,41,41,50,50],"damage_taken":[{"damage":1,"enemies":"Cultist","floor":1,"turns":3},{"damage":1,"enemies":"Jaw Worm","floor":2,"turns":3},{"damage":12,"enemies":"Small Slimes","floor":5,"turns":5},{"damage":25,"enemies":"3 Sentries","floor":8,"turns":11},{"damage":29,"enemies":"Lagavulin","floor":13,"turns":6},{"damage":0,"enemies":"3 Louse","floor":14,"turns":2},{"damage":27,"enemies":"The Guardian","floor":16,"turns":16},{"damage":2,"enemies":"Chosen","floor":18,"turns":6},{"damage":8,"enemies":"Spheric Guardian","floor":22,"turns":5},{"damage":28,"enemies":"Gremlin Leader","floor":27,"turns":5},{"damage":15,"enemies":"Snecko","floor":28,"turns":6},{"damage":0,"enemies":"Centurion and Healer","floor":30,"turns":6},{"damage":5,"enemies":"Chosen and Byrds","floor":31,"turns":7},{"damage":103,"enemies":"Champ","floor":33,"turns":18},{"damage":20,"enemies":"3 Shapes","floor":35,"turns":11},{"damage":22,"enemies":"Orb Walker","floor":37,"turns":5},{"damage":8,"enemies":"3 Darklings","floor":39,"turns":5},{"damage":48,"enemies":"Nemesis","floor":41,"turns":11},{"damage":12,"enemies":"Sphere and 2 Shapes","floor":45,"turns":8},{"damage":0,"enemies":"Jaw Worm Horde","floor":47,"turns":6},{"damage":16,"enemies":"4 Shapes","floor":48,"turns":7},{"damage":146,"enemies":"Donu and Deca","floor":50,"turns":8}],"seed_played":"-391136213866903330","potions_obtained":[{"floor":1,"key":"FearPotion"},{"floor":14,"key":"BloodPotion"},{"floor":18,"key":"Block Potion"},{"floor":27,"key":"Energy Potion"},{"floor":34,"key":"GamblersBrew"},{"floor":39,"key":"Block Potion"},{"floor":41,"key":"SkillPotion"},{"floor":48,"key":"Energy Potion"}],"is_trial":false,"path_per_floor":["M","M","?","$","M","R","?","E","T","$","R","?","E","M","R","B",null,"M","$","?","$","M","R","T","?","T","E","M","R","M","M","R","B",null,"M","T","M","$","M","R","E","?","T","R","M","$","M","M","R","B"],"character_chosen":"IRONCLAD","items_purchased":["Combust","Inflame","BloodPotion","Iron Wave","BloodPotion","Swift Potion","Oddly Smooth Stone","Lee\u0027s Waffle","Bottled Flame","Ancient Potion"],"campfire_rested":2,"item_purchase_floors":[10,19,19,21,38,38,38,38,46,46],"current_hp_per_floor":[80,80,85,85,79,79,58,39,39,39,64,52,29,35,35,35,85,85,85,85,85,86,88,88,88,88,66,57,66,72,73,82,7,93,83,83,71,108,110,112,70,59,59,71,65,65,75,65,111,0],"gold":40,"neow_bonus":"REMOVE_CARD","is_prod":false,"is_daily":false,"chose_seed":false,"campfire_upgraded":6,"win_rate":0,"timestamp":1563648777,"path_taken":["M","M","?","$","M","R","?","E","T","?","R","?","E","M","R","BOSS","M","$","?","?","M","R","?","?","T","E","?","R","M","M","R","BOSS","M","?","M","$","M","R","E","?","T","R","?","$","?","M","R","BOSS"],"build_version":"2019-06-28","purchased_purges":3,"victory":false,"max_hp_per_floor":[80,80,85,85,85,85,85,85,85,85,85,85,85,85,85,85,85,85,85,85,85,88,88,88,88,88,88,88,88,88,88,88,88,93,97,97,101,108,112,112,112,112,112,112,112,112,116,116,116,116],"card_choices":[{"not_picked":["Blood for Blood","Clash"],"picked":"Ghostly Armor","floor":1},{"not_picked":["Infernal Blade","Ghostly Armor"],"picked":"Twin Strike","floor":2},{"not_picked":["Flex","Clash"],"picked":"Twin Strike","floor":5},{"not_picked":["Burning Pact","Twin Strike"],"picked":"Cleave","floor":8},{"not_picked":["Spot Weakness","Carnage","Barricade"],"picked":"Clothesline","floor":13},{"not_picked":["Anger","Twin Strike","Rupture"],"picked":"Armaments","floor":14},{"not_picked":["Berserk","Impervious","Barricade"],"picked":"Feed","floor":16},{"not_picked":["Warcry","Pommel Strike","Reckless Charge"],"picked":"Anger","floor":18},{"not_picked":["Wild Strike","Thunderclap","Flex","Dual Wield"],"picked":"SKIP","floor":22},{"not_picked":["Armaments","True Grit","Evolve"],"picked":"Shrug It Off","floor":27},{"not_picked":["Cleave","Hemokinesis","Carnage"],"picked":"Pommel Strike","floor":28},{"not_picked":["Burning Pact","Armaments","Carnage","True Grit"],"picked":"SKIP","floor":30},{"not_picked":["Wild Strike","Impervious","Twin Strike+1"],"picked":"Shockwave","floor":31},{"not_picked":["Demon Form","Juggernaut","Immolate"],"picked":"Barricade","floor":33},{"not_picked":["Dropkick+1","Sword Boomerang","Combust"],"picked":"Burning Pact+1","floor":34},{"not_picked":["Pommel Strike","Cleave","Wild Strike+1"],"picked":"Battle Trance+1","floor":35},{"not_picked":["Shockwave","Rampage","Wild Strike","Cleave"],"picked":"SKIP","floor":37},{"not_picked":["Pummel","Clash+1","Inflame"],"picked":"Body Slam+1","floor":39},{"not_picked":["Thunderclap+1","Corruption","Anger+1"],"picked":"Entrench+1","floor":41},{"not_picked":["Shrug It Off","Pummel+1","Whirlwind"],"picked":"Seeing Red+1","floor":45},{"not_picked":["Perfected Strike","Feel No Pain","Blood for Blood","Shockwave+1"],"picked":"SKIP","floor":47},{"not_picked":["Perfected Strike","Armaments","Shrug It Off+1","Reaper"],"picked":"SKIP","floor":48}],"player_experience":99558,"relics_obtained":[{"floor":8,"key":"Kunai"},{"floor":9,"key":"Question Card"},{"floor":13,"key":"Thread and Needle"},{"floor":24,"key":"PreservedInsect"},{"floor":27,"key":"Old Coin"},{"floor":36,"key":"Gremlin Horn"},{"floor":41,"key":"Ancient Tea Set"},{"floor":43,"key":"Happy Flower"}],"event_choices":[{"damage_healed":0,"gold_gain":0,"player_choice":"Donut","damage_taken":0,"max_hp_gain":5,"max_hp_loss":0,"event_name":"Big Fish","floor":3,"gold_loss":0},{"damage_healed":0,"gold_gain":0,"player_choice":"Take Damage","damage_taken":21,"relics_obtained":["Golden Idol"],"max_hp_gain":0,"max_hp_loss":0,"event_name":"Golden Idol","floor":7,"gold_loss":0},{"damage_healed":0,"gold_gain":0,"player_choice":"Success","damage_taken":12,"relics_obtained":["Tiny Chest"],"max_hp_gain":0,"max_hp_loss":0,"event_name":"Scrap Ooze","floor":12,"gold_loss":0},{"cards_removed":["Strike_R"],"damage_healed":0,"gold_gain":0,"player_choice":"Card Removal","damage_taken":0,"max_hp_gain":0,"max_hp_loss":0,"event_name":"Wheel of Change","floor":20,"gold_loss":0},{"cards_removed":["Strike_R"],"damage_healed":0,"gold_gain":0,"player_choice":"Offered Basic","damage_taken":0,"max_hp_gain":0,"max_hp_loss":0,"event_name":"Bonfire Elementals","floor":25,"gold_loss":0},{"damage_healed":0,"gold_gain":75,"player_choice":"Touch","damage_taken":11,"max_hp_gain":0,"max_hp_loss":0,"event_name":"FaceTrader","floor":42,"gold_loss":0}],"is_beta":true,"boss_relics":[{"not_picked":["Calling Bell","Runic Pyramid"],"picked":"Eternal Feather"},{"not_picked":["Astrolabe","Cursed Key"],"picked":"Tiny House"}],"items_purged_floors":[4,19,38],"is_endless":false,"potions_floor_spawned":[1,14,18,27,39,41,48],"killed_by":"Donu and Deca","ascension_level":0}