{"gold_per_floor":[14,14,34,59,7,50,50,94,94,130,130,95,111,186,186,310,310,331,246,246,269,284,284,284,284,284,300,300,313,344,443,443,443],"floor_reached":33,"playtime":1604,"items_purged":[],"score":404,"play_id":"0be13a42-6a48-48db-a1ad-b496ce8438bf","local_time":"20190716121730","is_ascension_mode":true,"campfire_choices":[{"data":"Clothesline","floor":7.0,"key":"SMITH"},{"floor":11,"key":"REST"},{"data":"Shockwave","floor":15,"key":"SMITH"},{"data":"Disarm","floor":23,"key":"SMITH"},{"data":"Armaments","floor":25,"key":"SMITH"},{"floor":28,"key":"REST"},{"floor":32,"key":"REST"}],"neow_cost":"NO_GOLD","seed_source_timestamp":523319001164984,"circlet_count":0,"master_deck":["Strike_R","Strike_R","Defend_R","Defend_R","Defend_R","Defend_R","Bash","Carnage","Clothesline+1","Metallicize","Seeing Red","Anger","Shockwave+1","Feed","Dropkick+1","Headbutt+1","Rage+1","Armaments+1","Carnage+1","Disarm+1","Second Wind","Flame Barrier","Demon Form"],"special_seed":0,"relics":["Burning Blood","Golden Idol","Ice Cream","Pear","Strawberry","Astrolabe","Meat on the Bone","MutagenicStrength","Darkstone Periapt","Shuriken"],"potions_floor_usage":[30],"damage_taken":[{"damage":4.0,"enemies":"Jaw Worm","floor":1.0,"turns":5.0},{"damage":0.0,"enemies":"Small Slimes","floor":3.0,"turns":3.0},{"damage":0.0,"enemies":"2 Louse","floor":4.0,"turns":2.0},{"damage":46.0,"enemies":"Gremlin Nob","floor":6.0,"turns":6.0},{"damage":33.0,"enemies":"Lagavulin","floor":8.0,"turns":6.0},{"damage":22,"enemies":"Gremlin Nob","floor":10,"turns":4},{"damage":6,"enemies":"Looter","floor":13,"turns":3},{"damage":38,"enemies":"The Guardian","floor":16,"turns":11},{"damage":21,"enemies":"3 Byrds","floor":18,"turns":8},{"damage":12,"enemies":"Chosen","floor":21,"turns":6},{"damage":16,"enemies":"3 Cultists","floor":22,"turns":7},{"damage":20,"enemies":"Snake Plant","floor":27,"turns":6},{"damage":9,"enemies":"Centurion and Healer","floor":29,"turns":10},{"damage":85,"enemies":"Gremlin Leader","floor":30,"turns":11},{"damage":84,"enemies":"Automaton","floor":33,"turns":6}],"seed_played":"3730160745951545267","potions_obtained":[{"floor":1.0,"key":"GamblersBrew"},{"floor":3.0,"key":"Strength Potion"},{"floor":10,"key":"Dexterity Potion"},{"floor":21,"key":"Fire Potion"}],"is_trial":false,"path_per_floor":["M","?","M","M","$","E","R","E","T","E","R","?","M","?","R","B",null,"M","?","?","M","M","R","?","R","T","M","R","M","E","?","R","B"],"character_chosen":"IRONCLAD","items_purchased":["Fire Potion"],"campfire_rested":3,"item_purchase_floors":[5],"current_hp_per_floor":[96,89,89,89,89,49,49,32,32,23,54,80,80,69,69,37,89,77,77,77,74,67,67,67,67,67,68,103,104,40,40,77,0],"gold":443,"neow_bonus":"TWENTY_PERCENT_HP_BONUS","is_prod":false,"is_daily":false,"chose_seed":false,"campfire_upgraded":4,"win_rate":0,"timestamp":1563293850,"path_taken":["M","?","M","M","$","E","R","E","T","E","R","?","M","?","R","BOSS","M","?","?","M","M","R","?","R","T","M","R","M","E","?","R","BOSS"],"build_version":"2019-07-05","purchased_purges":0,"victory":false,"max_hp_per_floor":[96,89,89,89,89,89,89,99,99,106,106,106,106,106,106,106,106,109,109,109,112,115,115,115,115,115,118,118,122,125,125,125,125],"card_choices":[{"not_picked":["Cleave","Spot Weakness"],"picked":"Carnage","floor":1.0},{"not_picked":["Twin Strike","Armaments"],"picked":"Clothesline","floor":3.0},{"not_picked":["Dual Wield","Heavy Blade"],"picked":"Metallicize","floor":4.0},{"not_picked":["Wild Strike","Perfected Strike"],"picked":"Seeing Red","floor":6.0},{"not_picked":["Barricade","Whirlwind"],"picked":"Anger","floor":8.0},{"not_picked":["Bludgeon","Perfected Strike"],"picked":"Shockwave","floor":10},{"not_picked":["Dual Wield","Seeing Red","Iron Wave"],"picked":"SKIP","floor":13},{"not_picked":["Brutality","Limit Break"],"picked":"Feed","floor":16},{"not_picked":["Sentinel","Cleave+1"],"picked":"Armaments","floor":18},{"not_picked":["Entrench","Perfected Strike"],"picked":"Carnage+1","floor":21},{"not_picked":["Hemokinesis","Sword Boomerang"],"picked":"Disarm","floor":22},{"not_picked":["Dual Wield+1","Heavy Blade"],"picked":"Second Wind","floor":27},{"not_picked":["Clothesline","Entrench"],"picked":"Flame Barrier","floor":29},{"not_picked":["Iron Wave","Combust+1"],"picked":"Demon Form","floor":30}],"player_experience":182392,"relics_obtained":[{"floor":6.0,"key":"Ice Cream"},{"floor":8.0,"key":"Pear"},{"floor":10,"key":"Strawberry"},{"floor":26,"key":"Darkstone Periapt"},{"floor":30,"key":"Shuriken"}],"event_choices":[{"damage_healed":0.0,"max_hp_gain":0.0,"max_hp_loss":7.0,"gold_gain":0.0,"event_name":"Golden Idol","player_choice":"Lose Max HP","floor":2.0,"gold_loss":0.0,"damage_taken":0.0,"relics_obtained":["Golden Idol"]},{"damage_healed":26,"gold_gain":0,"player_choice":"Healed","damage_taken":0,"max_hp_gain":0,"max_hp_loss":0,"event_name":"The Cleric","floor":12,"gold_loss":35},{"damage_healed":0,"gold_gain":75,"player_choice":"Gather Gold","damage_taken":11,"max_hp_gain":0,"max_hp_loss":0,"event_name":"World of Goop","floor":14,"gold_loss":0},{"damage_healed":0,"gold_gain":0,"player_choice":"Obtained Relic","damage_taken":0,"relics_obtained":["Meat on the Bone"],"max_hp_gain":0,"max_hp_loss":0,"event_name":"Addict","floor":19,"gold_loss":85},{"damage_healed":0,"gold_gain":0,"player_choice":"Ignored","damage_taken":0,"max_hp_gain":0,"max_hp_loss":0,"event_name":"Vampires","floor":20,"gold_loss":0},{"damage_healed":0,"gold_gain":0,"player_choice":"Inject Mutagens","damage_taken":0,"relics_obtained":["MutagenicStrength"],"max_hp_gain":0,"max_hp_loss":0,"event_name":"Drug Dealer","floor":24,"gold_loss":0},{"damage_healed":0,"gold_gain":99,"player_choice":"Stole From Cult","damage_taken":0,"max_hp_gain":0,"max_hp_loss":0,"event_name":"Nest","floor":31,"gold_loss":0}],"is_beta":false,"boss_relics":[{"not_picked":["Cursed Key","Busted Crown"],"picked":"Astrolabe"}],"items_purged_floors":[],"is_endless":false,"potions_floor_spawned":[1,3,10,18,21],"killed_by":"Automaton","ascension_level":5}