{"gold_per_floor":[111,18,93,112,132,132,151,170,193,193,210,210,236,252,252,348,348,368,214,227,227,227,227,243,254,254,266,27,41,52,69,69,173,173,188,199,216,233,233,233,23,34,34,48,48,66,83,102,102,102],"floor_reached":51,"playtime":2113,"items_purged":[],"score":763,"play_id":"2d4e403e-bdc5-4212-bf48-68ae8de9abcf","local_time":"20190112163716","is_ascension_mode":false,"campfire_choices":[{"data":"Armaments","floor":6.0,"key":"SMITH"},{"data":"Perfected Strike","floor":10.0,"key":"SMITH"},{"data":"Perfected Strike","floor":12.0,"key":"SMITH"},{"data":"True Grit","floor":15.0,"key":"SMITH"},{"data":"Clothesline","floor":23.0,"key":"SMITH"},{"data":"Shrug It Off","floor":32.0,"key":"SMITH"},{"data":"Pommel Strike","floor":40.0,"key":"SMITH"},{"data":"Perfected Strike","floor":45.0,"key":"SMITH"},{"data":"Pommel Strike","floor":49.0,"key":"SMITH"}],"neow_cost":"NONE","seed_source_timestamp":14493779318964,"circlet_count":0,"master_deck":["Strike_R","Strike_R","Strike_R","Strike_R","Strike_R","Defend_R","Defend_R","Defend_R","Defend_R","Bash","Clothesline+1","Perfected Strike+1","Armaments+1","Pommel Strike","Headbutt","Perfected Strike+1","Twin Strike","True Grit+1","Shrug It Off+1","True Grit+1","Shrug It Off+1","Warcry+1","Pommel Strike+1","Perfected Strike+1","Perfected Strike+1","Thunderclap+1","Pommel Strike+1"],"special_seed":0,"relics":["Burning Blood","Regal Pillow","Lantern","Snecko Eye","Pen Nib","Enchiridion","Bag of Marbles","Bottled Flame","Velvet Choker","DollysMirror","Oddly Smooth Stone"],"potions_floor_usage":[50,50],"damage_taken":[{"damage":6.0,"enemies":"Jaw Worm","floor":1.0,"turns":3.0},{"damage":6.0,"enemies":"Cultist","floor":4.0,"turns":3.0},{"damage":0.0,"enemies":"Small Slimes","floor":5.0,"turns":2.0},{"damage":5.0,"enemies":"3 Louse","floor":7.0,"turns":4.0},{"damage":8.0,"enemies":"Red Slaver","floor":8.0,"turns":3.0},{"damage":13.0,"enemies":"Exordium Thugs","floor":11.0,"turns":3.0},{"damage":4.0,"enemies":"3 Sentries","floor":13.0,"turns":4.0},{"damage":0.0,"enemies":"Exordium Wildlife","floor":14.0,"turns":2.0},{"damage":12.0,"enemies":"Slime Boss","floor":16.0,"turns":6.0},{"damage":18.0,"enemies":"3 Byrds","floor":18.0,"turns":5.0},{"damage":0.0,"enemies":"Chosen","floor":20.0,"turns":1.0},{"damage":30.0,"enemies":"Sentry and Sphere","floor":24.0,"turns":4.0},{"damage":0.0,"enemies":"Chosen and Byrds","floor":25.0,"turns":2.0},{"damage":10.0,"enemies":"3 Cultists","floor":27.0,"turns":5.0},{"damage":0.0,"enemies":"Centurion and Healer","floor":29.0,"turns":2.0},{"damage":0.0,"enemies":"Sentry and Sphere","floor":30.0,"turns":3.0},{"damage":0.0,"enemies":"Chosen and Byrds","floor":31.0,"turns":2.0},{"damage":47.0,"enemies":"Automaton","floor":33.0,"turns":11.0},{"damage":0.0,"enemies":"Orb Walker","floor":35.0,"turns":2.0},{"damage":14.0,"enemies":"3 Darklings","floor":36.0,"turns":4.0},{"damage":14.0,"enemies":"Sphere and 2 Shapes","floor":37.0,"turns":4.0},{"damage":0.0,"enemies":"Jaw Worm Horde","floor":38.0,"turns":2.0},{"damage":0.0,"enemies":"4 Shapes","floor":42.0,"turns":3.0},{"damage":10.0,"enemies":"Spire Growth","floor":44.0,"turns":3.0},{"damage":0.0,"enemies":"Sphere and 2 Shapes","floor":46.0,"turns":2.0},{"damage":0.0,"enemies":"4 Shapes","floor":47.0,"turns":3.0},{"damage":0.0,"enemies":"3 Darklings","floor":48.0,"turns":2.0},{"damage":12,"enemies":"Time Eater","floor":50,"turns":7}],"seed_played":"-7378663467466028401","potions_obtained":[{"floor":1.0,"key":"Explosive Potion"},{"floor":11.0,"key":"Fruit Juice"},{"floor":14.0,"key":"Strength Potion"},{"floor":18.0,"key":"AttackPotion"},{"floor":31.0,"key":"Swift Potion"},{"floor":33.0,"key":"Block Potion"},{"floor":38.0,"key":"LiquidBronze"},{"floor":44.0,"key":"Block Potion"},{"floor":48.0,"key":"Fire Potion"}],"is_trial":false,"path_per_floor":["M","$","?","M","M","R","M","M","T","R","M","R","E","M","R","B",null,"M","$","M","?","?","R","M","M","T","M","$","M","M","M","R","B",null,"M","M","M","M","$","R","$","M","T","M","R","M","M","M","R","B",null],"character_chosen":"IRONCLAD","items_purchased":["Perfected Strike","Armaments","Pen Nib","Bottled Flame","DollysMirror"],"campfire_rested":0,"item_purchase_floors":[2,2,19,28,41],"current_hp_per_floor":[80,80,72,72,78,78,79,77,77,77,70,75,77,83,83,77,85,73,73,79,63,63,63,39,45,45,41,41,47,53,59,59,18,85,85,77,69,75,75,75,75,81,81,77,77,83,85,85,85,79],"gold":102,"neow_bonus":"THREE_CARDS","is_prod":false,"is_daily":false,"chose_seed":false,"campfire_upgraded":9,"win_rate":0,"timestamp":1547271436,"path_taken":["M","$","?","M","M","R","?","M","T","R","M","R","E","?","R","BOSS","M","$","M","?","?","R","M","M","T","M","$","?","M","M","R","BOSS","M","M","M","M","$","R","$","M","T","M","R","M","M","M","R","BOSS"],"build_version":"2019-01-10","purchased_purges":0,"victory":true,"max_hp_per_floor":[80,80,80,80,80,80,80,80,80,80,80,85,85,85,85,85,85,85,85,85,85,85,85,85,85,85,85,85,85,85,85,85,85,85,85,85,85,85,85,85,85,85,85,85,85,85,85,85,85,85],"card_choices":[{"not_picked":["Corruption","Feel No Pain"],"picked":"Clothesline","floor":0.0},{"not_picked":["Heavy Blade","Body Slam","Corruption"],"picked":"SKIP","floor":1.0},{"not_picked":["True Grit","Flex"],"picked":"Pommel Strike","floor":4.0},{"not_picked":["Anger","Searing Blow"],"picked":"Headbutt","floor":5.0},{"not_picked":["Rupture","Berserk","Flame Barrier"],"picked":"SKIP","floor":7.0},{"not_picked":["Shrug It Off","Combust"],"picked":"Perfected Strike","floor":8.0},{"not_picked":["Warcry","Flex"],"picked":"Twin Strike","floor":11.0},{"not_picked":["Rage","Armaments"],"picked":"True Grit","floor":13.0},{"not_picked":["Clothesline","Power Through","Feel No Pain"],"picked":"SKIP","floor":14.0},{"not_picked":["Havoc","Flex"],"picked":"Shrug It Off","floor":18.0},{"not_picked":["Searing Blow","Iron Wave+1","Armaments"],"picked":"SKIP","floor":20.0},{"not_picked":["Sentinel","Inflame","Infernal Blade"],"picked":"SKIP","floor":24.0},{"not_picked":["Dual Wield","Heavy Blade+1","Thunderclap"],"picked":"SKIP","floor":25.0},{"not_picked":["Dual Wield","Heavy Blade+1","Thunderclap"],"picked":"SKIP","floor":25.0},{"not_picked":["Thunderclap","Clothesline+1","Warcry"],"picked":"SKIP","floor":27.0},{"not_picked":["Armaments","Ghostly Armor"],"picked":"True Grit+1","floor":29.0},{"not_picked":["Bloodletting","Corruption+1"],"picked":"Shrug It Off+1","floor":30.0},{"not_picked":["Rampage","Reaper","Armaments"],"picked":"SKIP","floor":31.0},{"not_picked":["Armaments+1","Heavy Blade"],"picked":"Warcry+1","floor":35.0},{"not_picked":["Second Wind+1","Carnage+1","Infernal Blade"],"picked":"SKIP","floor":36.0},{"not_picked":["Disarm","Shrug It Off"],"picked":"Pommel Strike","floor":37.0},{"not_picked":["Disarm","Power Through","Sword Boomerang"],"picked":"SKIP","floor":38.0},{"not_picked":["Flex+1","Entrench+1","Ghostly Armor"],"picked":"SKIP","floor":42.0},{"not_picked":["Anger+1","Sword Boomerang+1"],"picked":"Perfected Strike","floor":44.0},{"not_picked":["Juggernaut","Shockwave+1"],"picked":"Thunderclap+1","floor":46.0},{"not_picked":["Ghostly Armor","Rage"],"picked":"Pommel Strike","floor":47.0},{"not_picked":["Anger+1","Sword Boomerang","Infernal Blade"],"picked":"SKIP","floor":48.0}],"player_experience":537721,"relics_obtained":[{"floor":9.0,"key":"Regal Pillow"},{"floor":13.0,"key":"Lantern"},{"floor":21.0,"key":"Enchiridion"},{"floor":26.0,"key":"Bag of Marbles"},{"floor":43.0,"key":"Oddly Smooth Stone"}],"event_choices":[{"damage_healed":0.0,"max_hp_gain":0.0,"max_hp_loss":0.0,"gold_gain":75.0,"event_name":"FaceTrader","player_choice":"Touch","floor":3.0,"gold_loss":0.0,"damage_taken":8.0},{"damage_healed":0.0,"max_hp_gain":0.0,"max_hp_loss":0.0,"gold_gain":0.0,"event_name":"Cursed Tome","player_choice":"Obtained Book","floor":21.0,"gold_loss":0.0,"damage_taken":16.0},{"damage_healed":0.0,"max_hp_gain":0.0,"max_hp_loss":0.0,"gold_gain":0.0,"event_name":"Transmorgrifier","player_choice":"Ignored","floor":22.0,"gold_loss":0.0,"damage_taken":0.0}],"is_beta":false,"boss_relics":[{"not_picked":["Black Blood","Black Star"],"picked":"Snecko Eye"},{"not_picked":["Cursed Key","Calling Bell"],"picked":"Velvet Choker"}],"items_purged_floors":[],"is_endless":false,"potions_floor_spawned":[1,11,14,18,31,33,36,38,44,48],"ascension_level":0}