{"gold_per_floor":[213,55,55,79,103,103,138,138,138,172,188,262,275,275],"floor_reached":14,"playtime":703,"items_purged":[],"score":200,"play_id":"cef76b67-43a9-4e0c-b83b-b7451eb4e884","local_time":"20190708210558","is_ascension_mode":true,"campfire_choices":[{"data":"Neutralize","floor":6,"key":"SMITH"},{"data":"Noxious Fumes","floor":8,"key":"SMITH"}],"neow_cost":"NONE","seed_source_timestamp":380667629360209,"circlet_count":0,"master_deck":["AscendersBane","Strike_G","Strike_G","Strike_G","Strike_G","Strike_G","Defend_G","Defend_G","Defend_G","Defend_G","Defend_G","Survivor","Neutralize+1","PiercingWail","Dash","Noxious Fumes+1","Footwork","Bane","Dagger Spray","All Out Attack","Sucker Punch","Deadly Poison"],"relics":["Ring of the Snake","Golden Idol","Pear","Regal Pillow","Oddly Smooth Stone","Art of War"],"potions_floor_usage":[10,12,14],"damage_taken":[{"damage":5,"enemies":"2 Louse","floor":1,"turns":4},{"damage":2,"enemies":"Jaw Worm","floor":4,"turns":6},{"damage":0,"enemies":"Cultist","floor":5,"turns":5},{"damage":10,"enemies":"Lagavulin","floor":7,"turns":10},{"damage":23,"enemies":"3 Sentries","floor":10,"turns":12},{"damage":0,"enemies":"2 Fungi Beasts","floor":11,"turns":5},{"damage":9,"enemies":"3 Sentries","floor":12,"turns":6},{"damage":0,"enemies":"Looter","floor":13,"turns":3},{"damage":23,"enemies":"Exordium Thugs","floor":14,"turns":3}],"seed_played":"-1487685466170962097","potions_obtained":[{"floor":4,"key":"Weak Potion"},{"floor":5,"key":"EssenceOfSteel"},{"floor":7,"key":"GhostInAJar"},{"floor":12,"key":"SpeedPotion"}],"is_trial":false,"path_per_floor":["M","$","?","M","M","R","E","R","T","E","M","?","M","M"],"character_chosen":"THE_SILENT","items_purchased":["Dash","Noxious Fumes"],"campfire_rested":0,"item_purchase_floors":[2,2],"current_hp_per_floor":[54,54,54,52,52,52,52,52,52,29,29,20,20,0],"gold":275,"neow_bonus":"HUNDRED_GOLD","is_prod":false,"is_daily":false,"chose_seed":false,"campfire_upgraded":2,"win_rate":0,"timestamp":1562583958,"path_taken":["M","$","?","M","M","R","E","R","T","E","M","?","M","?"],"build_version":"2019-07-05","purchased_purges":0,"victory":false,"max_hp_per_floor":[66,66,60,60,60,60,70,70,70,70,70,70,70,70],"card_choices":[{"not_picked":["Blade Dance","Blur"],"picked":"PiercingWail","floor":1},{"not_picked":["Deflect","Underhanded Strike"],"picked":"Footwork","floor":4},{"not_picked":["Deflect","Acrobatics"],"picked":"Bane","floor":5},{"not_picked":["Noxious Fumes","Tactician"],"picked":"Dagger Spray","floor":7},{"not_picked":["Prepared","Heel Hook","Reflex"],"picked":"SKIP","floor":10},{"not_picked":["Wraith Form v2","Outmaneuver"],"picked":"All Out Attack","floor":11},{"not_picked":["Bane","Cloak And Dagger"],"picked":"Sucker Punch","floor":12},{"not_picked":["Prepared","Blade Dance"],"picked":"Deadly Poison","floor":13}],"player_experience":609843,"relics_obtained":[{"floor":7,"key":"Pear"},{"floor":9,"key":"Regal Pillow"},{"floor":10,"key":"Oddly Smooth Stone"}],"event_choices":[{"damage_healed":0,"gold_gain":0,"player_choice":"Lose Max HP","damage_taken":0,"relics_obtained":["Golden Idol"],"max_hp_gain":0,"max_hp_loss":6,"event_name":"Golden Idol","floor":3,"gold_loss":0},{"damage_healed":0,"gold_gain":0,"player_choice":"Searched \u00272\u0027 times","damage_taken":0,"relics_obtained":["Art of War"],"max_hp_gain":0,"max_hp_loss":0,"event_name":"Dead Adventurer","floor":12,"gold_loss":0}],"is_beta":false,"boss_relics":[],"items_purged_floors":[],"is_endless":false,"potions_floor_spawned":[4,5,7,12],"killed_by":"Exordium Thugs","ascension_level":20}