{"gold_per_floor":[17,35,45,61,61,61,90,90,90,103,133,133,164,181,181,283,283,297,310,310,310,310,310,310,340,340,340],"floor_reached":27,"playtime":2679,"items_purged":[],"score":289,"play_id":"5e547cde-daa7-4ef2-813e-d052edff8d2a","local_time":"20190705131224","is_ascension_mode":true,"campfire_choices":[{"data":"Noxious Fumes","floor":6,"key":"SMITH"},{"floor":8,"key":"REST"},{"data":"Madness","floor":12,"key":"SMITH"},{"floor":15,"key":"REST"},{"floor":23,"key":"REST"}],"neow_cost":"NO_GOLD","seed_source_timestamp":81550123456136,"circlet_count":0,"master_deck":["Strike_G","Strike_G","Strike_G","Strike_G","Defend_G","Defend_G","Defend_G","Defend_G","Survivor","Neutralize","Madness+1","Blind","Caltrops","PiercingWail","Riddle With Holes","Noxious Fumes+1","Bouncing Flask","Dash","Dagger Spray","Deadly Poison","Envenom","Blade Dance","Die Die Die","Endless Agony","Decay"],"relics":["Ring of the Snake","Kunai","The Courier","Paper Crane","The Specimen","Busted Crown","Vajra","StoneCalendar"],"potions_floor_usage":[7,13,16,18,27,27],"damage_taken":[{"damage":1,"enemies":"2 Louse","floor":1,"turns":4},{"damage":1,"enemies":"Jaw Worm","floor":2,"turns":4},{"damage":3,"enemies":"Small Slimes","floor":3,"turns":4},{"damage":3,"enemies":"Red Slaver","floor":4,"turns":4},{"damage":25,"enemies":"Gremlin Nob","floor":7,"turns":5},{"damage":6,"enemies":"Lots of Slimes","floor":10,"turns":5},{"damage":2,"enemies":"Lagavulin","floor":11,"turns":7},{"damage":24,"enemies":"Gremlin Nob","floor":13,"turns":4},{"damage":18,"enemies":"Exordium Thugs","floor":14,"turns":6},{"damage":6,"enemies":"The Guardian","floor":16,"turns":8},{"damage":14,"enemies":"2 Thieves","floor":18,"turns":4},{"damage":13,"enemies":"Spheric Guardian","floor":19,"turns":4},{"damage":40,"enemies":"Gremlin Leader","floor":25,"turns":6},{"damage":24,"enemies":"Centurion and Healer","floor":27,"turns":5}],"seed_played":"-5078689859280221317","potions_obtained":[{"floor":1,"key":"EssenceOfSteel"},{"floor":7,"key":"Swift Potion"},{"floor":10,"key":"EssenceOfSteel"},{"floor":11,"key":"SteroidPotion"},{"floor":13,"key":"SteroidPotion"},{"floor":19,"key":"Dexterity Potion"},{"floor":25,"key":"Block Potion"}],"is_trial":false,"path_per_floor":["M","M","M","M","?","R","E","R","T","M","E","R","E","M","R","B",null,"M","M","?","?","?","R","?","E","T","M"],"character_chosen":"THE_SILENT","items_purchased":[],"campfire_rested":3,"item_purchase_floors":[],"current_hp_per_floor":[69,68,65,62,62,62,37,58,58,52,50,50,26,8,29,23,70,56,43,43,43,43,64,64,24,24,0],"gold":340,"neow_bonus":"RANDOM_COLORLESS_2","is_prod":false,"is_daily":false,"chose_seed":false,"campfire_upgraded":2,"win_rate":0,"timestamp":1562303544,"path_taken":["M","M","M","M","?","R","E","R","T","M","E","R","E","M","R","BOSS","M","M","?","?","?","R","?","E","T","M"],"build_version":"2019-07-01","purchased_purges":0,"victory":false,"max_hp_per_floor":[70,70,70,70,70,70,70,70,70,70,70,70,70,70,70,70,70,70,70,70,70,70,70,70,70,70,70],"card_choices":[{"not_picked":["Bane","Underhanded Strike"],"picked":"Caltrops","floor":1},{"not_picked":["Blade Dance","Underhanded Strike"],"picked":"PiercingWail","floor":2},{"not_picked":["Deadly Poison","Infinite Blades"],"picked":"Riddle With Holes","floor":3},{"not_picked":["Dagger Spray","Sucker Punch"],"picked":"Noxious Fumes","floor":4},{"not_picked":["Unload","Phantasmal Killer"],"picked":"Bouncing Flask","floor":7},{"not_picked":["Setup","Infinite Blades"],"picked":"Dash","floor":10},{"not_picked":["Backstab","Skewer","Quick Slash"],"picked":"SKIP","floor":11},{"not_picked":["Finisher","Wraith Form v2"],"picked":"Dagger Spray","floor":13},{"not_picked":["Dagger Throw","Eviscerate"],"picked":"Deadly Poison","floor":14},{"not_picked":["Die Die Die","After Image"],"picked":"Envenom","floor":16},{"not_picked":["Dodge and Roll"],"picked":"SKIP","floor":18},{"not_picked":["Prepared"],"picked":"SKIP","floor":19},{"not_picked":["Finisher"],"picked":"SKIP","floor":25}],"player_experience":163113,"relics_obtained":[{"floor":7,"key":"Kunai"},{"floor":9,"key":"The Courier"},{"floor":11,"key":"Paper Crane"},{"floor":13,"key":"The Specimen"},{"floor":25,"key":"Vajra"},{"floor":26,"key":"StoneCalendar"}],"event_choices":[{"damage_healed":0,"gold_gain":0,"player_choice":"Ignored","damage_taken":0,"max_hp_gain":0,"max_hp_loss":0,"event_name":"Liars Game","floor":5,"gold_loss":0},{"damage_healed":0,"gold_gain":0,"player_choice":"Read","damage_taken":0,"max_hp_gain":0,"max_hp_loss":0,"event_name":"The Library","floor":20,"gold_loss":0,"cards_obtained":["Blade Dance"]},{"damage_healed":0,"gold_gain":0,"cards_transformed":["Strike_G","Defend_G"],"player_choice":"Became Test Subject","damage_taken":0,"max_hp_gain":0,"max_hp_loss":0,"event_name":"Drug Dealer","floor":21,"gold_loss":0,"cards_obtained":["Die Die Die","Endless Agony"]},{"damage_healed":0,"gold_gain":0,"player_choice":"Ignored","damage_taken":0,"max_hp_gain":0,"max_hp_loss":0,"event_name":"Vampires","floor":22,"gold_loss":0},{"damage_healed":0,"gold_gain":0,"player_choice":"Cursed","damage_taken":0,"max_hp_gain":0,"max_hp_loss":0,"event_name":"Wheel of Change","floor":24,"gold_loss":0,"cards_obtained":["Decay"]}],"is_beta":false,"boss_relics":[{"not_picked":["Calling Bell","Empty Cage"],"picked":"Busted Crown"}],"items_purged_floors":[],"is_endless":false,"potions_floor_spawned":[1,7,10,11,13,19,25],"killed_by":"Centurion and Healer","ascension_level":3}