{"gold_per_floor":[116,116,127,28,28,53,110,121,144,173,201,201,219,232,232,329,379,391,341,351,351,363,363,462,387,410,427,427,437,437,437],"floor_reached":31,"playtime":2908,"items_purged":[],"score":270,"play_id":"5f344684-569d-4513-86bb-816107179ad6","local_time":"20190712122101","is_ascension_mode":true,"campfire_choices":[{"floor":12.0,"key":"REST"},{"floor":15.0,"key":"RECALL"},{"floor":23.0,"key":"REST"}],"neow_cost":"NONE","seed_source_timestamp":176437072062111,"circlet_count":0,"master_deck":["Strike_R+1","Strike_R","Strike_R+1","Strike_R+1","Defend_R","Defend_R+1","Defend_R","Defend_R","Bash+1","Heavy Blade+1","Disarm","Metallicize","Shrug It Off","Battle Trance","Clothesline","Uppercut+1","Spot Weakness","Iron Wave","Armaments","Armaments","Immolate","True Grit","Cleave","Heavy Blade+1","True Grit","Sword Boomerang","Flex"],"special_seed":0,"relics":["Burning Blood","Whetstone","Dodecahedron","Odd Mushroom","Pen Nib","Tiny House","Potion Belt"],"potions_floor_usage":[31],"damage_taken":[{"damage":4.0,"enemies":"Jaw Worm","floor":1.0,"turns":4.0},{"damage":2.0,"enemies":"2 Louse","floor":3.0,"turns":2.0},{"damage":25.0,"enemies":"3 Sentries","floor":6.0,"turns":11.0},{"damage":14.0,"enemies":"Gremlin Nob","floor":7.0,"turns":4.0},{"damage":1.0,"enemies":"Small Slimes","floor":8.0,"turns":3.0},{"damage":9.0,"enemies":"The Mushroom Lair","floor":10.0,"turns":5.0},{"damage":16.0,"enemies":"Gremlin Nob","floor":11.0,"turns":5.0},{"damage":3.0,"enemies":"Blue Slaver","floor":13.0,"turns":4.0},{"damage":7.0,"enemies":"2 Fungi Beasts","floor":14.0,"turns":4.0},{"damage":18.0,"enemies":"The Guardian","floor":16.0,"turns":12.0},{"damage":22.0,"enemies":"2 Thieves","floor":18.0,"turns":3.0},{"damage":11.0,"enemies":"Shell Parasite","floor":20.0,"turns":9.0},{"damage":26.0,"enemies":"Snake Plant","floor":22.0,"turns":7.0},{"damage":48.0,"enemies":"Chosen and Byrds","floor":27.0,"turns":7.0},{"damage":35.0,"enemies":"Centurion and Healer","floor":29.0,"turns":11.0},{"damage":51,"enemies":"Slavers","floor":31,"turns":4}],"seed_played":"-6398939918773840450","potions_obtained":[{"floor":3.0,"key":"Ancient Potion"},{"floor":8.0,"key":"SkillPotion"},{"floor":14.0,"key":"SkillPotion"},{"floor":16.0,"key":"PowerPotion"},{"floor":17.0,"key":"Dexterity Potion"},{"floor":18.0,"key":"Block Potion"},{"floor":27.0,"key":"Regen Potion"}],"is_trial":false,"path_per_floor":["M","?","M","$","?","E","?","M","T","?","E","R","M","M","R","B",null,"M","$","M","?","M","R","?","?","T","M","?","M","?","E"],"character_chosen":"IRONCLAD","items_purchased":["Metallicize","Shrug It Off","Cleave"],"campfire_rested":2,"item_purchase_floors":[4,4,19],"current_hp_per_floor":[80,64,68,68,73,54,46,51,51,48,38,63,66,65,65,53,90,74,74,69,69,49,76,76,76,76,34,34,20,50,0],"gold":437,"neow_bonus":"UPGRADE_CARD","is_prod":false,"is_daily":false,"chose_seed":false,"campfire_upgraded":0,"win_rate":0,"timestamp":1562948461,"path_taken":["M","?","M","$","?","E","?","M","T","?","E","R","?","M","R","BOSS","M","$","M","?","?","R","?","?","T","M","?","?","?","E"],"build_version":"2019-07-05","purchased_purges":0,"victory":false,"max_hp_per_floor":[80,80,80,80,85,85,85,85,85,85,85,85,85,85,85,85,90,90,90,90,90,90,90,90,90,90,90,90,90,90,90],"card_choices":[{"not_picked":["Sword Boomerang","Rampage"],"picked":"Heavy Blade","floor":1.0},{"not_picked":["Pommel Strike","Rampage"],"picked":"Disarm","floor":3.0},{"not_picked":["Heavy Blade","Intimidate"],"picked":"Battle Trance","floor":6.0},{"not_picked":["Armaments","Wild Strike"],"picked":"Clothesline","floor":7.0},{"not_picked":["Corruption","Cleave"],"picked":"Uppercut","floor":8.0},{"not_picked":["Perfected Strike","Clothesline"],"picked":"Spot Weakness","floor":10.0},{"not_picked":["Flex","Second Wind"],"picked":"Iron Wave","floor":11.0},{"not_picked":["Perfected Strike","Sword Boomerang"],"picked":"Armaments","floor":13.0},{"not_picked":["Berserk","Carnage"],"picked":"Armaments","floor":14.0},{"not_picked":["Barricade","Bludgeon"],"picked":"Immolate","floor":16.0},{"not_picked":["Body Slam","Armaments"],"picked":"True Grit","floor":17.0},{"not_picked":["Havoc","Twin Strike","Sword Boomerang"],"picked":"SKIP","floor":18.0},{"not_picked":["Dual Wield+1","Clash+1"],"picked":"Heavy Blade+1","floor":20.0},{"not_picked":["Wild Strike","Heavy Blade"],"picked":"True Grit","floor":22.0},{"not_picked":["Twin Strike+1","Body Slam"],"picked":"Sword Boomerang","floor":27.0},{"not_picked":["Clash","Blood for Blood"],"picked":"Flex","floor":29.0}],"player_experience":96996,"relics_obtained":[{"floor":6.0,"key":"Whetstone"},{"floor":7.0,"key":"Dodecahedron"},{"floor":10.0,"key":"Odd Mushroom"},{"floor":11.0,"key":"Pen Nib"},{"floor":26.0,"key":"Potion Belt"}],"event_choices":[{"damage_healed":0.0,"max_hp_gain":0.0,"max_hp_loss":0.0,"gold_gain":0.0,"event_name":"Shining Light","player_choice":"Entered Light","floor":2.0,"gold_loss":0.0,"damage_taken":16.0,"cards_upgraded":["Strike_R","Strike_R"]},{"damage_healed":0.0,"max_hp_gain":5.0,"max_hp_loss":0.0,"gold_gain":0.0,"event_name":"Big Fish","player_choice":"Donut","floor":5.0,"gold_loss":0.0,"damage_taken":0.0},{"damage_healed":0.0,"max_hp_gain":0.0,"max_hp_loss":0.0,"gold_gain":0.0,"event_name":"Dead Adventurer","player_choice":"Searched \u00271\u0027 times","floor":7.0,"gold_loss":0.0,"damage_taken":0.0},{"damage_healed":0.0,"max_hp_gain":0.0,"max_hp_loss":0.0,"gold_gain":0.0,"event_name":"Mushrooms","player_choice":"Fought Mushrooms","floor":10.0,"gold_loss":0.0,"damage_taken":0.0},{"damage_healed":0.0,"max_hp_gain":0.0,"max_hp_loss":0.0,"gold_gain":0.0,"event_name":"FaceTrader","player_choice":"Leave","floor":21.0,"gold_loss":0.0,"damage_taken":0.0},{"damage_healed":0.0,"max_hp_gain":0.0,"max_hp_loss":0.0,"gold_gain":99.0,"event_name":"Nest","player_choice":"Stole From Cult","floor":24.0,"gold_loss":0.0,"damage_taken":0.0},{"cards_removed":["Strike_R"],"damage_healed":0.0,"max_hp_gain":0.0,"max_hp_loss":0.0,"gold_gain":0.0,"event_name":"Beggar","player_choice":"Gave Gold","floor":25.0,"gold_loss":75.0,"damage_taken":0.0},{"damage_healed":0.0,"max_hp_gain":0.0,"max_hp_loss":0.0,"gold_gain":0.0,"event_name":"Upgrade Shrine","player_choice":"Upgraded","floor":28.0,"gold_loss":0.0,"damage_taken":0.0,"cards_upgraded":["Uppercut"]},{"damage_healed":30.0,"max_hp_gain":0.0,"max_hp_loss":0.0,"gold_gain":0.0,"event_name":"The Library","player_choice":"Heal","floor":30.0,"gold_loss":0.0,"damage_taken":0.0}],"is_beta":false,"boss_relics":[{"not_picked":["Astrolabe","Sozu"],"picked":"Tiny House"}],"items_purged_floors":[],"is_endless":false,"potions_floor_spawned":[3,8,14,16,18,27],"killed_by":"Slavers","ascension_level":2}