{"gold_per_floor":[119,133,153,153,167,167,181,181,181,198,231,231,244,276,276,377,377,391,98,98,111,29,60,60,86,113,125,162,174,202,224,236,345,357,383,395,407,419,431,443,455,467,504,516,548,27,0,12,12,12],"floor_reached":50,"playtime":5850,"items_purged":["Defend_G","Strike_G"],"score":560,"play_id":"ec05c13e-085a-4533-80f3-d2556692ddeb","local_time":"20190628191241","is_ascension_mode":false,"campfire_choices":[{"data":"Terror","floor":6,"key":"SMITH"},{"floor":8,"key":"REST"},{"floor":12,"key":"REST"},{"floor":15,"key":"REST"},{"floor":24,"key":"REST"},{"floor":27,"key":"REST"},{"floor":32,"key":"REST"},{"data":"J.A.X.","floor":40,"key":"SMITH"},{"data":"Tactician","floor":42,"key":"SMITH"},{"floor":49,"key":"REST"}],"neow_cost":"NONE","seed_source_timestamp":452653485606385,"circlet_count":0,"master_deck":["Defend_G","Defend_G","Defend_G+1","Defend_G","Strike_G","Strike_G","Strike_G","Strike_G","Survivor+1","Neutralize","Terror+1","Riddle With Holes","Underhanded Strike+1","Quick Slash","Tactician+1","PiercingWail","Adrenaline","Dagger Throw","Prepared","A Thousand Cuts","Underhanded Strike","Acrobatics","J.A.X.+1","Prepared+1","Calculated Gamble","Underhanded Strike","Deflect+1","Skewer+1","Underhanded Strike+1","Acrobatics+1","Tools of the Trade","Writhe","Slice+1","Underhanded Strike+1"],"relics":["Ring of the Snake","Du-Vu Doll","Ninja Scroll","StoneCalendar","Black Star","Bag of Marbles","Darkstone Periapt","Strawberry","Ginger","Kunai","MawBank","Whetstone","Smiling Mask","Enchiridion","Eternal Feather","Juzu Bracelet","Chemical X","Torii","Red Mask"],"potions_floor_usage":[11,16,16,25,33,33,38,50,50],"damage_taken":[{"damage":12,"enemies":"Small Slimes","floor":1,"turns":5},{"damage":0,"enemies":"Jaw Worm","floor":2,"turns":8},{"damage":1,"enemies":"Cultist","floor":3,"turns":4},{"damage":0,"enemies":"3 Louse","floor":5,"turns":3},{"damage":6,"enemies":"Exordium Wildlife","floor":7,"turns":3},{"damage":1,"enemies":"Blue Slaver","floor":10,"turns":3},{"damage":21,"enemies":"Gremlin Nob","floor":11,"turns":4},{"damage":0,"enemies":"Lots of Slimes","floor":13,"turns":4},{"damage":13,"enemies":"3 Sentries","floor":14,"turns":7},{"damage":41,"enemies":"Slime Boss","floor":16,"turns":10},{"damage":13,"enemies":"3 Byrds","floor":18,"turns":7},{"damage":5,"enemies":"Shell Parasite","floor":21,"turns":5},{"damage":28,"enemies":"Book of Stabbing","floor":23,"turns":4},{"damage":2,"enemies":"Slavers","floor":25,"turns":6},{"damage":15,"enemies":"Book of Stabbing","floor":28,"turns":5},{"damage":13,"enemies":"Snake Plant","floor":30,"turns":2},{"damage":5,"enemies":"3 Cultists","floor":31,"turns":4},{"damage":59,"enemies":"Automaton","floor":33,"turns":10},{"damage":0,"enemies":"Orb Walker","floor":35,"turns":2},{"damage":3,"enemies":"3 Darklings","floor":38,"turns":2},{"damage":1,"enemies":"Transient","floor":45,"turns":5},{"damage":17,"enemies":"Writhing Mass","floor":48,"turns":4},{"damage":90,"enemies":"Time Eater","floor":50,"turns":7}],"seed_played":"5538968766328608138","potions_obtained":[{"floor":3,"key":"GamblersBrew"},{"floor":7,"key":"PowerPotion"},{"floor":10,"key":"SteroidPotion"},{"floor":11,"key":"SkillPotion"},{"floor":18,"key":"Fire Potion"},{"floor":28,"key":"LiquidBronze"},{"floor":33,"key":"SmokeBomb"},{"floor":35,"key":"FearPotion"},{"floor":45,"key":"Explosive Potion"},{"floor":48,"key":"AttackPotion"}],"is_trial":false,"path_per_floor":["M","M","M","?","M","R","M","R","T","M","E","R","M","E","R","B",null,"M","$","?","M","$","E","R","E","T","R","E","?","M","M","R","B",null,"M","?","$","M","?","R","$","R","T","$","M","$","?","M","R","B"],"character_chosen":"THE_SILENT","items_purchased":["Underhanded Strike","Acrobatics","Bag of Marbles","Calculated Gamble","Underhanded Strike","Chemical X","Torii"],"campfire_rested":7,"item_purchase_floors":[19,19,19,22,22,46,46],"current_hp_per_floor":[65,65,64,49,49,49,43,66,66,65,44,67,67,54,77,36,77,64,64,64,59,59,38,63,61,61,84,69,53,40,35,60,1,84,84,84,84,81,90,90,90,90,90,90,89,89,89,72,90,0],"gold":12,"neow_bonus":"TEN_PERCENT_HP_BONUS","is_prod":false,"is_daily":false,"chose_seed":false,"campfire_upgraded":3,"win_rate":0.0,"timestamp":1561720361,"path_taken":["M","M","M","?","M","R","M","R","T","M","E","R","M","E","R","BOSS","M","$","?","M","$","E","R","E","T","R","E","?","M","M","R","BOSS","M","?","?","M","?","R","$","R","T","$","M","$","?","M","R","BOSS"],"build_version":"2019-01-23","purchased_purges":2,"victory":false,"max_hp_per_floor":[77,77,77,77,77,77,77,77,77,77,77,77,77,77,77,77,77,77,77,77,77,77,84,84,84,84,84,84,84,84,84,84,84,84,84,84,84,84,90,90,90,90,90,90,90,90,90,90,90,90],"card_choices":[{"not_picked":["Dodge and Roll","Dagger Throw"],"picked":"Terror","floor":1},{"not_picked":["Sucker Punch","Backstab"],"picked":"Riddle With Holes","floor":2},{"not_picked":["Blur","Dodge and Roll"],"picked":"Underhanded Strike","floor":3},{"not_picked":["Bane","Blur"],"picked":"Quick Slash","floor":5},{"not_picked":["PiercingWail","Bane"],"picked":"Tactician","floor":7},{"not_picked":["Dodge and Roll","Poisoned Stab"],"picked":"PiercingWail","floor":10},{"not_picked":["Quick Slash","Blade Dance"],"picked":"Adrenaline","floor":11},{"not_picked":["Calculated Gamble","Catalyst"],"picked":"Dagger Throw","floor":13},{"not_picked":["Tactician","Burst"],"picked":"Prepared","floor":14},{"not_picked":["Bullet Time","Corpse Explosion"],"picked":"A Thousand Cuts","floor":16},{"not_picked":["Outmaneuver","Dodge and Roll","Blur"],"picked":"SKIP","floor":18},{"not_picked":["Infinite Blades","Dash"],"picked":"Prepared+1","floor":21},{"not_picked":["Deadly Poison","Blade Dance"],"picked":"Deflect+1","floor":23},{"not_picked":["Masterful Stab+1","Poisoned Stab"],"picked":"Skewer","floor":25},{"not_picked":["Riddle With Holes","Well Laid Plans"],"picked":"Underhanded Strike+1","floor":28},{"not_picked":["Caltrops+1","Backflip"],"picked":"Acrobatics+1","floor":30},{"not_picked":["Well Laid Plans+1","Escape Plan+1","Bane"],"picked":"SKIP","floor":31},{"not_picked":["Die Die Die","Bullet Time"],"picked":"Tools of the Trade","floor":33},{"not_picked":["Deflect+1","Noxious Fumes+1"],"picked":"Backflip+1","floor":35},{"not_picked":["Dash+1","Bane"],"picked":"Slice+1","floor":45},{"not_picked":["Deflect+1","Dodge and Roll"],"picked":"Underhanded Strike+1","floor":48}],"player_experience":31477,"relics_obtained":[{"floor":9,"key":"Du-Vu Doll"},{"floor":11,"key":"Ninja Scroll"},{"floor":14,"key":"StoneCalendar"},{"floor":23,"key":"Darkstone Periapt"},{"floor":23,"key":"Strawberry"},{"floor":25,"key":"Ginger"},{"floor":25,"key":"Kunai"},{"floor":26,"key":"MawBank"},{"floor":28,"key":"Whetstone"},{"floor":28,"key":"Smiling Mask"},{"floor":29,"key":"Enchiridion"},{"floor":43,"key":"Juzu Bracelet"}],"event_choices":[{"damage_healed":0,"gold_gain":0,"player_choice":"Entered Light","damage_taken":15,"max_hp_gain":0,"max_hp_loss":0,"event_name":"Shining Light","floor":4,"gold_loss":0,"cards_upgraded":["Defend_G","Survivor"]},{"damage_healed":0,"gold_gain":0,"player_choice":"Obtain J.A.X.","damage_taken":0,"max_hp_gain":0,"max_hp_loss":0,"event_name":"Drug Dealer","floor":20,"gold_loss":0,"cards_obtained":["J.A.X."]},{"damage_healed":0,"gold_gain":0,"player_choice":"Obtained Book","damage_taken":16,"max_hp_gain":0,"max_hp_loss":0,"event_name":"Cursed Tome","floor":29,"gold_loss":0},{"cards_removed":["Backflip"],"damage_healed":5,"gold_gain":0,"player_choice":"Offered Common","damage_taken":0,"max_hp_gain":0,"max_hp_loss":0,"event_name":"Bonfire Elementals","floor":36,"gold_loss":0},{"cards_removed":["Backflip"],"damage_healed":5,"gold_gain":0,"player_choice":"Offered Special","damage_taken":0,"max_hp_gain":0,"max_hp_loss":0,"event_name":"Bonfire Elementals","floor":36,"gold_loss":0},{"damage_healed":21,"gold_gain":0,"player_choice":"Writhe","damage_taken":0,"max_hp_gain":0,"max_hp_loss":0,"event_name":"Winding Halls","floor":39,"gold_loss":0,"cards_obtained":["Writhe"]},{"damage_healed":0,"gold_gain":0,"player_choice":"Paid","damage_taken":0,"relics_obtained":["Red Mask"],"max_hp_gain":0,"max_hp_loss":0,"event_name":"Tomb of Lord Red Mask","floor":47,"gold_loss":27}],"is_beta":false,"boss_relics":[{"not_picked":["White Beast Statue","Ectoplasm"],"picked":"Black Star"},{"not_picked":["Busted Crown","Tiny House"],"picked":"Eternal Feather"}],"items_purged_floors":[19,46],"is_endless":false,"potions_floor_spawned":[3,7,10,11,18,28,33,35,45,48],"killed_by":"Time Eater","ascension_level":0}