{"gold_per_floor":[117,117,117,45,45,80,80,92,92,124,141,166,166,47,47,172,172,192,39,39,39,8,8,44,44,91,91],"floor_reached":27,"playtime":2496,"items_purged":["Regret"],"score":337,"play_id":"bde7281c-600f-4916-a21a-5254e67b0ce6","local_time":"20190720232132","is_ascension_mode":true,"campfire_choices":[{"floor":7,"key":"REST"},{"data":"Redo","floor":15,"key":"SMITH"},{"data":"Defragment","floor":23,"key":"SMITH"},{"floor":25,"key":"REST"}],"neow_cost":"NONE","seed_source_timestamp":2052339646200,"circlet_count":0,"master_deck":["Strike_B","Strike_B","Strike_B","Strike_B","Defend_B+1","Defend_B","Defend_B","Defend_B+1","Zap","Dualcast","Redo+1","White Noise","Hello World","Beam Cell","Self Repair","Stack","Genetic Algorithm","Injury","Loop","Creative AI","Chill","Shame","Writhe","Defragment+1","Conserve Battery","Conserve Battery+1"],"relics":["Cracked Core","NeowsBlessing","Dead Branch","Art of War","Bag of Marbles","The Courier","Pen Nib","Dream Catcher","Golden Idol","Philosopher\u0027s Stone","Membership Card","Darkstone Periapt","Happy Flower","Unceasing Top"],"potions_floor_usage":[10,10,16],"damage_taken":[{"damage":0,"enemies":"Jaw Worm","floor":1,"turns":1},{"damage":0,"enemies":"Lagavulin","floor":6,"turns":1},{"damage":0,"enemies":"2 Louse","floor":8,"turns":1},{"damage":2,"enemies":"Gremlin Nob","floor":10,"turns":3},{"damage":3,"enemies":"Small Slimes","floor":11,"turns":3},{"damage":25,"enemies":"Lagavulin","floor":12,"turns":7},{"damage":16,"enemies":"Hexaghost","floor":16,"turns":9},{"damage":15,"enemies":"Chosen","floor":18,"turns":5},{"damage":72,"enemies":"Book of Stabbing","floor":24,"turns":8},{"damage":43,"enemies":"Slavers","floor":27,"turns":4}],"seed_played":"-3027728280179828743","potions_obtained":[{"floor":1,"key":"Energy Potion"},{"floor":6,"key":"GamblersBrew"},{"floor":12,"key":"SkillPotion"},{"floor":18,"key":"Energy Potion"}],"is_trial":false,"path_per_floor":["M","?","?","$","?","E","R","M","T","E","M","E","?","$","R","B",null,"M","$","?","?","$","R","E","R","T","E"],"character_chosen":"DEFECT","items_purchased":["White Noise","Loop","Membership Card","Defragment"],"campfire_rested":2,"item_purchase_floors":[4,14,19,22],"current_hp_per_floor":[75,75,50,50,35,35,57,57,57,55,59,41,41,41,41,32,75,67,67,73,79,79,79,14,40,40,0],"gold":91,"neow_bonus":"THREE_ENEMY_KILL","is_prod":false,"is_daily":false,"chose_seed":false,"campfire_upgraded":2,"win_rate":0,"timestamp":1563657692,"path_taken":["M","?","?","$","?","E","R","M","T","E","?","E","?","$","R","BOSS","M","$","?","?","$","R","E","R","T","E"],"build_version":"2019-07-18","purchased_purges":1,"victory":false,"max_hp_per_floor":[75,75,75,75,75,75,75,75,75,75,75,75,75,75,75,75,75,75,75,81,87,87,87,87,87,87,87],"card_choices":[{"not_picked":["Heatsinks","Stack"],"picked":"Redo","floor":1},{"not_picked":["Sunder","Blizzard"],"picked":"Hello World","floor":6},{"not_picked":["Chaos","Gash"],"picked":"Beam Cell","floor":8},{"not_picked":["Seek","Barrage"],"picked":"Self Repair","floor":10},{"not_picked":["Rip and Tear","Compile Driver"],"picked":"Stack","floor":11},{"not_picked":["Multi-Cast","Hologram"],"picked":"Genetic Algorithm","floor":12},{"not_picked":["Multi-Cast","Echo Form"],"picked":"Creative AI","floor":16},{"not_picked":["Steam","Sweeping Beam"],"picked":"Chill","floor":18},{"not_picked":["Streamline","Chill"],"picked":"Conserve Battery","floor":24},{"not_picked":["Reinforced Body","Coolheaded"],"picked":"Conserve Battery+1","floor":25}],"player_experience":161847,"relics_obtained":[{"floor":6,"key":"Bag of Marbles"},{"floor":9,"key":"The Courier"},{"floor":10,"key":"Pen Nib"},{"floor":12,"key":"Dream Catcher"},{"floor":24,"key":"Unceasing Top"}],"event_choices":[{"damage_healed":0,"gold_gain":0,"player_choice":"Box","damage_taken":0,"relics_obtained":["Dead Branch"],"max_hp_gain":0,"max_hp_loss":0,"event_name":"Big Fish","floor":2,"gold_loss":0,"cards_obtained":["Regret"]},{"damage_healed":0,"gold_gain":0,"player_choice":"Success","damage_taken":25,"relics_obtained":["Art of War"],"max_hp_gain":0,"max_hp_loss":0,"event_name":"Scrap Ooze","floor":3,"gold_loss":0},{"damage_healed":0,"gold_gain":0,"player_choice":"Entered Light","damage_taken":15,"max_hp_gain":0,"max_hp_loss":0,"event_name":"Shining Light","floor":5,"gold_loss":0,"cards_upgraded":["Defend_B","Defend_B"]},{"damage_healed":0,"gold_gain":0,"player_choice":"Take Wound","damage_taken":0,"relics_obtained":["Golden Idol"],"max_hp_gain":0,"max_hp_loss":0,"event_name":"Golden Idol","floor":13,"gold_loss":0,"cards_obtained":["Injury"]},{"damage_healed":0,"gold_gain":0,"player_choice":"Stole Relic","damage_taken":0,"relics_obtained":["Darkstone Periapt"],"max_hp_gain":0,"max_hp_loss":0,"event_name":"Addict","floor":20,"gold_loss":0,"cards_obtained":["Shame"]},{"damage_healed":0,"gold_gain":0,"player_choice":"Opened","damage_taken":0,"relics_obtained":["Happy Flower"],"max_hp_gain":0,"max_hp_loss":0,"event_name":"The Mausoleum","floor":21,"gold_loss":0,"cards_obtained":["Writhe"]}],"is_beta":true,"boss_relics":[{"not_picked":["Runic Dome","Cursed Key"],"picked":"Philosopher\u0027s Stone"}],"items_purged_floors":[14],"is_endless":false,"potions_floor_spawned":[1,6,12,18],"killed_by":"Slavers","ascension_level":3}