{"gold_per_floor":[112,129,129,143,159,159,170,205,205,205,218,252,270,195,195,290,290,310,225,236,236,70,70,88,117,193,468,484,484,484,484,484,582,582,599,343,355,80,100,100,113,113,195,195,195,214,214,224,224,224],"floor_reached":51,"playtime":8237,"items_purged":["Strike_G","Regret","Pain"],"score":717,"play_id":"1b5d9d17-e0cf-4826-b967-548d9e589e80","local_time":"20190705000640","is_ascension_mode":true,"campfire_choices":[{"data":"After Image","floor":6.0,"key":"SMITH"},{"floor":10.0,"key":"REST"},{"floor":15.0,"key":"REST"},{"data":"Neutralize","floor":23,"key":"SMITH"},{"data":"Doppelganger","floor":30,"key":"SMITH"},{"data":"Footwork","floor":32,"key":"SMITH"},{"floor":40,"key":"REST"},{"data":"The Bomb","floor":45,"key":"SMITH"},{"data":"Madness","floor":47,"key":"SMITH"},{"floor":49,"key":"REST"}],"neow_cost":"NONE","seed_source_timestamp":0,"circlet_count":0,"master_deck":["Defend_G","Defend_G","Defend_G","Defend_G","Survivor","Neutralize+1","After Image+1","Flying Knee","Backflip","PiercingWail","Dodge and Roll","Dagger Spray","Infinite Blades","Footwork+1","Sucker Punch","Sucker Punch","Doppelganger+1","Expertise","Bite","Bite","Bite","Bite","Bite","The Bomb+1","Dash","Bouncing Flask+1","Quick Slash","Night Terror","Leg Sweep+1","Dodge and Roll","Madness+1","Madness","Tactician+1","Blade Dance+1"],"special_seed":0,"relics":["Ring of the Serpent","Boot","Pen Nib","HoveringKite","Sundial","PreservedInsect","Letter Opener","WarpedTongs","Anchor","Ancient Tea Set","Bottled Lightning"],"potions_floor_usage":[24,25,25,33,50],"damage_taken":[{"damage":1.0,"enemies":"Jaw Worm","floor":1.0,"turns":4.0},{"damage":1.0,"enemies":"Cultist","floor":2.0,"turns":5.0},{"damage":0.0,"enemies":"2 Louse","floor":4.0,"turns":4.0},{"damage":0.0,"enemies":"Blue Slaver","floor":5.0,"turns":5.0},{"damage":0.0,"enemies":"Large Slime","floor":7.0,"turns":15.0},{"damage":25.0,"enemies":"Lagavulin","floor":8.0,"turns":11.0},{"damage":10.0,"enemies":"Lots of Slimes","floor":11.0,"turns":3.0},{"damage":4.0,"enemies":"3 Sentries","floor":12.0,"turns":7.0},{"damage":13.0,"enemies":"Exordium Wildlife","floor":13.0,"turns":7.0},{"damage":14.0,"enemies":"Hexaghost","floor":16.0,"turns":13.0},{"damage":4,"enemies":"Shell Parasite","floor":18,"turns":11},{"damage":6,"enemies":"Spheric Guardian","floor":20,"turns":8},{"damage":5,"enemies":"Snecko","floor":24,"turns":6},{"damage":36,"enemies":"Gremlin Leader","floor":25,"turns":12},{"damage":17,"enemies":"Chosen and Byrds","floor":28,"turns":7},{"damage":29,"enemies":"Collector","floor":33,"turns":9},{"damage":48,"enemies":"3 Darklings","floor":35,"turns":6},{"damage":7,"enemies":"3 Shapes","floor":37,"turns":4},{"damage":14,"enemies":"Writhing Mass","floor":39,"turns":9},{"damage":9,"enemies":"Maw","floor":41,"turns":9},{"damage":9,"enemies":"Transient","floor":46,"turns":5},{"damage":0,"enemies":"Sphere and 2 Shapes","floor":48,"turns":3},{"damage":54,"enemies":"Awakened One","floor":50,"turns":25}],"seed_played":"-5564356131723837432","potions_obtained":[{"floor":2.0,"key":"Explosive Potion"},{"floor":4.0,"key":"SpeedPotion"},{"floor":5.0,"key":"PowerPotion"},{"floor":13.0,"key":"Swift Potion"},{"floor":16,"key":"Regen Potion"},{"floor":24,"key":"FearPotion"},{"floor":28,"key":"FairyPotion"},{"floor":41,"key":"Ancient Potion"},{"floor":46,"key":"LiquidBronze"},{"floor":48,"key":"FearPotion"}],"is_trial":false,"path_per_floor":["M","M","?","M","M","R","M","E","T","R","M","E","M","$","R","B",null,"M","?","M","?","$","R","M","E","T","?","M","?","R","?","R","B",null,"M","$","M","$","M","R","M","?","T","?","R","M","R","M","R","B",null],"character_chosen":"THE_SILENT","items_purchased":["The Bomb","Anchor","Ancient Tea Set"],"campfire_rested":4,"item_purchase_floors":[22,36,38],"current_hp_per_floor":[69,68,68,68,68,68,68,43,43,64,56,54,43,43,64,52,70,66,66,62,62,62,62,65,51,51,51,46,69,69,69,69,66,70,33,33,33,33,36,57,70,70,70,61,61,54,54,60,70,61],"gold":224,"neow_bonus":"ONE_RANDOM_RARE_CARD","is_prod":false,"is_daily":false,"chose_seed":false,"campfire_upgraded":6,"win_rate":0,"timestamp":1562256400,"path_taken":["M","M","?","M","M","R","M","E","T","R","M","E","M","?","R","BOSS","BOSS","M","?","M","?","?","R","M","E","T","?","?","?","R","?","R","BOSS","M","$","?","?","M","R","M","?","T","?","R","M","R","M","R","BOSS"],"build_version":"2019-07-01","purchased_purges":3,"victory":true,"max_hp_per_floor":[70,70,70,70,70,70,70,70,70,70,70,70,70,70,70,70,70,70,70,70,70,70,70,70,70,70,70,70,70,70,70,70,70,70,70,70,70,70,70,70,70,70,70,70,70,70,70,70,70,70],"card_choices":[{"not_picked":["Heel Hook","Riddle With Holes"],"picked":"Flying Knee","floor":1.0},{"not_picked":["Distraction","Poisoned Stab"],"picked":"Backflip","floor":2.0},{"not_picked":["Poisoned Stab","Quick Slash"],"picked":"PiercingWail","floor":4.0},{"not_picked":["Poisoned Stab","Finisher"],"picked":"Dodge and Roll","floor":5.0},{"not_picked":["Outmaneuver","Dagger Throw"],"picked":"Dagger Spray","floor":7.0},{"not_picked":["Expertise","Underhanded Strike"],"picked":"Infinite Blades","floor":8.0},{"not_picked":["PiercingWail","Dagger Spray"],"picked":"Footwork","floor":11.0},{"not_picked":["Reflex","Flechettes"],"picked":"Sucker Punch","floor":12.0},{"not_picked":["Crippling Poison","Underhanded Strike"],"picked":"Sucker Punch","floor":13.0},{"not_picked":["Bullet Time","Burst"],"picked":"Doppelganger","floor":16},{"not_picked":["Backflip","Quick Slash+1"],"picked":"Expertise","floor":18},{"not_picked":["Outmaneuver","Distraction","Catalyst"],"picked":"SKIP","floor":20},{"not_picked":["Catalyst","Slice"],"picked":"Dash","floor":24},{"not_picked":["Infinite Blades+1","Dagger Spray+1"],"picked":"Bouncing Flask+1","floor":25},{"not_picked":["Flechettes","Noxious Fumes"],"picked":"Quick Slash","floor":28},{"not_picked":["Grand Finale","Glass Knife"],"picked":"Night Terror","floor":33},{"not_picked":["Backflip","Dagger Throw+1"],"picked":"Leg Sweep+1","floor":35},{"not_picked":["Skewer","Flying Knee+1"],"picked":"Dodge and Roll","floor":37},{"not_picked":["Accuracy+1","Deflect+1","Slice+1"],"picked":"SKIP","floor":39},{"not_picked":["Dagger Spray+1","Cloak And Dagger","Poisoned Stab"],"picked":"SKIP","floor":41},{"not_picked":["Glass Knife","Deflect"],"picked":"Tactician+1","floor":46},{"not_picked":["Flying Knee+1","Backflip"],"picked":"Blade Dance+1","floor":48}],"player_experience":145533,"relics_obtained":[{"floor":8.0,"key":"Boot"},{"floor":9.0,"key":"Blood Vial"},{"floor":12.0,"key":"Pen Nib"},{"floor":25,"key":"PreservedInsect"},{"floor":26,"key":"Letter Opener"},{"floor":43,"key":"Bottled Lightning"}],"event_choices":[{"damage_healed":0.0,"max_hp_gain":0.0,"max_hp_loss":0.0,"gold_gain":0.0,"event_name":"The Woman in Blue","player_choice":"Bought 0 Potions","floor":3.0,"gold_loss":0.0,"damage_taken":0.0},{"damage_healed":0,"gold_gain":0,"player_choice":"Obtained Relic","damage_taken":0,"relics_obtained":["Sundial"],"max_hp_gain":0,"max_hp_loss":0,"event_name":"Addict","floor":19,"gold_loss":85},{"damage_healed":0,"gold_gain":0,"player_choice":"Became a vampire (Vial)","damage_taken":0,"max_hp_gain":0,"max_hp_loss":0,"event_name":"Vampires","floor":21,"relics_lost":["Blood Vial"],"gold_loss":0,"cards_obtained":["Bite","Bite","Bite","Bite","Bite"]},{"damage_healed":0,"gold_gain":275,"player_choice":"Desecrate","damage_taken":0,"max_hp_gain":0,"max_hp_loss":0,"event_name":"Golden Shrine","floor":27,"gold_loss":0,"cards_obtained":["Regret"]},{"damage_healed":23,"gold_gain":0,"player_choice":"Heal","damage_taken":0,"max_hp_gain":0,"max_hp_loss":0,"event_name":"The Library","floor":29,"gold_loss":0},{"damage_healed":0,"gold_gain":0,"player_choice":"Rummage","damage_taken":0,"relics_obtained":["WarpedTongs"],"max_hp_gain":0,"max_hp_loss":0,"event_name":"Accursed Blacksmith","floor":31,"gold_loss":0,"cards_obtained":["Pain"]},{"cards_removed":["Defend_G"],"damage_healed":0,"gold_gain":0,"player_choice":"Removed Skill","damage_taken":0,"max_hp_gain":0,"max_hp_loss":0,"event_name":"Falling","floor":42,"gold_loss":0},{"damage_healed":0,"gold_gain":0,"player_choice":"Embrace Madness","damage_taken":9,"max_hp_gain":0,"max_hp_loss":0,"event_name":"Winding Halls","floor":44,"gold_loss":0,"cards_obtained":["Madness","Madness"]}],"is_beta":false,"boss_relics":[{"not_picked":["Orrery","Busted Crown"],"picked":"HoveringKite"},{"not_picked":["Fusion Hammer","Tiny House"],"picked":"Ring of the Serpent"}],"items_purged_floors":[14,36,38],"is_endless":false,"potions_floor_spawned":[2,4,5,13,16,24,28,41,46,48],"ascension_level":2}