{"gold_per_floor":[119,133,146,146,158,158,158,189,189,230,230,155,155,255,255,374,374,397,397,420,320,173,173,28,59,59,59,92,106,106,145,145,269,269,283,283,283,302,321,321,361,361,414,450,450,471,471,506,506,506],"floor_reached":51,"playtime":841,"items_purged":["Defend_R","Defend_R","Defend_R"],"score":891,"play_id":"13249335-1397-4c63-88fe-1547cb25ef2f","local_time":"20190707172403","is_ascension_mode":true,"campfire_choices":[{"data":"Perfected Strike","floor":6.0,"key":"SMITH"},{"floor":11.0,"key":"REST"},{"data":"Dual Wield","floor":15.0,"key":"SMITH"},{"data":"Perfected Strike","floor":23.0,"key":"SMITH"},{"data":"Double Tap","floor":27.0,"key":"SMITH"},{"data":"Bash","floor":32.0,"key":"SMITH"},{"floor":40.0,"key":"REST"},{"floor":47,"key":"RECALL"},{"floor":49,"key":"REST"}],"neow_cost":"NONE","seed_source_timestamp":2144160368850752,"circlet_count":0,"master_deck":["Strike_R","Strike_R","Strike_R","Strike_R","Strike_R","Bash+1","Perfected Strike+1","Perfected Strike+1","Dual Wield+1","Double Tap+1","Pommel Strike","Perfected Strike+1","Berserk","Madness","Madness","Perfected Strike+1"],"special_seed":0,"relics":["Burning Blood","Golden Idol","Art of War","Dodecahedron","Ginger","Sozu","PreservedInsect","Oddly Smooth Stone","Charon\u0027s Ashes","Dead Branch","Red Mask","Fusion Hammer","Bag of Preparation","Orichalcum","Gremlin Horn","Boot","Incense Burner"],"potions_floor_usage":[50],"damage_taken":[{"damage":11.0,"enemies":"Jaw Worm","floor":1.0,"turns":2.0},{"damage":0.0,"enemies":"2 Louse","floor":2.0,"turns":3.0},{"damage":7.0,"enemies":"Small Slimes","floor":3.0,"turns":3.0},{"damage":10.0,"enemies":"Exordium Thugs","floor":5.0,"turns":4.0},{"damage":29.0,"enemies":"Lagavulin","floor":8.0,"turns":6.0},{"damage":20.0,"enemies":"Gremlin Nob","floor":10.0,"turns":4.0},{"damage":15.0,"enemies":"Slime Boss","floor":16.0,"turns":10.0},{"damage":10.0,"enemies":"Chosen","floor":18.0,"turns":2.0},{"damage":0.0,"enemies":"Spheric Guardian","floor":20.0,"turns":2.0},{"damage":0.0,"enemies":"Gremlin Leader","floor":25.0,"turns":2.0},{"damage":28.0,"enemies":"Slavers","floor":28.0,"turns":3.0},{"damage":23.0,"enemies":"Chosen and Byrds","floor":29.0,"turns":3.0},{"damage":9.0,"enemies":"Masked Bandits","floor":31.0,"turns":3.0},{"damage":48.0,"enemies":"Champ","floor":33.0,"turns":5.0},{"damage":7.0,"enemies":"Orb Walker","floor":35.0,"turns":2.0},{"damage":18.0,"enemies":"3 Darklings","floor":38.0,"turns":3.0},{"damage":45.0,"enemies":"Writhing Mass","floor":39.0,"turns":3.0},{"damage":12,"enemies":"Nemesis","floor":41,"turns":4},{"damage":3,"enemies":"Giant Head","floor":44,"turns":3},{"damage":0,"enemies":"Jaw Worm Horde","floor":46,"turns":2},{"damage":0,"enemies":"Reptomancer","floor":48,"turns":2},{"damage":57,"enemies":"Donu and Deca","floor":50,"turns":6}],"seed_played":"9138539581408000686","potions_obtained":[{"floor":1.0,"key":"EssenceOfSteel"},{"floor":2.0,"key":"SteroidPotion"},{"floor":5.0,"key":"FairyPotion"},{"floor":16.0,"key":"LiquidBronze"}],"is_trial":false,"path_per_floor":["M","M","M","?","M","R","?","E","T","E","R","$","?","?","R","B",null,"M","?","M","$","$","R","$","E","T","R","E","M","?","?","R","B",null,"M","?","?","M","M","R","E","?","T","E","T","M","R","E","R","B",null],"character_chosen":"IRONCLAD","items_purchased":["Perfected Strike","PreservedInsect"],"campfire_rested":3,"item_purchase_floors":[22,24],"current_hp_per_floor":[75,80,79,72,68,68,48,25,25,11,35,35,35,35,35,26,80,76,76,80,80,80,80,80,80,80,80,58,41,67,64,64,22,80,79,69,69,57,18,42,36,70,70,70,70,70,70,70,70,19],"gold":506,"neow_bonus":"THREE_CARDS","is_prod":false,"is_daily":false,"chose_seed":false,"campfire_upgraded":5,"win_rate":0,"timestamp":1562513043,"path_taken":["M","M","M","?","M","R","?","E","T","E","R","$","?","?","R","BOSS","M","?","M","?","$","R","$","E","T","R","E","M","?","?","R","BOSS","M","?","?","M","M","R","E","?","T","E","?","M","R","E","R","BOSS"],"build_version":"2019-07-05","purchased_purges":3,"victory":true,"max_hp_per_floor":[80,80,80,80,80,80,80,80,80,80,80,80,80,80,80,80,80,80,80,80,80,80,80,80,80,80,80,80,80,80,80,80,80,80,80,80,80,80,80,80,80,70,70,70,70,70,70,70,70,70],"card_choices":[{"not_picked":["Evolve","Thunderclap"],"picked":"Perfected Strike","floor":0.0},{"not_picked":["Carnage","Flex"],"picked":"Perfected Strike","floor":1.0},{"not_picked":["Ghostly Armor","Heavy Blade","Intimidate"],"picked":"SKIP","floor":2.0},{"not_picked":["Rampage","Evolve"],"picked":"Dual Wield","floor":3.0},{"not_picked":["Evolve","True Grit","Body Slam"],"picked":"SKIP","floor":5.0},{"not_picked":["Seeing Red","Cleave","Rage"],"picked":"SKIP","floor":8.0},{"not_picked":["Reckless Charge","Clothesline","Rage"],"picked":"SKIP","floor":10.0},{"not_picked":["Juggernaut","Bludgeon"],"picked":"Double Tap","floor":16.0},{"not_picked":["Thunderclap","Ghostly Armor+1"],"picked":"Pommel Strike","floor":18.0},{"not_picked":["Shockwave","Body Slam","Spot Weakness"],"picked":"SKIP","floor":20.0},{"not_picked":["Armaments","Pummel+1","Fiend Fire"],"picked":"SKIP","floor":25.0},{"not_picked":["Combust+1","Warcry","Armaments+1"],"picked":"SKIP","floor":28.0},{"not_picked":["Armaments","Headbutt+1","Iron Wave"],"picked":"SKIP","floor":29.0},{"not_picked":["Dark Embrace","Brutality"],"picked":"Berserk","floor":33.0},{"not_picked":["Power Through+1","Sentinel","Second Wind"],"picked":"SKIP","floor":35.0},{"not_picked":["Iron Wave+1","Anger","Infernal Blade"],"picked":"SKIP","floor":38.0},{"not_picked":["True Grit+1","Armaments+1","Juggernaut"],"picked":"SKIP","floor":39.0},{"not_picked":["Headbutt","Power Through","Anger"],"picked":"SKIP","floor":41},{"not_picked":["Cleave+1","Dropkick+1","Inflame"],"picked":"SKIP","floor":44},{"not_picked":["Sentinel","Clash+1","Entrench"],"picked":"SKIP","floor":46},{"not_picked":["Evolve","Hemokinesis+1"],"picked":"Perfected Strike+1","floor":48}],"player_experience":612103,"relics_obtained":[{"floor":8.0,"key":"Art of War"},{"floor":9.0,"key":"Dodecahedron"},{"floor":10.0,"key":"Ginger"},{"floor":25.0,"key":"Oddly Smooth Stone"},{"floor":26.0,"key":"Charon\u0027s Ashes"},{"floor":28.0,"key":"Dead Branch"},{"floor":31.0,"key":"Red Mask"},{"floor":41,"key":"Bag of Preparation"},{"floor":43,"key":"Orichalcum"},{"floor":44,"key":"Gremlin Horn"},{"floor":45,"key":"Boot"},{"floor":48,"key":"Incense Burner"}],"event_choices":[{"cards_removed":["Defend_R"],"damage_healed":0.0,"max_hp_gain":0.0,"max_hp_loss":0.0,"gold_gain":0.0,"event_name":"Golden Wing","player_choice":"Card Removal","floor":4.0,"gold_loss":0.0,"damage_taken":7.0},{"damage_healed":0.0,"max_hp_gain":0.0,"max_hp_loss":0.0,"gold_gain":0.0,"event_name":"Golden Idol","player_choice":"Take Damage","floor":7.0,"gold_loss":0.0,"damage_taken":20.0,"relics_obtained":["Golden Idol"]},{"damage_healed":0.0,"max_hp_gain":0.0,"max_hp_loss":0.0,"gold_gain":0.0,"event_name":"Living Wall","player_choice":"Grow","floor":13.0,"gold_loss":0.0,"damage_taken":0.0,"cards_upgraded":["Perfected Strike"]},{"damage_healed":0.0,"max_hp_gain":0.0,"max_hp_loss":0.0,"gold_gain":100.0,"event_name":"Golden Shrine","player_choice":"Pray","floor":14.0,"gold_loss":0.0,"damage_taken":0.0},{"damage_healed":0.0,"max_hp_gain":0.0,"max_hp_loss":0.0,"gold_gain":0.0,"event_name":"Vampires","player_choice":"Ignored","floor":19.0,"gold_loss":0.0,"damage_taken":0.0},{"damage_healed":26.0,"max_hp_gain":0.0,"max_hp_loss":0.0,"gold_gain":0.0,"event_name":"The Library","player_choice":"Heal","floor":30.0,"gold_loss":0.0,"damage_taken":0.0},{"damage_healed":0.0,"max_hp_gain":0.0,"max_hp_loss":0.0,"gold_gain":0.0,"event_name":"Masked Bandits","player_choice":"Fought Bandits","floor":31.0,"gold_loss":0.0,"damage_taken":0.0},{"damage_healed":0.0,"max_hp_gain":0.0,"max_hp_loss":0.0,"gold_gain":0.0,"event_name":"Winding Halls","player_choice":"Embrace Madness","floor":36.0,"gold_loss":0.0,"damage_taken":10.0,"cards_obtained":["Madness","Madness"]},{"damage_healed":0.0,"max_hp_gain":0.0,"max_hp_loss":0.0,"gold_gain":0.0,"event_name":"SensoryStone","player_choice":"Memory 1","floor":37.0,"gold_loss":0.0,"damage_taken":0.0},{"damage_healed":70,"gold_gain":0,"player_choice":"Heal","damage_taken":0,"max_hp_gain":0,"max_hp_loss":10,"event_name":"The Moai Head","floor":42,"gold_loss":0}],"is_beta":false,"boss_relics":[{"not_picked":["Eternal Feather","Black Star"],"picked":"Sozu"},{"not_picked":["Black Blood","Philosopher\u0027s Stone"],"picked":"Fusion Hammer"}],"items_purged_floors":[12,21,22],"is_endless":false,"potions_floor_spawned":[1,2,5,16,18,25,29,35,38,48],"ascension_level":1}