{"gold_per_floor":[117,192,42,52,17,342,342,355,355,385,402,428,428,428,428,532,532,544,260,260,260,272,301,301,331,331,331,348,263,263,275,275,373,373,388,406,80,180,30,55,55,86,113,213,227,239,239],"floor_reached":47,"playtime":2505,"items_purged":["Regret","Strike_B","Parasite","Strike_B"],"score":674,"play_id":"d98fa5b0-42ff-41c8-b436-02da01c319b2","local_time":"20190716021337","is_ascension_mode":true,"campfire_choices":[{"data":"Rainbow","floor":7,"key":"SMITH"},{"floor":13,"key":"REST"},{"floor":15,"key":"REST"},{"data":"1","floor":24,"key":"LIFT"},{"data":"2","floor":27,"key":"LIFT"},{"floor":30,"key":"REST"},{"floor":32,"key":"REST"},{"data":"3","floor":41,"key":"LIFT"}],"neow_cost":"CURSE","seed_source_timestamp":486297118917973,"circlet_count":0,"master_deck":["Strike_B","Strike_B","Defend_B","Defend_B","Defend_B","Defend_B","Zap","Dualcast","Rainbow+1","Compile Driver","FTL","Consume+1","Sweeping Beam","Cold Snap","Genetic Algorithm","Chill","Conserve Battery","Hyperbeam+1","Go for the Eyes+1","Leap","Melter+1","Ball Lightning+1","Ball Lightning+1","Reinforced Body+1","Conserve Battery","Doom and Gloom+1","Rainbow","Leap+1","Hello World","Beam Cell+1","Parasite","Conserve Battery","Parasite","Sunder+1"],"relics":["Cracked Core","Old Coin","Bird Faced Urn","Girya","Molten Egg 2","Cursed Key","Ginger","Dodecahedron","Orichalcum","Runic Pyramid","Torii","Ancient Tea Set","Question Card","Pen Nib"],"potions_floor_usage":[6,11,16,22,23,23,31,33,38,42,46],"damage_taken":[{"damage":3,"enemies":"2 Louse","floor":1,"turns":3},{"damage":0,"enemies":"Small Slimes","floor":4,"turns":2},{"damage":16,"enemies":"3 Sentries","floor":6,"turns":8},{"damage":5,"enemies":"Jaw Worm","floor":8,"turns":3},{"damage":26,"enemies":"Gremlin Nob","floor":10,"turns":4},{"damage":5,"enemies":"Large Slime","floor":11,"turns":5},{"damage":15,"enemies":"3 Sentries","floor":12,"turns":6},{"damage":45,"enemies":"Slime Boss","floor":16,"turns":12},{"damage":1,"enemies":"Chosen","floor":18,"turns":4},{"damage":4,"enemies":"Shell Parasite","floor":22,"turns":5},{"damage":7,"enemies":"Slavers","floor":23,"turns":3},{"damage":14,"enemies":"Book of Stabbing","floor":25,"turns":5},{"damage":17,"enemies":"Centurion and Healer","floor":28,"turns":5},{"damage":10,"enemies":"Snake Plant","floor":31,"turns":3},{"damage":52,"enemies":"Collector","floor":33,"turns":10},{"damage":0,"enemies":"3 Darklings","floor":35,"turns":3},{"damage":3,"enemies":"Orb Walker","floor":36,"turns":4},{"damage":9,"enemies":"Mind Bloom Boss Battle","floor":38,"turns":6},{"damage":0,"enemies":"Nemesis","floor":40,"turns":7},{"damage":17,"enemies":"Reptomancer","floor":42,"turns":7},{"damage":21,"enemies":"3 Darklings","floor":45,"turns":3},{"damage":1,"enemies":"Writhing Mass","floor":46,"turns":4},{"damage":63,"enemies":"Giant Head","floor":47,"turns":8}],"seed_played":"2486231342307059618","potions_obtained":[{"floor":1,"key":"Dexterity Potion"},{"floor":4,"key":"Energy Potion"},{"floor":6,"key":"Weak Potion"},{"floor":16,"key":"Energy Potion"},{"floor":18,"key":"AttackPotion"},{"floor":28,"key":"SkillPotion"},{"floor":31,"key":"PowerPotion"},{"floor":33,"key":"Fire Potion"},{"floor":38,"key":"FearPotion"},{"floor":40,"key":"FocusPotion"},{"floor":46,"key":"Swift Potion"}],"is_trial":false,"path_per_floor":["M","?","$","M","?","E","R","M","T","E","M","E","R","?","R","B",null,"M","$","?","?","M","E","R","E","T","R","M","?","R","M","R","B",null,"M","M","$","?","$","E","R","E","T","?","M","M","E"],"character_chosen":"DEFECT","items_purchased":["FTL","Leap","Melter+1","Block Potion","Hello World","Swift Potion","Regen Potion"],"campfire_rested":4,"item_purchase_floors":[3,19,19,19,37,37,37],"current_hp_per_floor":[72,61,61,61,75,59,59,54,54,28,23,8,30,30,52,7,75,74,74,74,74,70,63,63,49,49,49,32,32,54,44,66,28,75,75,72,72,72,72,72,72,55,55,55,36,37,0],"gold":239,"neow_bonus":"THREE_RARE_CARDS","is_prod":false,"is_daily":false,"chose_seed":false,"campfire_upgraded":1,"win_rate":0,"timestamp":1563257617,"path_taken":["M","?","$","M","?","E","R","?","T","E","M","E","R","?","R","BOSS","M","$","?","?","M","E","R","E","T","R","?","?","R","M","R","BOSS","M","M","$","?","$","E","R","E","T","?","?","M","E"],"build_version":"2019-07-05","purchased_purges":4,"victory":false,"max_hp_per_floor":[75,75,75,75,75,75,75,75,75,75,75,75,75,75,75,75,75,75,75,75,75,75,75,75,75,75,75,75,75,75,75,75,75,75,75,75,72,72,72,72,72,72,72,72,72,72,72],"card_choices":[{"not_picked":["Meteor Strike","Amplify"],"picked":"Rainbow","floor":0},{"not_picked":["Hologram","Sweeping Beam"],"picked":"Compile Driver","floor":1},{"not_picked":["Coolheaded","Barrage"],"picked":"Consume","floor":4},{"not_picked":["Amplify","Gash"],"picked":"Sweeping Beam","floor":6},{"not_picked":["Steam","Gash"],"picked":"Cold Snap","floor":8},{"not_picked":["Coolheaded","Steam"],"picked":"Genetic Algorithm","floor":10},{"not_picked":["Coolheaded","Thunder Strike"],"picked":"Chill","floor":11},{"not_picked":["Sweeping Beam","Fusion"],"picked":"Conserve Battery","floor":12},{"not_picked":["Biased Cognition","Machine Learning"],"picked":"Hyperbeam+1","floor":16},{"not_picked":["Conserve Battery","Barrage+1"],"picked":"Go for the Eyes+1","floor":18},{"not_picked":["Self Repair","Cold Snap+1"],"picked":"Ball Lightning+1","floor":22},{"not_picked":["Stack","Melter+1"],"picked":"Ball Lightning+1","floor":23},{"not_picked":["Hyperbeam+1","Multi-Cast"],"picked":"Reinforced Body+1","floor":25},{"not_picked":["Rip and Tear+1","Rebound+1"],"picked":"Conserve Battery","floor":28},{"not_picked":["Barrage+1","Leap"],"picked":"Doom and Gloom+1","floor":31},{"not_picked":["Hyperbeam+1","Reboot"],"picked":"Rainbow","floor":33},{"not_picked":["Genetic Algorithm+1","Conserve Battery+1"],"picked":"Leap+1","floor":35},{"not_picked":["Turbo","Ball Lightning+1","Sweeping Beam+1"],"picked":"SKIP","floor":36},{"not_picked":["Steam","Rip and Tear+1"],"picked":"Beam Cell+1","floor":38},{"not_picked":["Rebound+1","Gash+1","Turbo+1"],"picked":"SKIP","floor":40},{"not_picked":["Beam Cell+1","Tempest+1","Stack"],"picked":"SKIP","floor":42},{"not_picked":["Streamline+1","Darkness+1","Hologram"],"picked":"Conserve Battery","floor":45},{"not_picked":["Hyperbeam+1","Barrage+1","Beam Cell+1"],"picked":"Sunder+1","floor":46}],"player_experience":178017,"relics_obtained":[{"floor":6,"key":"Old Coin"},{"floor":9,"key":"Bird Faced Urn"},{"floor":10,"key":"Girya"},{"floor":12,"key":"Molten Egg 2"},{"floor":23,"key":"Ginger"},{"floor":25,"key":"Dodecahedron"},{"floor":38,"key":"Torii"},{"floor":40,"key":"Ancient Tea Set"},{"floor":42,"key":"Question Card"},{"floor":43,"key":"Pen Nib"}],"event_choices":[{"damage_healed":0,"gold_gain":75,"player_choice":"Gather Gold","damage_taken":11,"max_hp_gain":0,"max_hp_loss":0,"event_name":"World of Goop","floor":2,"gold_loss":0},{"damage_healed":18,"gold_gain":0,"player_choice":"Healed","damage_taken":0,"max_hp_gain":0,"max_hp_loss":0,"event_name":"The Cleric","floor":5,"gold_loss":35},{"damage_healed":0,"gold_gain":0,"player_choice":"Searched \u00270\u0027 times","damage_taken":0,"max_hp_gain":0,"max_hp_loss":0,"event_name":"Dead Adventurer","floor":14,"gold_loss":0},{"damage_healed":0,"gold_gain":0,"player_choice":"Ignored","damage_taken":0,"max_hp_gain":0,"max_hp_loss":0,"event_name":"Vampires","floor":20,"gold_loss":0},{"damage_healed":0,"gold_gain":0,"player_choice":"Upgraded","damage_taken":0,"max_hp_gain":0,"max_hp_loss":0,"event_name":"Upgrade Shrine","floor":21,"gold_loss":0,"cards_upgraded":["Consume"]},{"damage_healed":0,"gold_gain":0,"player_choice":"Obtained Relic","damage_taken":0,"relics_obtained":["Orichalcum"],"max_hp_gain":0,"max_hp_loss":0,"event_name":"Addict","floor":29,"gold_loss":85},{"damage_healed":0,"gold_gain":0,"player_choice":"Fight","damage_taken":0,"max_hp_gain":0,"max_hp_loss":0,"event_name":"MindBloom","floor":38,"gold_loss":0},{"damage_healed":0,"gold_gain":100,"player_choice":"Pray","damage_taken":0,"max_hp_gain":0,"max_hp_loss":0,"event_name":"Golden Shrine","floor":44,"gold_loss":0}],"is_beta":false,"boss_relics":[{"not_picked":["Pandora\u0027s Box","Sozu"],"picked":"Cursed Key"},{"not_picked":["Fusion Hammer","Busted Crown"],"picked":"Runic Pyramid"}],"items_purged_floors":[3,19,37,39],"is_endless":false,"potions_floor_spawned":[1,4,6,16,18,28,31,33,38,40,46],"killed_by":"Giant Head","ascension_level":3}