{"gold_per_floor":[112,123,136,152,152,152,152,180,180,192,192,192,210,210,210,288,288,305,147,160,160,171,171,181,210,210,245,92,92,9,25,25,97,97,108,108,128,142,152,184,184,184,208,208,208,218,232,28,28,28],"floor_reached":51,"playtime":3745,"items_purged":["Strike_G","Strike_G","Defend_G"],"score":1556,"play_id":"4b66f894-2f70-4cf1-8b1f-d826877b9ebb","local_time":"20190115110537","is_ascension_mode":true,"campfire_choices":[{"data":"Neutralize","floor":6.0,"key":"SMITH"},{"data":"Noxious Fumes","floor":12.0,"key":"SMITH"},{"data":"Cloak And Dagger","floor":15.0,"key":"SMITH"},{"data":"Malaise","floor":23.0,"key":"SMITH"},{"data":"Footwork","floor":32.0,"key":"SMITH"},{"data":"Blade Dance","floor":41,"key":"SMITH"},{"data":"Well Laid Plans","floor":44,"key":"SMITH"},{"data":"Cloak And Dagger","floor":49,"key":"SMITH"}],"neow_cost":"NONE","seed_source_timestamp":152603390674398,"circlet_count":0,"master_deck":["AscendersBane","Defend_G","Defend_G","Defend_G","Defend_G","Strike_G+1","Survivor","Neutralize+1","Backstab+1","Leg Sweep","Noxious Fumes+1","Cloak And Dagger+1","Malaise+1","Quick Slash+1","Footwork+1","Acrobatics","Backflip","Well Laid Plans+1","Dodge and Roll+1","Blade Dance+1","Footwork","Cloak And Dagger+1","Accuracy"],"special_seed":0,"relics":["Ring of the Snake","Ninja Scroll","Dead Branch","Pantograph","Busted Crown","Dream Catcher","Dodecahedron","Oddly Smooth Stone","Calipers","Philosopher\u0027s Stone","The Specimen","Whetstone"],"potions_floor_usage":[40],"damage_taken":[{"damage":12.0,"enemies":"Cultist","floor":1.0,"turns":5.0},{"damage":0.0,"enemies":"2 Louse","floor":2.0,"turns":3.0},{"damage":3.0,"enemies":"Small Slimes","floor":3.0,"turns":5.0},{"damage":4.0,"enemies":"2 Fungi Beasts","floor":4.0,"turns":4.0},{"damage":22.0,"enemies":"Gremlin Nob","floor":8.0,"turns":5.0},{"damage":5.0,"enemies":"Exordium Thugs","floor":10.0,"turns":5.0},{"damage":5.0,"enemies":"Blue Slaver","floor":13.0,"turns":3.0},{"damage":1.0,"enemies":"Hexaghost","floor":16.0,"turns":7.0},{"damage":0.0,"enemies":"Spheric Guardian","floor":18.0,"turns":1.0},{"damage":0.0,"enemies":"Chosen","floor":20.0,"turns":2.0},{"damage":5.0,"enemies":"Centurion and Healer","floor":22.0,"turns":5.0},{"damage":0.0,"enemies":"Cultist and Chosen","floor":24.0,"turns":6.0},{"damage":0.0,"enemies":"Gremlin Leader","floor":25.0,"turns":7.0},{"damage":0.0,"enemies":"Book of Stabbing","floor":27.0,"turns":5.0},{"damage":3.0,"enemies":"Snake Plant","floor":31.0,"turns":5.0},{"damage":0.0,"enemies":"Collector","floor":33.0,"turns":9.0},{"damage":0.0,"enemies":"3 Darklings","floor":35.0,"turns":5.0},{"damage":0.0,"enemies":"Orb Walker","floor":37.0,"turns":1.0},{"damage":0.0,"enemies":"Sphere and 2 Shapes","floor":38.0,"turns":3.0},{"damage":0.0,"enemies":"Spire Growth","floor":39.0,"turns":5.0},{"damage":0,"enemies":"Giant Head","floor":40,"turns":6},{"damage":6,"enemies":"3 Darklings","floor":46,"turns":5},{"damage":6,"enemies":"Maw","floor":47,"turns":6},{"damage":27,"enemies":"Awakened One","floor":50,"turns":13}],"seed_played":"6165712863866880609","potions_obtained":[{"floor":1.0,"key":"SkillPotion"},{"floor":2.0,"key":"PowerPotion"},{"floor":8.0,"key":"SteroidPotion"},{"floor":16.0,"key":"LiquidBronze"},{"floor":25.0,"key":"SpeedPotion"},{"floor":27.0,"key":"FairyPotion"},{"floor":40,"key":"Fruit Juice"}],"is_trial":false,"path_per_floor":["M","M","M","M","T","R","?","E","T","M","?","R","M","?","R","B",null,"M","$","M","?","M","R","M","E","T","E","$","T","$","M","R","B",null,"M","$","M","M","M","E","R","?","T","R","?","M","M","$","R","B",null],"character_chosen":"THE_SILENT","items_purchased":["Footwork","Backflip","Well Laid Plans","Accuracy"],"campfire_rested":0,"item_purchase_floors":[19,28,30,48],"current_hp_per_floor":[53,53,50,46,46,46,46,24,24,19,12,12,7,7,7,31,62,62,62,62,62,57,57,57,57,57,57,57,57,57,54,54,72,72,72,72,72,72,72,77,77,77,77,77,77,71,65,65,65,50],"gold":28,"neow_bonus":"TEN_PERCENT_HP_BONUS","is_prod":false,"is_daily":false,"chose_seed":false,"campfire_upgraded":8,"win_rate":0,"timestamp":1547510737,"path_taken":["M","M","M","M","?","R","?","E","T","M","?","R","M","?","R","BOSS","M","$","M","?","?","R","M","E","T","E","?","?","$","M","R","BOSS","M","$","M","?","?","E","R","?","T","R","?","?","M","$","R","BOSS"],"build_version":"2019-01-10","purchased_purges":3,"victory":true,"max_hp_per_floor":[72,72,72,72,72,72,72,72,72,72,72,72,72,72,72,72,72,72,72,72,72,72,72,72,72,72,72,72,72,72,72,72,72,72,72,72,72,72,72,77,77,77,77,77,77,77,77,77,77,77],"card_choices":[{"not_picked":["PiercingWail","Prepared"],"picked":"Backstab","floor":1.0},{"not_picked":["Distraction","Underhanded Strike","Deflect"],"picked":"SKIP","floor":2.0},{"not_picked":["Underhanded Strike","Bane","Prepared"],"picked":"SKIP","floor":3.0},{"not_picked":["Sucker Punch","Flying Knee"],"picked":"Leg Sweep","floor":4.0},{"not_picked":["Backflip","PiercingWail"],"picked":"Noxious Fumes","floor":8.0},{"not_picked":["Flying Knee","Phantasmal Killer"],"picked":"Cloak And Dagger","floor":10.0},{"not_picked":["Sucker Punch","Flying Knee","Prepared"],"picked":"SKIP","floor":13.0},{"not_picked":["Wraith Form v2","Grand Finale"],"picked":"Malaise","floor":16.0},{"not_picked":[],"picked":"Quick Slash+1","floor":18.0},{"not_picked":["Deflect"],"picked":"SKIP","floor":20.0},{"not_picked":["Acrobatics"],"picked":"SKIP","floor":22.0},{"not_picked":["Masterful Stab"],"picked":"SKIP","floor":24.0},{"not_picked":["Eviscerate"],"picked":"SKIP","floor":25.0},{"not_picked":[],"picked":"Acrobatics","floor":27.0},{"not_picked":["Sucker Punch+1"],"picked":"SKIP","floor":31.0},{"not_picked":[],"picked":"Dodge and Roll+1","floor":35.0},{"not_picked":[],"picked":"Blade Dance","floor":37.0},{"not_picked":["Dagger Throw"],"picked":"SKIP","floor":38.0},{"not_picked":["Distraction"],"picked":"SKIP","floor":39.0},{"not_picked":["Crippling Poison"],"picked":"SKIP","floor":40},{"not_picked":[],"picked":"Footwork","floor":46},{"not_picked":[],"picked":"Cloak And Dagger","floor":47}],"player_experience":554306,"relics_obtained":[{"floor":5.0,"key":"Ninja Scroll"},{"floor":8.0,"key":"Dead Branch"},{"floor":9.0,"key":"Pantograph"},{"floor":25.0,"key":"Dream Catcher"},{"floor":26.0,"key":"Dodecahedron"},{"floor":27.0,"key":"Oddly Smooth Stone"},{"floor":29.0,"key":"Calipers"},{"floor":40,"key":"The Specimen"},{"floor":43,"key":"Whetstone"}],"event_choices":[{"damage_healed":0.0,"max_hp_gain":0.0,"max_hp_loss":0.0,"gold_gain":0.0,"event_name":"Liars Game","player_choice":"Ignored","floor":7.0,"gold_loss":0.0,"damage_taken":0.0},{"cards_removed":["Strike_G"],"damage_healed":0.0,"max_hp_gain":0.0,"max_hp_loss":0.0,"gold_gain":0.0,"event_name":"Golden Wing","player_choice":"Card Removal","floor":11.0,"gold_loss":0.0,"damage_taken":7.0},{"damage_healed":0.0,"max_hp_gain":0.0,"max_hp_loss":0.0,"gold_gain":0.0,"event_name":"Scrap Ooze","player_choice":"Fled","floor":14.0,"gold_loss":0.0,"damage_taken":0.0},{"cards_removed":["Strike_G"],"damage_healed":0.0,"max_hp_gain":0.0,"max_hp_loss":0.0,"gold_gain":0.0,"event_name":"Wheel of Change","player_choice":"Card Removal","floor":21.0,"gold_loss":0.0,"damage_taken":0.0},{"damage_healed":0,"gold_gain":0,"player_choice":"Ignored","damage_taken":0,"max_hp_gain":0,"max_hp_loss":0,"event_name":"Tomb of Lord Red Mask","floor":42,"gold_loss":0},{"damage_healed":0,"gold_gain":0,"player_choice":"Memory 1","damage_taken":0,"max_hp_gain":0,"max_hp_loss":0,"event_name":"SensoryStone","floor":45,"gold_loss":0}],"is_beta":false,"boss_relics":[{"not_picked":["Velvet Choker","Cursed Key"],"picked":"Busted Crown"},{"not_picked":["Lizard Tail","Orrery"],"picked":"Philosopher\u0027s Stone"}],"items_purged_floors":[19,28,48],"is_endless":false,"potions_floor_spawned":[1,2,8,16,20,25,27,31,37,39,40],"ascension_level":18}