{"gold_per_floor":[12,12,12,12,32,66,66,97,175,198,163,163,196,212,212,343,343,366,391,430,530,530],"floor_reached":22,"playtime":1041,"items_purged":[],"score":232,"play_id":"5b71a70b-0007-4981-933a-591a816d4015","local_time":"20190718124125","is_ascension_mode":true,"campfire_choices":[{"floor":7,"key":"REST"},{"floor":15,"key":"REST"}],"neow_cost":"NO_GOLD","seed_source_timestamp":698231340945928,"circlet_count":0,"master_deck":["Strike_B","Strike_B","Strike_B","Strike_B","Defend_B","Defend_B","Defend_B","Defend_B","Zap","Dualcast","Loop+1","Hello World","Conserve Battery","Compile Driver","Go for the Eyes","Amplify","Capacitor","Core Surge","Undo","Beam Cell+1","Compile Driver"],"relics":["Cracked Core","Calipers","Golden Idol","Anchor","Matryoshka","Potion Belt","Mercury Hourglass","Centennial Puzzle","Inserter","Red Mask"],"potions_floor_usage":[19,22,22],"damage_taken":[{"damage":4,"enemies":"Jaw Worm","floor":1,"turns":4},{"damage":2,"enemies":"2 Louse","floor":5,"turns":3},{"damage":53,"enemies":"Gremlin Nob","floor":6,"turns":6},{"damage":12,"enemies":"Lagavulin","floor":8,"turns":7},{"damage":0,"enemies":"Small Slimes","floor":10,"turns":3},{"damage":6,"enemies":"Gremlin Nob","floor":13,"turns":3},{"damage":4,"enemies":"2 Fungi Beasts","floor":14,"turns":3},{"damage":11,"enemies":"The Guardian","floor":16,"turns":11},{"damage":14,"enemies":"Spheric Guardian","floor":18,"turns":4},{"damage":7,"enemies":"2 Thieves","floor":19,"turns":2},{"damage":52,"enemies":"Masked Bandits","floor":20,"turns":4},{"damage":5,"enemies":"3 Cultists","floor":22,"turns":3}],"seed_played":"8249441971491425637","potions_obtained":[{"floor":1,"key":"SpeedPotion"},{"floor":8,"key":"Energy Potion"},{"floor":14,"key":"AttackPotion"},{"floor":18,"key":"SteroidPotion"}],"is_trial":false,"path_per_floor":["M","?","?","$","M","E","R","E","T","M","?","?","E","M","R","B",null,"M","M","?","?","M"],"character_chosen":"DEFECT","items_purchased":[],"campfire_rested":2,"item_purchase_floors":[],"current_hp_per_floor":[71,53,75,75,73,20,42,30,30,30,48,48,42,38,60,49,75,61,54,2,2,0],"gold":530,"neow_bonus":"ONE_RARE_RELIC","is_prod":false,"is_daily":false,"chose_seed":false,"campfire_upgraded":0,"win_rate":0,"timestamp":1563468085,"path_taken":["M","?","?","?","M","E","R","E","T","?","?","?","E","M","R","BOSS","M","M","?","?","M"],"build_version":"2019-07-17","purchased_purges":0,"victory":false,"max_hp_per_floor":[75,75,75,75,75,75,75,75,75,75,75,75,75,75,75,75,75,75,75,75,75,75],"card_choices":[{"not_picked":["Reprogram","Turbo"],"picked":"Loop","floor":1},{"not_picked":["Aggregate","Coolheaded"],"picked":"Hello World","floor":5},{"not_picked":["Beam Cell","Thunder Strike"],"picked":"Conserve Battery","floor":6},{"not_picked":["Steam Power","Turbo"],"picked":"Compile Driver","floor":8},{"not_picked":["Reinforced Body","Conserve Battery"],"picked":"Go for the Eyes","floor":10},{"not_picked":["Loop","Coolheaded"],"picked":"Amplify","floor":13},{"not_picked":["Barrage","Rebound"],"picked":"Capacitor","floor":14},{"not_picked":["Reboot","Meteor Strike"],"picked":"Core Surge","floor":16},{"not_picked":["Hologram","Gash"],"picked":"Undo","floor":18},{"not_picked":["Coolheaded","Redo+1"],"picked":"Beam Cell+1","floor":19},{"not_picked":["Recycle+1","Redo"],"picked":"Compile Driver","floor":20}],"player_experience":205319,"relics_obtained":[{"floor":6,"key":"Anchor"},{"floor":8,"key":"Matryoshka"},{"floor":9,"key":"Potion Belt"},{"floor":9,"key":"Mercury Hourglass"},{"floor":13,"key":"Centennial Puzzle"},{"floor":20,"key":"Red Mask"}],"event_choices":[{"damage_healed":0,"gold_gain":0,"player_choice":"Take Damage","damage_taken":18,"relics_obtained":["Golden Idol"],"max_hp_gain":0,"max_hp_loss":0,"event_name":"Golden Idol","floor":2,"gold_loss":0},{"damage_healed":25,"gold_gain":0,"player_choice":"Banana","damage_taken":0,"max_hp_gain":0,"max_hp_loss":0,"event_name":"Big Fish","floor":3,"gold_loss":0},{"damage_healed":18,"gold_gain":0,"player_choice":"Healed","damage_taken":0,"max_hp_gain":0,"max_hp_loss":0,"event_name":"The Cleric","floor":11,"gold_loss":35},{"damage_healed":0,"gold_gain":0,"player_choice":"Grow","damage_taken":0,"max_hp_gain":0,"max_hp_loss":0,"event_name":"Living Wall","floor":12,"gold_loss":0,"cards_upgraded":["Loop"]},{"damage_healed":0,"gold_gain":0,"player_choice":"Fought Bandits","damage_taken":0,"max_hp_gain":0,"max_hp_loss":0,"event_name":"Masked Bandits","floor":20,"gold_loss":0},{"damage_healed":0,"gold_gain":100,"player_choice":"Pray","damage_taken":0,"max_hp_gain":0,"max_hp_loss":0,"event_name":"Golden Shrine","floor":21,"gold_loss":0}],"is_beta":false,"boss_relics":[{"not_picked":["Busted Crown","Eternal Feather"],"picked":"Inserter"}],"items_purged_floors":[],"is_endless":false,"potions_floor_spawned":[1,8,14,18],"killed_by":"3 Cultists","ascension_level":3}