{"gold_per_floor":[115,130,140,140,140,140,166,166,466,466,482,492,504,504],"floor_reached":14,"playtime":460,"items_purged":[],"score":152,"play_id":"6e4f5ec9-1f46-4171-bc16-0d739bf81125","local_time":"20181212162734","is_ascension_mode":true,"campfire_choices":[{"data":"Neutralize","floor":6,"key":"SMITH"},{"data":"Crippling Poison","floor":8,"key":"SMITH"},{"data":"Die Die Die","floor":10,"key":"SMITH"}],"neow_cost":"NONE","seed_source_timestamp":379586051458940,"circlet_count":0,"master_deck":["AscendersBane","Defend_G","Defend_G","Defend_G","Defend_G","Defend_G","Strike_G","Strike_G","Strike_G","Strike_G","Strike_G","Survivor","Neutralize+1","Die Die Die+1","Crippling Poison+1","Backflip","Grand Finale"],"relics":["Coffee Dripper","GremlinMask","Dodecahedron","Old Coin"],"potions_floor_usage":[14,14,14,14],"damage_taken":[{"damage":0,"enemies":"Small Slimes","floor":1,"turns":4},{"damage":0,"enemies":"2 Louse","floor":2,"turns":2},{"damage":1,"enemies":"Cultist","floor":3,"turns":4},{"damage":43,"enemies":"Lagavulin","floor":7,"turns":11},{"damage":1,"enemies":"Blue Slaver","floor":11,"turns":4},{"damage":10,"enemies":"2 Fungi Beasts","floor":12,"turns":2},{"damage":0,"enemies":"3 Louse","floor":13,"turns":2},{"damage":15,"enemies":"3 Sentries","floor":14,"turns":5}],"seed_played":"-875804755406749393","potions_obtained":[{"floor":2,"key":"EntropicBrew"},{"floor":11,"key":"SpeedPotion"}],"is_trial":false,"path_per_floor":["M","M","M","?","?","R","E","R","T","R","M","M","M","E"],"character_chosen":"THE_SILENT","items_purchased":[],"campfire_rested":0,"item_purchase_floors":[],"current_hp_per_floor":[63,63,62,67,67,67,24,24,24,24,23,13,13,0],"gold":504,"neow_bonus":"BOSS_RELIC","is_prod":false,"is_daily":false,"chose_seed":false,"campfire_upgraded":3,"win_rate":0,"timestamp":1544592454,"path_taken":["M","M","M","?","?","R","E","R","T","R","M","?","M","E"],"build_version":"2018-12-10","purchased_purges":0,"victory":false,"max_hp_per_floor":[70,70,70,75,75,75,75,75,75,75,75,75,75,75],"card_choices":[{"not_picked":["Blade Dance","Outmaneuver","Deadly Poison"],"picked":"SKIP","floor":1},{"not_picked":["Cloak And Dagger","Acrobatics"],"picked":"Die Die Die","floor":2},{"not_picked":["Slice","Endless Agony","Dagger Throw"],"picked":"SKIP","floor":3},{"not_picked":["Dagger Spray","Slice"],"picked":"Crippling Poison","floor":7},{"not_picked":["Reflex","Prepared","Flechettes"],"picked":"SKIP","floor":11},{"not_picked":["Outmaneuver","Deflect"],"picked":"Backflip","floor":12},{"not_picked":["Dagger Spray","Cloak And Dagger"],"picked":"Grand Finale","floor":13}],"player_experience":465101,"relics_obtained":[{"floor":7,"key":"Dodecahedron"},{"floor":9,"key":"Old Coin"}],"event_choices":[{"damage_healed":0,"gold_gain":0,"player_choice":"Donut","damage_taken":0,"max_hp_gain":5,"max_hp_loss":0,"event_name":"Big Fish","floor":4,"gold_loss":0},{"damage_healed":0,"gold_gain":0,"player_choice":"Trade","damage_taken":0,"relics_obtained":["GremlinMask"],"max_hp_gain":0,"max_hp_loss":0,"event_name":"FaceTrader","floor":5,"gold_loss":0}],"is_beta":true,"boss_relics":[],"items_purged_floors":[],"is_endless":false,"potions_floor_spawned":[2,11,13],"killed_by":"3 Sentries","ascension_level":13}