{"gold_per_floor":[365,53,3,3,23,51,51,51,78,78,78,3,37,37,37,135,135,149,49,69,69,69,69,69,83,83,83,95,115,115,115,115,115],"floor_reached":33,"playtime":2506,"items_purged":["Strike_R","Strike_R+1"],"score":301,"play_id":"901652cf-974d-4a70-ba67-833221c308e6","local_time":"20190128123125","is_ascension_mode":true,"campfire_choices":[{"data":"Mayhem","floor":7,"key":"SMITH"},{"data":"Flame Barrier","floor":10,"key":"SMITH"},{"data":"Cleave","floor":15,"key":"SMITH"},{"data":"True Grit","floor":23,"key":"SMITH"},{"data":"Havoc","floor":30,"key":"SMITH"},{"floor":32,"key":"REST"}],"neow_cost":"TEN_PERCENT_HP_LOSS","seed_source_timestamp":360578745318717,"circlet_count":0,"master_deck":["Strike_R+1","Strike_R+1","Defend_R","Defend_R","Defend_R","Bash+1","Intimidate","Mayhem+1","Bludgeon+1","Flame Barrier+1","Cleave+1","Feed","Feel No Pain","Metallicize","True Grit+1","Havoc+1","Disarm","Headbutt+1"],"relics":["Burning Blood","Juzu Bracelet","Unceasing Top","Whetstone","Sundial","Orrery","Ancient Tea Set"],"potions_floor_usage":[29,33],"damage_taken":[{"damage":1,"enemies":"Cultist","floor":1,"turns":3},{"damage":7,"enemies":"Jaw Worm","floor":5,"turns":2},{"damage":29,"enemies":"Lagavulin","floor":6,"turns":6},{"damage":24,"enemies":"3 Sentries","floor":13,"turns":6},{"damage":10,"enemies":"Slime Boss","floor":16,"turns":8},{"damage":14,"enemies":"Spheric Guardian","floor":18,"turns":4},{"damage":13,"enemies":"3 Byrds","floor":20,"turns":7},{"damage":0,"enemies":"Snecko","floor":25,"turns":6},{"damage":27,"enemies":"Sentry and Sphere","floor":28,"turns":8},{"damage":14,"enemies":"Centurion and Healer","floor":29,"turns":9},{"damage":61,"enemies":"Automaton","floor":33,"turns":10}],"seed_played":"-8649350983403892862","potions_obtained":[{"floor":1,"key":"Dexterity Potion"},{"floor":5,"key":"Regen Potion"},{"floor":16,"key":"Swift Potion"}],"is_trial":false,"path_per_floor":["M","$","?","?","M","E","R","?","T","R","?","$","E","?","R","B",null,"M","$","M","?","$","R","?","M","T","?","M","M","R","?","R","B"],"character_chosen":"IRONCLAD","items_purchased":["Mayhem","Bludgeon"],"campfire_rested":1,"item_purchase_floors":[2,2],"current_hp_per_floor":[72,72,72,69,68,45,45,45,45,45,31,31,13,37,37,33,72,64,64,57,50,50,50,50,56,56,43,22,17,17,17,41,0],"gold":115,"neow_bonus":"TWO_FIFTY_GOLD","is_prod":false,"is_daily":false,"chose_seed":false,"campfire_upgraded":5,"win_rate":0,"timestamp":1548639085,"path_taken":["M","$","?","?","M","E","R","?","T","R","?","$","E","?","R","BOSS","M","$","M","?","?","R","?","M","T","?","M","M","R","?","R","BOSS"],"build_version":"2019-01-23","purchased_purges":2,"victory":false,"max_hp_per_floor":[72,72,72,72,72,72,72,72,72,72,72,72,72,72,72,72,72,72,72,72,72,72,72,72,72,72,77,77,80,80,80,80,80],"card_choices":[{"not_picked":["Burning Pact","Warcry"],"picked":"Intimidate","floor":1},{"not_picked":["Pommel Strike","Havoc"],"picked":"Flame Barrier","floor":5},{"not_picked":["Iron Wave","Bloodletting"],"picked":"Cleave","floor":6},{"not_picked":["Limit Break","Havoc","Twin Strike"],"picked":"SKIP","floor":13},{"not_picked":["Exhume","Reaper"],"picked":"Feed","floor":16},{"not_picked":["Searing Blow","Fire Breathing"],"picked":"Feel No Pain","floor":17},{"not_picked":["Clothesline","Thunderclap"],"picked":"Metallicize","floor":17},{"not_picked":["Heavy Blade","Clothesline"],"picked":"True Grit","floor":17},{"not_picked":["Seeing Red","Rage"],"picked":"Havoc","floor":17},{"not_picked":["Havoc+1","Demon Form"],"picked":"Disarm","floor":18},{"not_picked":["Wild Strike","Warcry","Pummel"],"picked":"SKIP","floor":20},{"not_picked":["Thunderclap","Entrench","Pummel"],"picked":"SKIP","floor":25},{"not_picked":["Wild Strike+1","Warcry+1"],"picked":"Headbutt+1","floor":28},{"not_picked":["Perfected Strike","Headbutt","Carnage"],"picked":"SKIP","floor":29}],"player_experience":562469,"relics_obtained":[{"floor":6,"key":"Unceasing Top"},{"floor":9,"key":"Whetstone"},{"floor":13,"key":"Sundial"},{"floor":26,"key":"Ancient Tea Set"}],"event_choices":[{"cards_removed":["Strike_R"],"damage_healed":0,"gold_gain":0,"player_choice":"Card Removal","damage_taken":0,"max_hp_gain":0,"max_hp_loss":0,"event_name":"The Cleric","floor":3,"gold_loss":50},{"damage_healed":0,"gold_gain":0,"player_choice":"Success","damage_taken":3,"relics_obtained":["Juzu Bracelet"],"max_hp_gain":0,"max_hp_loss":0,"event_name":"Scrap Ooze","floor":4,"gold_loss":0},{"damage_healed":0,"gold_gain":0,"player_choice":"Grow","damage_taken":0,"max_hp_gain":0,"max_hp_loss":0,"event_name":"Living Wall","floor":8,"gold_loss":0,"cards_upgraded":["Bludgeon"]},{"damage_healed":0,"gold_gain":0,"player_choice":"Entered Light","damage_taken":14,"max_hp_gain":0,"max_hp_loss":0,"event_name":"Shining Light","floor":11,"gold_loss":0,"cards_upgraded":["Strike_R","Strike_R"]},{"damage_healed":24,"gold_gain":0,"player_choice":"Banana","damage_taken":0,"max_hp_gain":0,"max_hp_loss":0,"event_name":"Big Fish","floor":14,"gold_loss":0},{"damage_healed":0,"gold_gain":0,"player_choice":"Damaged","damage_taken":7,"max_hp_gain":0,"max_hp_loss":0,"event_name":"Wheel of Change","floor":21,"gold_loss":0},{"cards_removed":["Defend_R"],"damage_healed":0,"gold_gain":0,"player_choice":"Purged","damage_taken":0,"max_hp_gain":0,"max_hp_loss":0,"event_name":"Purifier","floor":24,"gold_loss":0},{"damage_healed":0,"gold_gain":0,"player_choice":"Shed Blood","damage_taken":18,"max_hp_gain":5,"max_hp_loss":0,"event_name":"Forgotten Altar","floor":27,"gold_loss":0},{"damage_healed":0,"gold_gain":0,"player_choice":"Ignored","damage_taken":0,"max_hp_gain":0,"max_hp_loss":0,"event_name":"Ghosts","floor":31,"gold_loss":0}],"is_beta":false,"boss_relics":[{"not_picked":["Eternal Feather","Runic Pyramid"],"picked":"Orrery"}],"items_purged_floors":[12,19],"is_endless":false,"potions_floor_spawned":[1,5,16,18],"killed_by":"Automaton","ascension_level":2}