{"gold_per_floor":[110,126,76,76,76,76,76,76,103,131,131,145,145,158,158,263,263,277,297,144,155,155,155,155,155,208,222,235,245,335,347,347,449,449,467,484,92,103,117,117],"floor_reached":40,"playtime":7140,"items_purged":["Defend_G","Normality"],"score":410,"play_id":"b3d41ca9-6a5e-4190-bd5b-dd762836cb55","local_time":"20190703224403","is_ascension_mode":true,"campfire_choices":[{"data":"Burst","floor":6,"key":"SMITH"},{"floor":8,"key":"REST"},{"floor":11,"key":"REST"},{"data":"Neutralize","floor":13,"key":"SMITH"},{"data":"Flechettes","floor":15,"key":"SMITH"},{"data":"Adrenaline","floor":23,"key":"SMITH"},{"data":"Footwork","floor":25,"key":"SMITH"},{"floor":32,"key":"REST"}],"neow_cost":"PERCENT_DAMAGE","seed_source_timestamp":896094722572803,"circlet_count":0,"master_deck":["Strike_G","Defend_G+1","Defend_G+1","Defend_G","Survivor","Neutralize+1","Burst+1","Sucker Punch","Flechettes+1","Escape Plan","Flying Knee","Leg Sweep","Adrenaline+1","Escape Plan","Flechettes+1","Blur","PiercingWail","Footwork+1","Bane","Heel Hook","Backflip","Malaise","Cloak And Dagger+1","Backflip+1","Noxious Fumes","Blur"],"relics":["Ring of the Snake","War Paint","Bronze Scales","Cursed Key","Art of War","Eternal Feather","Bottled Flame"],"potions_floor_usage":[10,16,16,31,35,40,40],"damage_taken":[{"damage":0,"enemies":"2 Louse","floor":1,"turns":4},{"damage":0,"enemies":"Jaw Worm","floor":2,"turns":7},{"damage":33,"enemies":"Lagavulin","floor":10,"turns":13},{"damage":0,"enemies":"Small Slimes","floor":12,"turns":3},{"damage":1,"enemies":"3 Louse","floor":14,"turns":3},{"damage":55,"enemies":"Slime Boss","floor":16,"turns":21},{"damage":8,"enemies":"Spheric Guardian","floor":18,"turns":4},{"damage":0,"enemies":"Chosen","floor":19,"turns":6},{"damage":3,"enemies":"Shelled Parasite and Fungi","floor":21,"turns":6},{"damage":4,"enemies":"Snake Plant","floor":27,"turns":4},{"damage":10,"enemies":"Snecko","floor":28,"turns":7},{"damage":2,"enemies":"3 Cultists","floor":29,"turns":7},{"damage":4,"enemies":"Centurion and Healer","floor":31,"turns":5},{"damage":30,"enemies":"Automaton","floor":33,"turns":21},{"damage":38,"enemies":"3 Darklings","floor":35,"turns":12},{"damage":5,"enemies":"Orb Walker","floor":36,"turns":5},{"damage":8,"enemies":"Spire Growth","floor":38,"turns":5},{"damage":0,"enemies":"Jaw Worm Horde","floor":39,"turns":6},{"damage":28,"enemies":"Nemesis","floor":40,"turns":12}],"seed_played":"-9021698317755203918","potions_obtained":[{"floor":1,"key":"SkillPotion"},{"floor":12,"key":"SkillPotion"},{"floor":14,"key":"Strength Potion"},{"floor":19,"key":"GamblersBrew"},{"floor":21,"key":"Fire Potion"},{"floor":29,"key":"Dexterity Potion"},{"floor":33,"key":"Block Potion"},{"floor":38,"key":"Poison Potion"}],"is_trial":false,"path_per_floor":["M","M","?","T","?","R","?","R","T","E","R","M","R","M","R","B",null,"M","M","$","M","?","R","?","R","T","M","M","M","?","M","R","B",null,"M","M","$","M","M","E"],"character_chosen":"THE_SILENT","items_purchased":["Blur","Bottled Flame","Noxious Fumes"],"campfire_rested":3,"item_purchase_floors":[20,37,37],"current_hp_per_floor":[49,49,49,49,54,54,47,69,69,36,58,58,58,57,57,2,75,67,67,67,64,64,64,64,64,64,60,50,48,34,30,52,22,75,37,32,32,24,24,0],"gold":117,"neow_bonus":"THREE_RARE_CARDS","is_prod":false,"is_daily":false,"chose_seed":false,"campfire_upgraded":5,"win_rate":0,"timestamp":1562165043,"path_taken":["M","M","?","?","?","R","?","R","T","E","R","M","R","M","R","BOSS","M","M","$","M","?","R","?","R","T","M","M","M","?","M","R","BOSS","M","?","$","M","M","E"],"build_version":"2019-07-01","purchased_purges":2,"victory":false,"max_hp_per_floor":[70,70,70,70,75,75,75,75,75,75,75,75,75,75,75,75,75,75,75,75,75,75,75,75,75,75,75,75,75,75,75,75,75,75,75,75,75,75,75,75],"card_choices":[{"not_picked":["Phantasmal Killer","A Thousand Cuts"],"picked":"Burst","floor":0},{"not_picked":["Accuracy","Outmaneuver"],"picked":"Sucker Punch","floor":1},{"not_picked":["Calculated Gamble","Dagger Throw"],"picked":"Flechettes","floor":2},{"not_picked":["Blade Dance","Deflect"],"picked":"Escape Plan","floor":10},{"not_picked":["Terror","Expertise"],"picked":"Flying Knee","floor":12},{"not_picked":["Prepared","Eviscerate"],"picked":"Leg Sweep","floor":14},{"not_picked":["Envenom","Bullet Time"],"picked":"Adrenaline","floor":16},{"not_picked":["Terror","Deflect"],"picked":"Escape Plan","floor":18},{"not_picked":["Dodge and Roll+1","Underhanded Strike"],"picked":"Flechettes+1","floor":19},{"not_picked":["Terror","Sucker Punch"],"picked":"PiercingWail","floor":21},{"not_picked":["Bullet Time","Acrobatics+1"],"picked":"Heel Hook","floor":27},{"not_picked":["Sucker Punch","Dagger Throw+1"],"picked":"Backflip","floor":28},{"not_picked":["Sucker Punch","Underhanded Strike","Skewer"],"picked":"SKIP","floor":29},{"not_picked":["Setup","Finisher+1"],"picked":"Malaise","floor":31},{"not_picked":["Dagger Throw+1","Underhanded Strike+1"],"picked":"Cloak And Dagger+1","floor":35},{"not_picked":["Dodge and Roll","A Thousand Cuts"],"picked":"Backflip+1","floor":36},{"not_picked":["Poisoned Stab+1","Concentrate"],"picked":"Blur","floor":38},{"not_picked":["Prepared+1","Calculated Gamble","Setup"],"picked":"SKIP","floor":39}],"player_experience":101803,"relics_obtained":[{"floor":4,"key":"War Paint"},{"floor":10,"key":"Bronze Scales"},{"floor":26,"key":"Art of War"}],"event_choices":[{"cards_removed":["Strike_G"],"damage_healed":0,"gold_gain":0,"player_choice":"Card Removal","damage_taken":0,"max_hp_gain":0,"max_hp_loss":0,"event_name":"The Cleric","floor":3,"gold_loss":50},{"damage_healed":0,"gold_gain":0,"player_choice":"Donut","damage_taken":0,"max_hp_gain":5,"max_hp_loss":0,"event_name":"Big Fish","floor":5,"gold_loss":0},{"cards_removed":["Strike_G"],"damage_healed":0,"gold_gain":0,"player_choice":"Card Removal","damage_taken":7,"max_hp_gain":0,"max_hp_loss":0,"event_name":"Golden Wing","floor":7,"gold_loss":0},{"cards_removed":["Strike_G"],"damage_healed":0,"gold_gain":0,"player_choice":"Elegance","damage_taken":0,"max_hp_gain":0,"max_hp_loss":0,"event_name":"Back to Basics","floor":22,"gold_loss":0},{"damage_healed":0,"gold_gain":0,"cards_transformed":["Strike_G","Defend_G"],"player_choice":"Became Test Subject","damage_taken":0,"max_hp_gain":0,"max_hp_loss":0,"event_name":"Drug Dealer","floor":24,"gold_loss":0,"cards_obtained":["Footwork","Bane"]},{"damage_healed":0,"gold_gain":90,"player_choice":"GOLD ","damage_taken":14,"max_hp_gain":0,"max_hp_loss":0,"event_name":"Knowing Skull","floor":30,"potions_obtained":[],"gold_loss":0,"cards_obtained":[]}],"is_beta":false,"boss_relics":[{"not_picked":["White Beast Statue","Orrery"],"picked":"Cursed Key"},{"not_picked":["Coffee Dripper","Pandora\u0027s Box"],"picked":"Eternal Feather"}],"items_purged_floors":[20,37],"is_endless":false,"potions_floor_spawned":[1,12,14,19,21,29,33,38,39],"killed_by":"Nemesis","ascension_level":1}