{"gold_per_floor":[110,127,146,157,14,47,47,74,121,121,86,86,86,9,9,9],"floor_reached":16,"playtime":511,"items_purged":["Strike_G"],"score":162,"play_id":"cf4f3a5e-c4bd-401a-be34-3cb162b6c85b","local_time":"20181102211517","is_ascension_mode":true,"campfire_choices":[{"floor":7,"key":"REST"},{"data":"Cloak And Dagger","floor":10,"key":"SMITH"},{"data":"Bullet Time","floor":12,"key":"SMITH"},{"data":"Noxious Fumes","floor":15,"key":"SMITH"}],"neow_cost":"NONE","seed_source_timestamp":521610487532063,"circlet_count":0,"master_deck":["AscendersBane","Defend_G","Defend_G","Defend_G","Defend_G+1","Defend_G","Strike_G","Strike_G","Strike_G","Strike_G","Survivor","Neutralize+1","Quick Slash","All Out Attack","Bullet Time+1","Predator","Cloak And Dagger+1","Backflip","Noxious Fumes+1"],"relics":["Ring of the Snake","NeowsBlessing","Singing Bowl","The Courier","Juzu Bracelet"],"potions_floor_usage":[6,16],"damage_taken":[{"damage":0,"enemies":"Cultist","floor":1,"turns":1},{"damage":0,"enemies":"Small Slimes","floor":2,"turns":1},{"damage":0,"enemies":"Jaw Worm","floor":3,"turns":1},{"damage":12,"enemies":"Red Slaver","floor":4,"turns":7},{"damage":32,"enemies":"Lagavulin","floor":6,"turns":7},{"damage":7,"enemies":"3 Sentries","floor":8,"turns":7},{"damage":51,"enemies":"Slime Boss","floor":16,"turns":8}],"seed_played":"9151827416313390783","potions_obtained":[{"floor":2,"key":"Block Potion"},{"floor":6,"key":"Regen Potion"}],"is_trial":false,"path_per_floor":["M","M","M","M","$","E","R","E","T","R","?","R","?","$","R","B"],"character_chosen":"THE_SILENT","items_purchased":["Predator","Backflip","Noxious Fumes"],"campfire_rested":1,"item_purchase_floors":[5,14,14],"current_hp_per_floor":[63,63,63,51,51,21,42,35,35,35,53,53,39,39,39,0],"gold":9,"neow_bonus":"THREE_ENEMY_KILL","is_prod":false,"is_daily":false,"chose_seed":false,"campfire_upgraded":3,"win_rate":0,"timestamp":1541153717,"path_taken":["M","?","M","M","$","E","R","E","T","R","?","R","?","$","R","BOSS"],"build_version":"2018-11-01v2","purchased_purges":1,"victory":false,"max_hp_per_floor":[70,70,70,70,70,72,72,72,72,72,72,72,72,72,72,72],"card_choices":[{"not_picked":["Poisoned Stab","Underhanded Strike"],"picked":"Quick Slash","floor":1},{"not_picked":["Infinite Blades","Poisoned Stab"],"picked":"All Out Attack","floor":2},{"not_picked":["Outmaneuver","Deadly Poison","Dagger Throw"],"picked":"SKIP","floor":3},{"not_picked":["Setup","Deflect"],"picked":"Bullet Time","floor":4},{"not_picked":["Bane","Deflect","Slice"],"picked":"Singing Bowl","floor":6},{"not_picked":["Outmaneuver","Poisoned Stab"],"picked":"Cloak And Dagger","floor":8}],"player_experience":407528,"relics_obtained":[{"floor":6,"key":"Singing Bowl"},{"floor":8,"key":"The Courier"},{"floor":9,"key":"Juzu Bracelet"}],"event_choices":[{"damage_healed":18,"gold_gain":0,"player_choice":"Healed","damage_taken":0,"max_hp_gain":0,"max_hp_loss":0,"event_name":"The Cleric","floor":11,"gold_loss":35},{"damage_healed":0,"gold_gain":0,"player_choice":"Entered Light","damage_taken":14,"max_hp_gain":0,"max_hp_loss":0,"event_name":"Shining Light","floor":13,"gold_loss":0,"cards_upgraded":["Neutralize","Defend_G"]}],"is_beta":true,"boss_relics":[],"items_purged_floors":[5],"is_endless":false,"potions_floor_spawned":[2,6],"killed_by":"Slime Boss","ascension_level":10}