{"gold_per_floor":[118,131,9,23,35,35,20,20,75,75,75,75,75,5,5,100,100,115,115,115,115,132,132,203,203],"floor_reached":25,"playtime":1039,"items_purged":[],"score":284,"play_id":"f5cd29b3-7a18-43fc-8e1f-178142cb8309","local_time":"20181102200656","is_ascension_mode":true,"campfire_choices":[{"data":"Cloak And Dagger","floor":6,"key":"SMITH"},{"data":"Neutralize","floor":8,"key":"SMITH"},{"data":"Quick Slash","floor":11,"key":"SMITH"},{"data":"Survivor","floor":13,"key":"SMITH"},{"data":"Noxious Fumes","floor":15,"key":"SMITH"},{"data":"Malaise","floor":23,"key":"SMITH"}],"neow_cost":"NONE","seed_source_timestamp":516980191873942,"circlet_count":0,"master_deck":["AscendersBane","Defend_G","Defend_G","Defend_G","Defend_G","Strike_G","Strike_G","Strike_G","Survivor+1","Neutralize+1","Quick Slash+1","Blur+1","Cloak And Dagger+1","Backstab","Masterful Stab","Noxious Fumes+1","Malaise+1","Blur"],"relics":["Empty Cage","Tiny Chest","Velvet Choker","Bottled Flame"],"potions_floor_usage":[21,22],"damage_taken":[{"damage":6,"enemies":"Jaw Worm","floor":1,"turns":7},{"damage":8,"enemies":"2 Louse","floor":2,"turns":3},{"damage":5,"enemies":"Small Slimes","floor":4,"turns":5},{"damage":7,"enemies":"Exordium Wildlife","floor":5,"turns":5},{"damage":6,"enemies":"Exordium Thugs","floor":7,"turns":5},{"damage":14,"enemies":"The Guardian","floor":16,"turns":12},{"damage":5,"enemies":"3 Byrds","floor":18,"turns":7},{"damage":2,"enemies":"Colosseum Slavers","floor":21,"turns":6},{"damage":12,"enemies":"Spheric Guardian","floor":22,"turns":4},{"damage":38,"enemies":"Slavers","floor":25,"turns":2}],"seed_played":"-4482866123833456697","potions_obtained":[{"floor":7,"key":"FearPotion"},{"floor":16,"key":"Fire Potion"},{"floor":18,"key":"Energy Potion"}],"is_trial":false,"path_per_floor":["M","M","$","M","M","R","M","R","T","?","R","?","R","$","R","B",null,"M","?","?","?","M","R","T","E"],"character_chosen":"THE_SILENT","items_purchased":["Blur","Cloak And Dagger","Noxious Fumes"],"campfire_rested":0,"item_purchase_floors":[3,3,14],"current_hp_per_floor":[57,49,49,44,37,37,31,31,31,24,24,24,24,24,24,10,55,50,50,50,48,36,36,36,0],"gold":203,"neow_bonus":"BOSS_RELIC","is_prod":false,"is_daily":false,"chose_seed":false,"campfire_upgraded":6,"win_rate":0,"timestamp":1541149616,"path_taken":["M","M","$","M","M","R","M","R","T","?","R","?","R","$","R","BOSS","M","?","?","?","?","R","?","E"],"build_version":"2018-11-01v2","purchased_purges":0,"victory":false,"max_hp_per_floor":[70,70,70,70,70,70,70,70,70,70,70,70,70,70,70,70,70,70,70,70,70,70,70,70,70],"card_choices":[{"not_picked":["Bane","Deflect"],"picked":"Quick Slash","floor":1},{"not_picked":["Prepared","Endless Agony","Heel Hook"],"picked":"SKIP","floor":2},{"not_picked":["Sucker Punch","Poisoned Stab"],"picked":"Backstab","floor":4},{"not_picked":["Crippling Poison","Terror"],"picked":"Masterful Stab","floor":5},{"not_picked":["Bouncing Flask","Heel Hook","Dagger Spray"],"picked":"SKIP","floor":7},{"not_picked":["Storm of Steel","Adrenaline"],"picked":"Malaise","floor":16},{"not_picked":["Accuracy","Infinite Blades","Cloak And Dagger"],"picked":"SKIP","floor":18},{"not_picked":["Bouncing Flask","Deflect"],"picked":"Blur","floor":22}],"player_experience":404540,"relics_obtained":[{"floor":9,"key":"Tiny Chest"},{"floor":24,"key":"Bottled Flame"}],"event_choices":[{"cards_removed":["Strike_G"],"damage_healed":0,"gold_gain":0,"player_choice":"Card Removal","damage_taken":7,"max_hp_gain":0,"max_hp_loss":0,"event_name":"Golden Wing","floor":10,"gold_loss":0},{"damage_healed":0,"gold_gain":0,"player_choice":"Grow","damage_taken":0,"max_hp_gain":0,"max_hp_loss":0,"event_name":"Living Wall","floor":12,"gold_loss":0,"cards_upgraded":["Blur"]},{"damage_healed":0,"gold_gain":0,"player_choice":"Ignored","damage_taken":0,"max_hp_gain":0,"max_hp_loss":0,"event_name":"The Mausoleum","floor":19,"gold_loss":0},{"damage_healed":0,"gold_gain":0,"player_choice":"Ignored","damage_taken":0,"max_hp_gain":0,"max_hp_loss":0,"event_name":"Cursed Tome","floor":20,"gold_loss":0},{"damage_healed":0,"gold_gain":0,"player_choice":"Fight","damage_taken":0,"max_hp_gain":0,"max_hp_loss":0,"event_name":"Colosseum","floor":21,"gold_loss":0},{"damage_healed":0,"gold_gain":0,"player_choice":"Fled From Nobs","damage_taken":0,"max_hp_gain":0,"max_hp_loss":0,"event_name":"Colosseum","floor":21,"gold_loss":0}],"is_beta":true,"boss_relics":[{"not_picked":["HoveringKite","Snecko Eye"],"picked":"Velvet Choker"}],"items_purged_floors":[],"is_endless":false,"potions_floor_spawned":[7,16,18],"killed_by":"Slavers","ascension_level":10}