{"gold_per_floor":[114,132,143,143,143,186,186,186],"floor_reached":8,"playtime":252,"items_purged":[],"score":112,"play_id":"2cb7d589-7876-4b9a-a2fb-970f6f2bdb2d","local_time":"20190711223041","is_ascension_mode":true,"campfire_choices":[{"data":"Rainbow","floor":7,"key":"SMITH"}],"neow_cost":"NONE","seed_source_timestamp":140050281727894,"circlet_count":0,"master_deck":["AscendersBane","Strike_B","Strike_B","Strike_B","Strike_B","Defend_B","Defend_B","Defend_B","Defend_B","Zap","Dualcast","Gash","Sweeping Beam+1","Gash","Gash","Rainbow+1"],"relics":["Cracked Core","Golden Idol","Anchor"],"potions_floor_usage":[6,8],"damage_taken":[{"damage":1,"enemies":"Small Slimes","floor":1,"turns":5},{"damage":2,"enemies":"Jaw Worm","floor":2,"turns":4},{"damage":1,"enemies":"Cultist","floor":3,"turns":3},{"damage":25,"enemies":"3 Sentries","floor":6,"turns":6},{"damage":35,"enemies":"Gremlin Nob","floor":8,"turns":3}],"seed_played":"4312488025397018934","potions_obtained":[{"floor":3,"key":"EssenceOfSteel"},{"floor":6,"key":"GamblersBrew"}],"is_trial":false,"path_per_floor":["M","M","M","?","?","E","R","E"],"character_chosen":"DEFECT","items_purchased":[],"campfire_rested":0,"item_purchase_floors":[],"current_hp_per_floor":[63,61,60,36,36,11,11,0],"gold":186,"neow_bonus":"THREE_CARDS","is_prod":false,"is_daily":false,"chose_seed":false,"campfire_upgraded":1,"win_rate":0,"timestamp":1562877041,"path_taken":["M","M","M","?","?","E","R","E"],"build_version":"2019-07-05","purchased_purges":0,"victory":false,"max_hp_per_floor":[71,71,71,71,71,71,71,71],"card_choices":[{"not_picked":["Lockon","Stack"],"picked":"Gash","floor":0},{"not_picked":["Blizzard","Steam Power"],"picked":"Sweeping Beam","floor":1},{"not_picked":["Barrage","Chill"],"picked":"Gash","floor":2},{"not_picked":["Conserve Battery","Rebound"],"picked":"Gash","floor":3},{"not_picked":["Stack","Conserve Battery"],"picked":"Rainbow","floor":6}],"player_experience":618337,"relics_obtained":[{"floor":6,"key":"Anchor"}],"event_choices":[{"damage_healed":0,"gold_gain":0,"player_choice":"Take Damage","damage_taken":24,"relics_obtained":["Golden Idol"],"max_hp_gain":0,"max_hp_loss":0,"event_name":"Golden Idol","floor":4,"gold_loss":0},{"damage_healed":0,"gold_gain":0,"player_choice":"Grow","damage_taken":0,"max_hp_gain":0,"max_hp_loss":0,"event_name":"Living Wall","floor":5,"gold_loss":0,"cards_upgraded":["Sweeping Beam"]}],"is_beta":false,"boss_relics":[],"items_purged_floors":[],"is_endless":false,"potions_floor_spawned":[3,6],"killed_by":"Gremlin Nob","ascension_level":20}