{"gold_per_floor":[219,23,23,23,23,23,66,81,81,81,81,96,96,96,96,225,225,243,20,33,33,33,47,47,147,171,190,209,247,247,22,22,141,141,161,177,177,19,42,42,42,42,66,90,110,110,110,124,124,124],"floor_reached":51,"playtime":1462,"items_purged":[],"score":663,"play_id":"97f50e0b-dd5f-4b95-bb10-ab12cd3f1e7f","local_time":"20190112183113","is_ascension_mode":false,"campfire_choices":[{"data":"Shrug It Off","floor":6.0,"key":"SMITH"},{"data":"Uppercut","floor":11.0,"key":"SMITH"},{"data":"Pommel Strike","floor":13.0,"key":"SMITH"},{"data":"Uppercut","floor":15.0,"key":"SMITH"},{"data":"Pommel Strike","floor":24.0,"key":"SMITH"},{"data":"Twin Strike","floor":30.0,"key":"SMITH"},{"data":"Whirlwind","floor":32.0,"key":"SMITH"},{"data":"Whirlwind","floor":40,"key":"SMITH"},{"data":"Bash","floor":42,"key":"SMITH"},{"data":"Feed","floor":46,"key":"SMITH"},{"floor":49,"key":"REST"}],"neow_cost":"NONE","seed_source_timestamp":21611756025607,"circlet_count":0,"master_deck":["Strike_R","Strike_R","Strike_R+1","Strike_R","Defend_R","Defend_R","Defend_R","Bash+1","Shrug It Off+1","Pommel Strike+1","Uppercut+1","Pommel Strike+1","Uppercut+1","Exhume+1","Iron Wave+1","Battle Trance+1","True Grit+1","Seeing Red+1","Inflame+1","Twin Strike+1","Whirlwind+1","Offering+1","Double Tap+1","Thunderclap+1","Whirlwind+1","Shrug It Off+1","Double Tap+1","Feed+1","Violence+1"],"special_seed":0,"relics":["Burning Blood","Chemical X","Golden Idol","Red Skull","Shuriken","Toxic Egg 2","Lizard Tail","Whetstone","Vajra","Letter Opener","Sozu","Orichalcum"],"potions_floor_usage":[33,33,45],"damage_taken":[{"damage":12.0,"enemies":"Small Slimes","floor":1.0,"turns":3.0},{"damage":33.0,"enemies":"Lagavulin","floor":7.0,"turns":9.0},{"damage":11.0,"enemies":"Jaw Worm","floor":8.0,"turns":4.0},{"damage":0.0,"enemies":"Cultist","floor":12.0,"turns":2.0},{"damage":21.0,"enemies":"Slime Boss","floor":16.0,"turns":11.0},{"damage":23.0,"enemies":"Shell Parasite","floor":18.0,"turns":8.0},{"damage":17.0,"enemies":"2 Thieves","floor":20.0,"turns":4.0},{"damage":33.0,"enemies":"Sentry and Sphere","floor":23.0,"turns":7.0},{"damage":0.0,"enemies":"Snecko","floor":27.0,"turns":2.0},{"damage":7.0,"enemies":"Centurion and Healer","floor":28.0,"turns":4.0},{"damage":16.0,"enemies":"Slavers","floor":29.0,"turns":5.0},{"damage":25,"enemies":"Champ","floor":33,"turns":6},{"damage":12,"enemies":"3 Darklings","floor":35,"turns":1},{"damage":8,"enemies":"Orb Walker","floor":36,"turns":2},{"damage":1,"enemies":"Spire Growth","floor":39,"turns":3},{"damage":16,"enemies":"Sphere and 2 Shapes","floor":44,"turns":1},{"damage":32,"enemies":"Writhing Mass","floor":45,"turns":3},{"damage":1,"enemies":"4 Shapes","floor":48,"turns":1},{"damage":41,"enemies":"Donu and Deca","floor":50,"turns":3}],"seed_played":"1392742020918513114","potions_obtained":[{"floor":7.0,"key":"FearPotion"},{"floor":8.0,"key":"Fire Potion"},{"floor":18.0,"key":"LiquidBronze"},{"floor":23.0,"key":"EssenceOfSteel"},{"floor":33,"key":"Block Potion"}],"is_trial":false,"path_per_floor":["M","$","?","?","$","R","E","M","T","?","R","M","R","?","R","B",null,"M","$","M","?","$","M","R","?","T","M","M","E","R","$","R","B",null,"M","M","?","$","M","R","$","R","T","M","M","R","?","M","R","B",null],"character_chosen":"IRONCLAD","items_purchased":["Chemical X","Battle Trance+1","Whetstone","Whirlwind","Offering+1","Shrug It Off+1","Double Tap+1"],"campfire_rested":1,"item_purchase_floors":[2,19,19,31,31,38,38],"current_hp_per_floor":[74,74,74,67,67,67,40,35,35,28,28,34,34,34,34,19,74,57,57,46,46,46,19,19,19,19,25,24,14,14,14,14,35,74,68,66,66,66,71,71,71,71,71,61,35,35,35,40,62,27],"gold":124,"neow_bonus":"HUNDRED_GOLD","is_prod":false,"is_daily":false,"chose_seed":false,"campfire_upgraded":10,"win_rate":0,"timestamp":1547278273,"path_taken":["M","$","?","?","?","R","E","M","T","?","R","M","R","?","R","BOSS","M","$","?","?","$","M","R","?","T","M","?","E","R","?","R","BOSS","M","M","?","$","M","R","?","R","T","M","?","R","?","M","R","BOSS"],"build_version":"2019-01-10","purchased_purges":0,"victory":true,"max_hp_per_floor":[80,80,74,74,74,74,74,74,74,74,74,74,74,74,74,74,74,74,74,74,74,74,74,74,74,74,74,74,74,74,74,74,74,74,74,74,74,74,74,74,74,74,74,74,74,74,74,74,74,74],"card_choices":[{"not_picked":["Thunderclap","Seeing Red"],"picked":"Shrug It Off","floor":1.0},{"not_picked":["Feel No Pain","Sword Boomerang"],"picked":"Pommel Strike","floor":7.0},{"not_picked":["Havoc","Perfected Strike"],"picked":"Uppercut","floor":8.0},{"not_picked":["Heavy Blade","Sword Boomerang"],"picked":"Pommel Strike","floor":12.0},{"not_picked":["Brutality","Juggernaut"],"picked":"Exhume+1","floor":16.0},{"not_picked":["Clothesline","Clash"],"picked":"Iron Wave","floor":18.0},{"not_picked":["Rampage+1","Corruption"],"picked":"True Grit+1","floor":20.0},{"not_picked":["Heavy Blade","Clash"],"picked":"Seeing Red+1","floor":23.0},{"not_picked":["Body Slam","Warcry+1","Iron Wave"],"picked":"SKIP","floor":27.0},{"not_picked":["Reckless Charge","Immolate"],"picked":"Inflame+1","floor":28.0},{"not_picked":["Havoc+1","Shockwave+1"],"picked":"Twin Strike","floor":29.0},{"not_picked":["Offering+1","Berserk"],"picked":"Double Tap+1","floor":33},{"not_picked":["Iron Wave","Headbutt+1"],"picked":"Thunderclap+1","floor":35},{"not_picked":["Wild Strike","Sword Boomerang"],"picked":"Whirlwind","floor":36},{"not_picked":["Intimidate+1","Battle Trance+1"],"picked":"Feed","floor":39},{"not_picked":["Armaments+1","Headbutt","Searing Blow+1"],"picked":"SKIP","floor":44},{"not_picked":["Twin Strike","Wild Strike+1","Evolve"],"picked":"SKIP","floor":45},{"not_picked":["Finesse+1","Metamorphosis+1"],"picked":"Violence+1","floor":47},{"not_picked":["Wild Strike","Clothesline+1","Corruption"],"picked":"SKIP","floor":48}],"player_experience":539834,"relics_obtained":[{"floor":7.0,"key":"Red Skull"},{"floor":9.0,"key":"Shuriken"},{"floor":26.0,"key":"Vajra"},{"floor":29.0,"key":"Letter Opener"},{"floor":43,"key":"Orichalcum"}],"event_choices":[{"damage_healed":0.0,"max_hp_gain":0.0,"max_hp_loss":6.0,"gold_gain":0.0,"event_name":"Golden Idol","player_choice":"Lose Max HP","floor":3.0,"gold_loss":0.0,"damage_taken":0.0,"relics_obtained":["Golden Idol"]},{"cards_removed":["Defend_R"],"damage_healed":0.0,"max_hp_gain":0.0,"max_hp_loss":0.0,"gold_gain":0.0,"event_name":"Golden Wing","player_choice":"Card Removal","floor":4.0,"gold_loss":0.0,"damage_taken":7.0},{"damage_healed":0.0,"max_hp_gain":0.0,"max_hp_loss":0.0,"gold_gain":0.0,"event_name":"Scrap Ooze","player_choice":"Success","floor":10.0,"gold_loss":0.0,"damage_taken":7.0,"relics_obtained":["Toxic Egg 2"]},{"damage_healed":0.0,"max_hp_gain":0.0,"max_hp_loss":0.0,"gold_gain":0.0,"cards_transformed":["Strike_R"],"event_name":"Transmorgrifier","player_choice":"Transformed","floor":14.0,"gold_loss":0.0,"damage_taken":0.0,"cards_obtained":["Uppercut"]},{"damage_healed":0.0,"max_hp_gain":0.0,"max_hp_loss":0.0,"gold_gain":0.0,"event_name":"Beggar","player_choice":"Ignored","floor":21.0,"gold_loss":0.0,"damage_taken":0.0},{"damage_healed":0.0,"max_hp_gain":0.0,"max_hp_loss":0.0,"gold_gain":100.0,"event_name":"Golden Shrine","player_choice":"Pray","floor":25.0,"gold_loss":0.0,"damage_taken":0.0},{"damage_healed":0,"gold_gain":0,"player_choice":"Ignored","damage_taken":0,"max_hp_gain":0,"max_hp_loss":0,"event_name":"WeMeetAgain","floor":37,"gold_loss":0},{"damage_healed":0,"gold_gain":0,"player_choice":"Memory 1","damage_taken":0,"max_hp_gain":0,"max_hp_loss":0,"event_name":"SensoryStone","floor":47,"gold_loss":0}],"is_beta":false,"boss_relics":[{"not_picked":["Calling Bell","Eternal Feather"],"picked":"Lizard Tail"},{"not_picked":["Pandora\u0027s Box","Runic Pyramid"],"picked":"Sozu"}],"items_purged_floors":[],"is_endless":false,"potions_floor_spawned":[7,8,18,20,23,33,36,39,48],"ascension_level":0}