{"gold_per_floor":[119,135,135,59,70,70,98,98,125,155,175,208,222,279,279,379,379,390,390,108,108,108,108,133,143,197,197,231,251,276,289,289,385,385,401,401,401,416,294,294,313,20,20,32,65,65,93,141,141,141],"floor_reached":51,"playtime":7781,"items_purged":["Writhe","Defend_B"],"score":946,"play_id":"5544f77d-4d7d-4efc-b636-bacf711a1125","local_time":"20190720070921","is_ascension_mode":true,"campfire_choices":[{"data":"Zap","floor":6.0,"key":"SMITH"},{"data":"Go for the Eyes","floor":15.0,"key":"SMITH"},{"data":"Hyperbeam","floor":23.0,"key":"SMITH"},{"data":"Reinforced Body","floor":27.0,"key":"SMITH"},{"data":"Dualcast","floor":32.0,"key":"SMITH"},{"data":"Capacitor","floor":40.0,"key":"SMITH"},{"floor":46.0,"key":"REST"},{"data":"Biased Cognition","floor":49.0,"key":"SMITH"}],"neow_cost":"NONE","seed_source_timestamp":0,"circlet_count":0,"master_deck":["Defend_B","Defend_B","Defend_B","Zap+1","Dualcast+1","All For One","Gash","FTL","Steam","Ball Lightning","Steam","Go for the Eyes+1","Coolheaded","Compile Driver","Cold Snap","Hyperbeam+1","Biased Cognition+1","Coolheaded+1","Capacitor+1","Beam Cell","Bite","Bite","Bite","Bite","Bite","Reinforced Body+1","Compile Driver+1","Gash+1","Barrage+1","Echo Form","Self Repair+1","Master of Strategy","Gash+1","Gash+1","Hologram+1","Beam Cell+1","Gash+1","Lockon+1","Scrape+1","Echo Form","Cold Snap+1","Loop+1","Gash+1"],"special_seed":0,"relics":["Cracked Core","Bronze Scales","Singing Bowl","GremlinMask","The Courier","Meat on the Bone","Potion Belt","Cursed Key","Orichalcum","Sling","Molten Egg 2","Bag of Preparation","Regal Pillow","Strawberry","Empty Cage","Omamori","Bottled Lightning","Pen Nib","Pear","Prayer Wheel"],"potions_floor_usage":[50,50,50,50,50,50,50,50,50],"damage_taken":[{"damage":2.0,"enemies":"Small Slimes","floor":1.0,"turns":4.0},{"damage":7.0,"enemies":"2 Louse","floor":2.0,"turns":2.0},{"damage":0.0,"enemies":"Cultist","floor":5.0,"turns":3.0},{"damage":13.0,"enemies":"3 Sentries","floor":7.0,"turns":6.0},{"damage":10.0,"enemies":"Lagavulin","floor":10.0,"turns":6.0},{"damage":1.0,"enemies":"2 Fungi Beasts","floor":11.0,"turns":2.0},{"damage":0.0,"enemies":"Gremlin Nob","floor":12.0,"turns":3.0},{"damage":2.0,"enemies":"Blue Slaver","floor":13.0,"turns":3.0},{"damage":18.0,"enemies":"Lagavulin Event","floor":14.0,"turns":6.0},{"damage":23.0,"enemies":"The Guardian","floor":16.0,"turns":10.0},{"damage":12.0,"enemies":"2 Thieves","floor":18.0,"turns":3.0},{"damage":17.0,"enemies":"Book of Stabbing","floor":24.0,"turns":4.0},{"damage":0.0,"enemies":"Chosen","floor":25.0,"turns":3.0},{"damage":5.0,"enemies":"Slavers","floor":28.0,"turns":4.0},{"damage":16.0,"enemies":"Shelled Parasite and Fungi","floor":29.0,"turns":4.0},{"damage":4.0,"enemies":"3 Cultists","floor":31.0,"turns":3.0},{"damage":49.0,"enemies":"Automaton","floor":33.0,"turns":9.0},{"damage":6.0,"enemies":"3 Darklings","floor":35.0,"turns":4.0},{"damage":4.0,"enemies":"3 Shapes","floor":38.0,"turns":7.0},{"damage":6.0,"enemies":"Sphere and 2 Shapes","floor":41.0,"turns":3.0},{"damage":21.0,"enemies":"Maw","floor":44.0,"turns":7.0},{"damage":49.0,"enemies":"Nemesis","floor":45.0,"turns":7.0},{"damage":10.0,"enemies":"Giant Head","floor":47.0,"turns":4.0},{"damage":19.0,"enemies":"2 Orb Walkers","floor":48.0,"turns":4.0},{"damage":54,"enemies":"Donu and Deca","floor":50,"turns":5}],"seed_played":"4511133860151836415","potions_obtained":[{"floor":1.0,"key":"Ancient Potion"},{"floor":5.0,"key":"Energy Potion"},{"floor":7.0,"key":"FocusPotion"},{"floor":11.0,"key":"EntropicBrew"},{"floor":14.0,"key":"Ancient Potion"},{"floor":18.0,"key":"Dexterity Potion"},{"floor":25.0,"key":"Block Potion"},{"floor":31.0,"key":"Regen Potion"},{"floor":37.0,"key":"SteroidPotion"},{"floor":37.0,"key":"GamblersBrew"},{"floor":37.0,"key":"Poison Potion"},{"floor":44.0,"key":"Regen Potion"},{"floor":45.0,"key":"SkillPotion"},{"floor":48.0,"key":"Swift Potion"}],"is_trial":false,"path_per_floor":["M","M","?","$","M","R","E","?","T","E","M","E","M","?","R","B",null,"M","?","$","?","?","R","E","M","T","R","E","M","T","M","R","B",null,"M","?","?","M","$","R","M","$","T","M","E","R","E","?","R","B",null],"character_chosen":"DEFECT","items_purchased":["Steam","Ball Lightning","Capacitor","Sling","Beam Cell","Gash+1","Omamori","Beam Cell+1","Gash+1","Lockon+1","Scrape+1"],"campfire_rested":1,"item_purchase_floors":[4,4,20,20,20,39,42,42,42,42,42],"current_hp_per_floor":[73,66,59,59,59,59,46,46,46,38,39,41,41,39,39,30,77,65,65,65,51,51,51,44,50,50,50,49,43,50,54,54,44,88,82,76,76,86,86,86,84,84,84,87,67,92,98,95,95,55],"gold":141,"neow_bonus":"ONE_RANDOM_RARE_CARD","is_prod":false,"is_daily":false,"chose_seed":false,"campfire_upgraded":7,"win_rate":0,"timestamp":1563620961,"path_taken":["M","M","?","$","M","R","E","?","T","E","?","E","M","?","R","BOSS","M","?","$","?","?","R","E","M","T","R","E","M","?","M","R","BOSS","M","?","?","?","$","R","M","$","T","M","E","R","E","?","R","BOSS"],"build_version":"2019-07-17","purchased_purges":2,"victory":true,"max_hp_per_floor":[75,75,75,75,75,75,75,75,75,75,75,75,75,77,77,77,77,77,77,77,82,82,82,84,84,84,84,84,84,91,91,91,91,88,88,92,92,92,92,92,92,92,92,92,92,92,102,102,102,102],"card_choices":[{"not_picked":["Undo","Tempest"],"picked":"Gash","floor":1.0},{"not_picked":["Coolheaded","Compile Driver"],"picked":"FTL","floor":2.0},{"not_picked":["Rebound","Leap"],"picked":"Steam","floor":5.0},{"not_picked":["Multi-Cast","Streamline"],"picked":"Go for the Eyes","floor":7.0},{"not_picked":["Hello World","Hologram"],"picked":"Coolheaded","floor":10.0},{"not_picked":["Hologram","Conserve Battery"],"picked":"Compile Driver","floor":11.0},{"not_picked":["Turbo","Reprogram"],"picked":"Cold Snap","floor":12.0},{"not_picked":["Beam Cell","Coolheaded"],"picked":"Hyperbeam","floor":13.0},{"not_picked":["Sweeping Beam","Barrage","Storm"],"picked":"Singing Bowl","floor":14.0},{"not_picked":["Fission","Meteor Strike"],"picked":"Biased Cognition","floor":16.0},{"not_picked":["Go for the Eyes","Conserve Battery"],"picked":"Coolheaded+1","floor":18.0},{"not_picked":["Double Energy+1","Sweeping Beam","Streamline+1"],"picked":"Singing Bowl","floor":24.0},{"not_picked":["Coolheaded","Conserve Battery"],"picked":"Reinforced Body","floor":25.0},{"not_picked":["White Noise","Storm+1"],"picked":"Compile Driver+1","floor":28.0},{"not_picked":["Streamline+1","Recycle"],"picked":"Gash+1","floor":29.0},{"not_picked":["Fission","Capacitor"],"picked":"Barrage+1","floor":31.0},{"not_picked":["Buffer","Reboot"],"picked":"Echo Form","floor":33.0},{"not_picked":["BootSequence+1","Double Energy"],"picked":"Self Repair+1","floor":35.0},{"not_picked":["Purity","Secret Weapon","Good Instincts"],"picked":"Singing Bowl","floor":36.0},{"not_picked":["Enlightenment","Jack Of All Trades","Bandage Up"],"picked":"Singing Bowl","floor":36.0},{"not_picked":["Bandage Up","Blind"],"picked":"Master of Strategy","floor":36.0},{"not_picked":["White Noise+1","Hologram+1"],"picked":"Gash+1","floor":38.0},{"not_picked":["Sweeping Beam+1","Ball Lightning+1"],"picked":"Hologram+1","floor":41.0},{"not_picked":["Conserve Battery+1","Cold Snap+1"],"picked":"Echo Form","floor":44.0},{"not_picked":["Hologram","Ball Lightning+1"],"picked":"Cold Snap+1","floor":45.0},{"not_picked":["Conserve Battery+1","Sweeping Beam+1"],"picked":"Loop+1","floor":47.0},{"not_picked":["Go for the Eyes+1","Barrage+1"],"picked":"Gash+1","floor":48.0}],"player_experience":689852,"relics_obtained":[{"floor":7.0,"key":"Singing Bowl"},{"floor":9.0,"key":"Blood Vial"},{"floor":10.0,"key":"The Courier"},{"floor":12.0,"key":"Meat on the Bone"},{"floor":24.0,"key":"Molten Egg 2"},{"floor":26.0,"key":"Bag of Preparation"},{"floor":28.0,"key":"Regal Pillow"},{"floor":30.0,"key":"Strawberry"},{"floor":43.0,"key":"Bottled Lightning"},{"floor":45.0,"key":"Pen Nib"},{"floor":47.0,"key":"Pear"},{"floor":48.0,"key":"Prayer Wheel"}],"event_choices":[{"damage_healed":0.0,"max_hp_gain":0.0,"max_hp_loss":0.0,"gold_gain":0.0,"event_name":"Scrap Ooze","player_choice":"Success","floor":3.0,"gold_loss":0.0,"damage_taken":7.0,"relics_obtained":["Bronze Scales"]},{"damage_healed":0.0,"max_hp_gain":0.0,"max_hp_loss":0.0,"gold_gain":0.0,"event_name":"FaceTrader","player_choice":"Trade","floor":8.0,"gold_loss":0.0,"damage_taken":0.0,"relics_obtained":["GremlinMask"]},{"damage_healed":0.0,"max_hp_gain":0.0,"max_hp_loss":0.0,"gold_gain":0.0,"event_name":"Dead Adventurer","player_choice":"Searched \u00272\u0027 times","floor":14.0,"gold_loss":0.0,"damage_taken":0.0,"relics_obtained":["Potion Belt"]},{"damage_healed":0.0,"max_hp_gain":0.0,"max_hp_loss":0.0,"gold_gain":0.0,"event_name":"The Mausoleum","player_choice":"Opened","floor":19.0,"gold_loss":0.0,"damage_taken":0.0,"relics_obtained":["Orichalcum"],"cards_obtained":["Writhe"]},{"damage_healed":0.0,"max_hp_gain":5.0,"max_hp_loss":0.0,"gold_gain":0.0,"event_name":"Forgotten Altar","player_choice":"Shed Blood","floor":21.0,"gold_loss":0.0,"damage_taken":19.0},{"damage_healed":0.0,"max_hp_gain":0.0,"max_hp_loss":0.0,"gold_gain":0.0,"event_name":"Vampires","player_choice":"Became a vampire (Vial)","floor":22.0,"relics_lost":["Blood Vial"],"gold_loss":0.0,"damage_taken":0.0,"cards_obtained":["Bite","Bite","Bite","Bite","Bite"]},{"damage_healed":0.0,"max_hp_gain":0.0,"max_hp_loss":0.0,"gold_gain":0.0,"event_name":"SensoryStone","player_choice":"Memory 3","floor":36.0,"gold_loss":0.0,"damage_taken":10.0},{"damage_healed":0.0,"max_hp_gain":0.0,"max_hp_loss":0.0,"gold_gain":0.0,"event_name":"Lab","player_choice":"Got Potions","floor":37.0,"gold_loss":0.0,"damage_taken":0.0},{"damage_healed":0.0,"max_hp_gain":0.0,"max_hp_loss":0.0,"gold_gain":0.0,"event_name":"Mysterious Sphere","player_choice":"Fight","floor":48.0,"gold_loss":0.0,"damage_taken":0.0}],"is_beta":false,"boss_relics":[{"not_picked":["Tiny House","Philosopher\u0027s Stone"],"picked":"Cursed Key"},{"not_picked":["Nuclear Battery","Lizard Tail"],"picked":"Empty Cage"}],"items_purged_floors":[20,39],"is_endless":false,"potions_floor_spawned":[1,5,7,11,14,18,25,31,44,45,48],"ascension_level":3}