{"gold_per_floor":[119,119,16,35,45,45,55,55,80,95,95,118,43,59,59,180,180,173,173,186,210,110,110,125,125],"floor_reached":25,"playtime":948,"items_purged":["Bash","Strike_R"],"score":197,"play_id":"44a0af5e-e944-4ae2-bf58-92cb651f1bdf","local_time":"20181105173313","is_ascension_mode":false,"campfire_choices":[{"data":"True Grit","floor":6.0,"key":"SMITH"},{"data":"Feel No Pain","floor":8,"key":"SMITH"},{"data":"Shrug It Off","floor":15,"key":"SMITH"},{"data":"Dark Embrace","floor":23,"key":"SMITH"}],"neow_cost":"NONE","seed_source_timestamp":189058805743918,"circlet_count":0,"master_deck":["Strike_R","Strike_R","Strike_R","Strike_R","Defend_R","Defend_R","Defend_R","Defend_R","Exhume","Uppercut+1","Shrug It Off+1","Feel No Pain+1","True Grit+1","Thunderclap","Dark Embrace+1","Metallicize+1","Sentinel+1"],"special_seed":0,"relics":["Burning Blood","Anchor","Golden Idol","Cursed Key"],"potions_floor_usage":[16,20,25,25],"damage_taken":[{"damage":1.0,"enemies":"Jaw Worm","floor":1.0,"turns":5.0},{"damage":0.0,"enemies":"2 Louse","floor":4.0,"turns":3.0},{"damage":0.0,"enemies":"Cultist","floor":5.0,"turns":4.0},{"damage":8,"enemies":"2 Fungi Beasts","floor":7,"turns":4},{"damage":4,"enemies":"Looter","floor":10,"turns":4},{"damage":4,"enemies":"3 Louse","floor":12,"turns":5},{"damage":2,"enemies":"2 Fungi Beasts","floor":14,"turns":5},{"damage":51,"enemies":"Hexaghost","floor":16,"turns":12},{"damage":8,"enemies":"2 Thieves","floor":18,"turns":4},{"damage":11,"enemies":"Chosen","floor":20,"turns":6},{"damage":34,"enemies":"Snake Plant","floor":21,"turns":8},{"damage":1,"enemies":"Snecko","floor":24,"turns":8},{"damage":50,"enemies":"Gremlin Leader","floor":25,"turns":6}],"seed_played":"5572067929592493079","potions_obtained":[{"floor":1.0,"key":"PowerPotion"},{"floor":10,"key":"GamblersBrew"},{"floor":16,"key":"LiquidBronze"},{"floor":18,"key":"Dexterity Potion"}],"is_trial":false,"path_per_floor":["M","?","$","M","M","R","M","R","T","M","?","M","$","M","R","B",null,"M","?","M","M","$","R","M","E"],"character_chosen":"IRONCLAD","items_purchased":["Shrug It Off","Feel No Pain"],"campfire_rested":0,"item_purchase_floors":[3,3],"current_hp_per_floor":[80,80,80,80,80,80,78,78,78,80,60,62,62,66,66,21,80,78,78,73,45,45,45,50,0],"gold":125,"neow_bonus":"ONE_RANDOM_RARE_CARD","is_prod":false,"is_daily":false,"chose_seed":false,"campfire_upgraded":4,"win_rate":0,"timestamp":1541399593,"path_taken":["M","?","$","M","M","R","M","R","T","M","?","M","$","M","R","BOSS","M","?","M","?","$","R","M","E"],"build_version":"2018-11-02","purchased_purges":2,"victory":false,"max_hp_per_floor":[80,80,80,80,80,80,80,80,80,80,80,80,80,80,80,80,80,80,80,80,80,80,80,80,80],"card_choices":[{"not_picked":["Armaments","Pummel"],"picked":"Uppercut","floor":1.0},{"not_picked":["Pommel Strike","Cleave"],"picked":"True Grit","floor":4.0},{"not_picked":["Fire Breathing","Armaments","Perfected Strike"],"picked":"SKIP","floor":5.0},{"not_picked":["Shrug It Off","Havoc"],"picked":"Thunderclap","floor":7},{"not_picked":["Sword Boomerang","Clothesline","Warcry"],"picked":"SKIP","floor":10},{"not_picked":["Reckless Charge","Headbutt","Exhume"],"picked":"SKIP","floor":12},{"not_picked":["Fire Breathing","Intimidate","Havoc"],"picked":"SKIP","floor":14},{"not_picked":["Limit Break","Fiend Fire"],"picked":"Dark Embrace","floor":16},{"not_picked":["Flex+1","Rampage"],"picked":"Metallicize+1","floor":18},{"not_picked":["Entrench","Flex","Shrug It Off"],"picked":"SKIP","floor":20},{"not_picked":["Rage","Battle Trance"],"picked":"Sentinel+1","floor":21},{"not_picked":["Ghostly Armor","Anger","Armaments"],"picked":"SKIP","floor":24}],"player_experience":424218,"relics_obtained":[{"floor":9,"key":"Anchor"}],"event_choices":[{"damage_healed":0.0,"max_hp_gain":0.0,"max_hp_loss":0.0,"gold_gain":0.0,"event_name":"Living Wall","player_choice":"Grow","floor":2.0,"gold_loss":0.0,"damage_taken":0.0,"cards_upgraded":["Uppercut"]},{"damage_healed":0,"gold_gain":0,"player_choice":"Take Damage","damage_taken":20,"relics_obtained":["Golden Idol"],"max_hp_gain":0,"max_hp_loss":0,"event_name":"Golden Idol","floor":11,"gold_loss":0},{"damage_healed":0,"gold_gain":0,"player_choice":"Ignored","damage_taken":0,"max_hp_gain":0,"max_hp_loss":0,"event_name":"N\u0027loth","floor":19,"gold_loss":0}],"is_beta":true,"boss_relics":[{"not_picked":["Runic Dome","Black Blood"],"picked":"Cursed Key"}],"items_purged_floors":[13,22],"is_endless":false,"potions_floor_spawned":[1,10,16,18],"killed_by":"Gremlin Leader","ascension_level":0}