{"gold_per_floor":[110,126,201,211,35,35,64,64,94,94,94,44,60,71,71,172,172,188,171,171,171,184,184,213,232,232,232,251,262,172,202,202,202],"floor_reached":33,"playtime":2963,"items_purged":[],"score":287,"play_id":"c97330d9-d79e-4ffe-b9c4-80199807de46","local_time":"20190628231441","is_ascension_mode":false,"campfire_choices":[{"floor":6,"key":"REST"},{"data":"Blade Dance","floor":8,"key":"SMITH"},{"data":"Cloak And Dagger","floor":11,"key":"SMITH"},{"floor":15,"key":"REST"},{"floor":23,"key":"REST"},{"floor":27,"key":"REST"},{"floor":32,"key":"REST"}],"neow_cost":"NONE","seed_source_timestamp":470081591979368,"circlet_count":0,"master_deck":["Defend_G","Defend_G","Defend_G","Strike_G","Strike_G","Strike_G","Survivor","Neutralize","Quick Slash","Blade Dance+1","Slice","Distraction","Cloak And Dagger+1","Dagger Throw","Choke+1","Slice","After Image","Dagger Throw","Terror+1","Flying Knee","Cloak And Dagger","Wraith Form v2","Dagger Throw+1","Footwork"],"relics":["Ring of the Snake","Lantern","Question Card","Tiny Chest","Lizard Tail","Matryoshka","Torii","Anchor","Kunai","Sundial"],"potions_floor_usage":[16,24,24,31],"damage_taken":[{"damage":1,"enemies":"Jaw Worm","floor":1,"turns":4},{"damage":0,"enemies":"2 Louse","floor":2,"turns":4},{"damage":1,"enemies":"Cultist","floor":4,"turns":3},{"damage":18,"enemies":"3 Sentries","floor":7,"turns":8},{"damage":0,"enemies":"2 Fungi Beasts","floor":13,"turns":2},{"damage":0,"enemies":"3 Louse","floor":14,"turns":3},{"damage":58,"enemies":"The Guardian","floor":16,"turns":10},{"damage":12,"enemies":"Chosen","floor":18,"turns":5},{"damage":23,"enemies":"2 Thieves","floor":19,"turns":4},{"damage":22,"enemies":"Snake Plant","floor":22,"turns":3},{"damage":34,"enemies":"Gremlin Leader","floor":24,"turns":5},{"damage":19,"enemies":"3 Cultists","floor":25,"turns":6},{"damage":1,"enemies":"Snecko","floor":28,"turns":4},{"damage":2,"enemies":"Centurion and Healer","floor":29,"turns":9},{"damage":14,"enemies":"Slavers","floor":31,"turns":6},{"damage":54,"enemies":"Automaton","floor":33,"turns":16}],"seed_played":"-5345765481546199221","potions_obtained":[{"floor":2,"key":"LiquidBronze"},{"floor":13,"key":"FearPotion"},{"floor":18,"key":"SpeedPotion"},{"floor":28,"key":"Energy Potion"},{"floor":31,"key":"FearPotion"}],"is_trial":false,"path_per_floor":["M","M","?","M","$","R","E","R","T","?","R","?","M","M","R","B",null,"M","M","T","?","M","R","E","M","T","R","M","M","?","E","R","B"],"character_chosen":"THE_SILENT","items_purchased":["Cloak And Dagger","Lantern"],"campfire_rested":5,"item_purchase_floors":[5,5],"current_hp_per_floor":[69,69,58,57,57,70,52,52,52,52,52,52,52,52,70,12,70,58,35,35,35,13,34,35,16,16,37,36,34,34,20,41,0],"gold":202,"neow_bonus":"TRANSFORM_CARD","is_prod":false,"is_daily":false,"chose_seed":false,"campfire_upgraded":2,"win_rate":0.0,"timestamp":1561734881,"path_taken":["M","M","?","M","$","R","E","R","T","?","R","?","M","?","R","BOSS","M","M","?","?","M","R","E","M","T","R","M","M","?","E","R","BOSS"],"build_version":"2019-01-23","purchased_purges":0,"victory":false,"max_hp_per_floor":[70,70,70,70,70,70,70,70,70,70,70,70,70,70,70,70,70,70,70,70,70,70,70,70,70,70,70,70,70,70,70,70,70],"card_choices":[{"not_picked":["Bane","Underhanded Strike"],"picked":"Blade Dance","floor":1},{"not_picked":["Heel Hook","Noxious Fumes"],"picked":"Slice","floor":2},{"not_picked":["Backflip","Underhanded Strike"],"picked":"Distraction","floor":4},{"not_picked":["PiercingWail","Deflect"],"picked":"Dagger Throw","floor":7},{"not_picked":["Footwork","Sucker Punch","Slice"],"picked":"Choke","floor":13},{"not_picked":["Deflect","Flying Knee","Dodge and Roll"],"picked":"Slice","floor":14},{"not_picked":["Doppelganger","Bullet Time","Night Terror"],"picked":"After Image","floor":16},{"not_picked":["Predator","Heel Hook+1","Dodge and Roll"],"picked":"Dagger Throw","floor":18},{"not_picked":["Well Laid Plans+1","Cloak And Dagger+1","Deadly Poison"],"picked":"Terror+1","floor":19},{"not_picked":["Quick Slash","Outmaneuver","Acrobatics"],"picked":"Flying Knee","floor":22},{"not_picked":["Tactician","Bane+1","Crippling Poison+1","Predator"],"picked":"SKIP","floor":24},{"not_picked":["Dagger Spray+1","Quick Slash","Acrobatics"],"picked":"Cloak And Dagger","floor":25},{"not_picked":["Reflex","Predator","Prepared"],"picked":"Wraith Form v2","floor":28},{"not_picked":["Bouncing Flask+1","Dodge and Roll","PiercingWail"],"picked":"Dagger Throw+1","floor":29},{"not_picked":["Underhanded Strike","PiercingWail","Riddle With Holes"],"picked":"Footwork","floor":31}],"player_experience":48783,"relics_obtained":[{"floor":7,"key":"Question Card"},{"floor":9,"key":"Tiny Chest"},{"floor":20,"key":"Matryoshka"},{"floor":24,"key":"Torii"},{"floor":26,"key":"Anchor"},{"floor":26,"key":"Kunai"},{"floor":31,"key":"Sundial"}],"event_choices":[{"damage_healed":0,"gold_gain":75,"player_choice":"Gather Gold","damage_taken":11,"max_hp_gain":0,"max_hp_loss":0,"event_name":"World of Goop","floor":3,"gold_loss":0},{"damage_healed":0,"gold_gain":0,"player_choice":"Ignored","damage_taken":0,"max_hp_gain":0,"max_hp_loss":0,"event_name":"Liars Game","floor":10,"gold_loss":0},{"cards_removed":["Strike_G"],"damage_healed":0,"gold_gain":0,"player_choice":"Card Removal","damage_taken":0,"max_hp_gain":0,"max_hp_loss":0,"event_name":"The Cleric","floor":12,"gold_loss":50},{"cards_removed":["Defend_G"],"damage_healed":0,"gold_gain":0,"player_choice":"Elegance","damage_taken":0,"max_hp_gain":0,"max_hp_loss":0,"event_name":"Back to Basics","floor":21,"gold_loss":0},{"cards_removed":["Strike_G"],"damage_healed":0,"gold_gain":0,"player_choice":"Upgrade and Remove","damage_taken":0,"max_hp_gain":0,"max_hp_loss":0,"event_name":"Designer","floor":30,"gold_loss":90,"cards_upgraded":["Choke"]}],"is_beta":false,"boss_relics":[{"not_picked":["Black Star","Runic Pyramid"],"picked":"Lizard Tail"}],"items_purged_floors":[],"is_endless":false,"potions_floor_spawned":[2,13,18,28,31],"killed_by":"Automaton","ascension_level":0}