{"gold_per_floor":[117,136,149,160,178,178,197,147,147,172,172,207,230,244,244,342,342,356,370,383,323,83,83,94,94,121,135,148,148,180,180,180,275,275,287,137,153,54,54,54,69,82,82,82,32,47,47,66,66,66],"floor_reached":51,"playtime":4439,"items_purged":["Perfected Strike","Strike_R","Strike_R","Thunderclap"],"score":855,"play_id":"c0633893-3e97-4d01-9e82-74c07571ceb9","local_time":"20190720171248","is_ascension_mode":true,"campfire_choices":[{"data":"Clothesline","floor":6,"key":"SMITH"},{"data":"Bloodletting","floor":11,"key":"SMITH"},{"data":"Armaments","floor":15,"key":"SMITH"},{"data":"Double Tap","floor":23,"key":"SMITH"},{"data":"Rage","floor":25,"key":"SMITH"},{"data":"Heavy Blade","floor":29,"key":"SMITH"},{"floor":32,"key":"REST"},{"floor":40,"key":"REST"},{"floor":44,"key":"REST"},{"floor":47,"key":"REST"},{"floor":49,"key":"REST"}],"neow_cost":"NONE","seed_source_timestamp":13088541799698,"circlet_count":0,"master_deck":["Defend_R","Defend_R","Defend_R+1","Defend_R","Bash","Clothesline+1","Offering+1","Pommel Strike","Bloodletting+1","Demon Form","Armaments+1","Headbutt","Rupture","Double Tap+1","Heavy Blade+1","Rage+1","Body Slam","Iron Wave","Pommel Strike+1","Spot Weakness+1","Seeing Red+1","Brutality+1","Combust+1","Heavy Blade+1","Seeing Red+1","Pummel+1"],"relics":["Burning Blood","Bag of Marbles","Smiling Mask","War Paint","Odd Mushroom","Philosopher\u0027s Stone","Lee\u0027s Waffle","Potion Belt","Self Forming Clay","Frozen Egg 2","Fusion Hammer"],"potions_floor_usage":[4,13,19,30,30,33,33,37,37,42,48,50,50,50,50,50],"damage_taken":[{"damage":1,"enemies":"Cultist","floor":1,"turns":4},{"damage":0,"enemies":"Small Slimes","floor":2,"turns":4},{"damage":1,"enemies":"2 Louse","floor":3,"turns":3},{"damage":9,"enemies":"Gremlin Gang","floor":4,"turns":5},{"damage":6,"enemies":"2 Fungi Beasts","floor":5,"turns":2},{"damage":11,"enemies":"3 Louse","floor":7,"turns":3},{"damage":29,"enemies":"Lagavulin","floor":10,"turns":5},{"damage":16,"enemies":"Gremlin Nob","floor":12,"turns":3},{"damage":13,"enemies":"The Mushroom Lair","floor":13,"turns":6},{"damage":21,"enemies":"Lots of Slimes","floor":14,"turns":3},{"damage":31,"enemies":"Hexaghost","floor":16,"turns":5},{"damage":18,"enemies":"Chosen","floor":18,"turns":4},{"damage":9,"enemies":"2 Thieves","floor":19,"turns":2},{"damage":30,"enemies":"Shelled Parasite and Fungi","floor":20,"turns":4},{"damage":34,"enemies":"Centurion and Healer","floor":24,"turns":2},{"damage":21,"enemies":"Sentry and Sphere","floor":27,"turns":4},{"damage":26,"enemies":"Snake Plant","floor":28,"turns":4},{"damage":20,"enemies":"Gremlin Leader","floor":30,"turns":5},{"damage":73,"enemies":"Collector","floor":33,"turns":7},{"damage":36,"enemies":"3 Darklings","floor":35,"turns":4},{"damage":8,"enemies":"3 Shapes","floor":37,"turns":4},{"damage":13,"enemies":"Maw","floor":41,"turns":4},{"damage":17,"enemies":"Transient","floor":42,"turns":5},{"damage":18,"enemies":"Writhing Mass","floor":46,"turns":3},{"damage":15,"enemies":"Maw","floor":48,"turns":4},{"damage":73,"enemies":"Awakened One","floor":50,"turns":5}],"seed_played":"-2588823137748439143","potions_obtained":[{"floor":0,"key":"SmokeBomb"},{"floor":0,"key":"Regen Potion"},{"floor":0,"key":"Block Potion"},{"floor":1,"key":"BloodPotion"},{"floor":10,"key":"Strength Potion"},{"floor":13,"key":"BloodPotion"},{"floor":19,"key":"Fruit Juice"},{"floor":28,"key":"SkillPotion"},{"floor":37,"key":"Explosive Potion"},{"floor":42,"key":"BloodPotion"},{"floor":48,"key":"PowerPotion"}],"is_trial":false,"path_per_floor":["M","M","M","M","M","R","M","?","T","E","R","E","?","M","R","B",null,"M","M","M","?","$","R","M","R","T","M","M","R","E","T","R","B",null,"M","$","M","$","?","R","M","M","T","R","$","M","R","M","R","B",null],"character_chosen":"IRONCLAD","items_purchased":["Lee\u0027s Waffle","EntropicBrew","Block Potion"],"campfire_rested":5,"item_purchase_floors":[22,36,38],"current_hp_per_floor":[77,80,80,77,77,77,72,72,72,49,49,39,47,32,32,7,62,50,47,23,23,87,87,59,59,59,44,24,24,15,15,42,21,74,44,44,42,42,42,69,62,51,51,78,78,66,92,83,92,48],"gold":66,"neow_bonus":"THREE_SMALL_POTIONS","is_prod":false,"is_daily":false,"chose_seed":false,"campfire_upgraded":6,"win_rate":0,"timestamp":1563613968,"path_taken":["M","M","M","?","M","R","M","?","T","E","R","E","?","M","R","BOSS","M","M","M","?","$","R","M","R","T","M","?","R","E","?","R","BOSS","M","$","M","$","?","R","M","?","T","R","?","M","R","M","R","BOSS"],"build_version":"2019-07-17","purchased_purges":4,"victory":true,"max_hp_per_floor":[80,80,80,80,80,80,80,80,80,80,80,80,80,80,80,80,80,80,80,80,80,87,87,87,87,87,87,87,87,92,92,92,92,92,92,92,92,92,92,92,92,92,92,92,92,92,92,92,92,92],"card_choices":[{"not_picked":["Wild Strike","Pommel Strike"],"picked":"Perfected Strike","floor":1},{"not_picked":["Havoc","Warcry"],"picked":"Clothesline","floor":2},{"not_picked":["Infernal Blade","Shrug It Off"],"picked":"Offering","floor":3},{"not_picked":["Sword Boomerang","Battle Trance"],"picked":"Pommel Strike","floor":4},{"not_picked":["Fire Breathing","Clothesline"],"picked":"Thunderclap","floor":5},{"not_picked":["Flex","Warcry"],"picked":"Bloodletting","floor":7},{"not_picked":["Twin Strike","Sever Soul"],"picked":"Demon Form","floor":10},{"not_picked":["Sword Boomerang","Second Wind"],"picked":"Armaments","floor":12},{"not_picked":["Cleave","Sword Boomerang"],"picked":"Headbutt","floor":13},{"not_picked":["Twin Strike","Bloodletting"],"picked":"Rupture","floor":14},{"not_picked":["Offering","Juggernaut"],"picked":"Double Tap","floor":16},{"not_picked":["True Grit","Twin Strike"],"picked":"Heavy Blade","floor":18},{"not_picked":["Headbutt","Dual Wield"],"picked":"Rage","floor":19},{"not_picked":["Armaments+1","Pummel","Sever Soul+1"],"picked":"SKIP","floor":20},{"not_picked":["Flame Barrier+1","Thunderclap"],"picked":"Pommel Strike+1","floor":24},{"not_picked":["Heavy Blade","Infernal Blade+1"],"picked":"Spot Weakness+1","floor":27},{"not_picked":["Flame Barrier","Pommel Strike","Inflame"],"picked":"SKIP","floor":28},{"not_picked":["Clothesline","Shrug It Off"],"picked":"Seeing Red+1","floor":30},{"not_picked":["Feed","Offering"],"picked":"Brutality+1","floor":33},{"not_picked":["Iron Wave","Shockwave","Cleave+1"],"picked":"SKIP","floor":35},{"not_picked":["Iron Wave+1","Burning Pact+1"],"picked":"Combust+1","floor":37},{"not_picked":["Pommel Strike+1","Cleave","Metallicize+1"],"picked":"SKIP","floor":41},{"not_picked":["Cleave","Clothesline+1"],"picked":"Seeing Red+1","floor":42},{"not_picked":["Perfected Strike","Body Slam","Clothesline"],"picked":"SKIP","floor":46},{"not_picked":["Twin Strike","Carnage+1"],"picked":"Pummel+1","floor":48}],"player_experience":268351,"relics_obtained":[{"floor":9,"key":"Bag of Marbles"},{"floor":10,"key":"Smiling Mask"},{"floor":12,"key":"War Paint"},{"floor":13,"key":"Odd Mushroom"},{"floor":26,"key":"Potion Belt"},{"floor":30,"key":"Self Forming Clay"},{"floor":31,"key":"Frozen Egg 2"}],"event_choices":[{"cards_removed":["Strike_R"],"damage_healed":0,"gold_gain":0,"player_choice":"Card Removal","damage_taken":0,"max_hp_gain":0,"max_hp_loss":0,"event_name":"The Cleric","floor":8,"gold_loss":50},{"damage_healed":0,"gold_gain":0,"player_choice":"Fought Mushrooms","damage_taken":0,"max_hp_gain":0,"max_hp_loss":0,"event_name":"Mushrooms","floor":13,"gold_loss":0},{"damage_healed":0,"gold_gain":0,"cards_transformed":["Strike_R","Strike_R"],"player_choice":"Transformed Cards","damage_taken":0,"max_hp_gain":0,"max_hp_loss":0,"event_name":"Designer","floor":21,"gold_loss":60,"cards_obtained":["Body Slam","Iron Wave"]},{"damage_healed":0,"gold_gain":0,"player_choice":"Copied","damage_taken":0,"max_hp_gain":0,"max_hp_loss":0,"event_name":"Duplicator","floor":39,"gold_loss":0,"cards_obtained":["Heavy Blade"]}],"is_beta":false,"boss_relics":[{"not_picked":["Calling Bell","Pandora\u0027s Box"],"picked":"Philosopher\u0027s Stone"},{"not_picked":["Runic Dome","Black Star"],"picked":"Fusion Hammer"}],"items_purged_floors":[22,36,38,45],"is_endless":false,"potions_floor_spawned":[1,10,12,13,19,28,37,42,48],"ascension_level":6}