{"gold_per_floor":[115,133,148,163,173,173,208,11,64,20,20,47,64,74,74,148,148,159,159,209,55,71,71,83,83,109,109,160,174,251,266,266,266],"floor_reached":33,"playtime":1648,"items_purged":["Strike_G"],"score":505,"play_id":"e36a7332-9150-4246-8bb6-fd85a322e0cf","local_time":"20190626192846","is_ascension_mode":true,"campfire_choices":[{"data":"Neutralize","floor":6.0,"key":"SMITH"},{"floor":15.0,"key":"REST"},{"data":"After Image","floor":23,"key":"SMITH"},{"data":"Blade Dance","floor":25,"key":"SMITH"},{"data":"Leg Sweep","floor":27,"key":"SMITH"},{"floor":32,"key":"REST"}],"neow_cost":"NONE","seed_source_timestamp":381423582633958,"circlet_count":0,"master_deck":["AscendersBane","Defend_G","Defend_G","Defend_G","Defend_G","Defend_G","Strike_G","Strike_G","Strike_G","Strike_G","Survivor","Neutralize+1","Predator","Leg Sweep+1","Deadly Poison","Dagger Spray","Deadly Poison","All Out Attack","Backstab","Dash","Caltrops","After Image+1","Decay","PiercingWail","Endless Agony","Crippling Poison","Blade Dance+1","Deflect"],"special_seed":0,"relics":["Lizard Tail","Gremlin Horn","Orichalcum","Tiny Chest","Omamori","Calling Bell","Lantern","Shuriken","FossilizedHelix","Oddly Smooth Stone","Strawberry","Meat on the Bone"],"potions_floor_usage":[22,24,31],"damage_taken":[{"damage":7.0,"enemies":"Cultist","floor":1.0,"turns":5.0},{"damage":5.0,"enemies":"Small Slimes","floor":2.0,"turns":4.0},{"damage":3.0,"enemies":"2 Louse","floor":3.0,"turns":4.0},{"damage":0.0,"enemies":"Red Slaver","floor":4.0,"turns":6.0},{"damage":3.0,"enemies":"Exordium Wildlife","floor":5.0,"turns":5.0},{"damage":22.0,"enemies":"Lagavulin","floor":7.0,"turns":8.0},{"damage":31.0,"enemies":"3 Sentries","floor":12.0,"turns":8.0},{"damage":0.0,"enemies":"3 Louse","floor":13.0,"turns":2.0},{"damage":0.0,"enemies":"Lots of Slimes","floor":14.0,"turns":2.0},{"damage":29.0,"enemies":"The Guardian","floor":16.0,"turns":12.0},{"damage":14,"enemies":"Chosen","floor":18,"turns":5},{"damage":0,"enemies":"3 Byrds","floor":22,"turns":5},{"damage":5,"enemies":"3 Cultists","floor":24,"turns":5},{"damage":38,"enemies":"Cultist and Chosen","floor":29,"turns":6},{"damage":14,"enemies":"Sentry and Sphere","floor":31,"turns":7},{"damage":40,"enemies":"Automaton","floor":33,"turns":6}],"seed_played":"-2320591805836828300","potions_obtained":[{"floor":2.0,"key":"FearPotion"},{"floor":3.0,"key":"LiquidBronze"},{"floor":5.0,"key":"PowerPotion"},{"floor":14.0,"key":"SkillPotion"},{"floor":18,"key":"Weak Potion"},{"floor":22,"key":"Strength Potion"}],"is_trial":false,"path_per_floor":["M","M","M","M","M","R","E","$","T","$","$","E","M","M","R","B",null,"M","?","?","$","M","R","M","R","T","R","T","M","T","M","R","B"],"character_chosen":"THE_SILENT","items_purchased":["All Out Attack","Orichalcum","Backstab","Endless Agony"],"campfire_rested":2,"item_purchase_floors":[8,8,10,21],"current_hp_per_floor":[52,47,44,44,41,41,19,19,19,19,19,26,26,26,45,16,54,40,53,53,53,53,53,48,48,48,48,55,17,17,15,36,0],"gold":266,"neow_bonus":"BOSS_RELIC","is_prod":false,"is_daily":false,"chose_seed":false,"campfire_upgraded":4,"win_rate":0,"timestamp":1561541326,"path_taken":["M","M","M","M","M","R","E","$","T","?","$","E","M","M","R","BOSS","M","?","?","$","M","R","M","R","T","R","?","?","?","M","R","BOSS"],"build_version":"2019-01-23","purchased_purges":1,"victory":false,"max_hp_per_floor":[66,66,66,66,66,66,66,66,66,66,66,66,66,66,66,66,66,66,66,66,66,66,66,66,66,66,66,73,73,73,73,73,73],"card_choices":[{"not_picked":["Poisoned Stab","Masterful Stab"],"picked":"Predator","floor":1.0},{"not_picked":["Noxious Fumes","Catalyst"],"picked":"Leg Sweep","floor":2.0},{"not_picked":["Dodge and Roll","Cloak And Dagger"],"picked":"Deadly Poison","floor":3.0},{"not_picked":["Poisoned Stab","Acrobatics"],"picked":"Dagger Spray","floor":4.0},{"not_picked":["Infinite Blades","Slice"],"picked":"Deadly Poison","floor":5.0},{"not_picked":["A Thousand Cuts","Dagger Spray","Slice"],"picked":"SKIP","floor":7.0},{"not_picked":["Flying Knee","Acrobatics"],"picked":"Dash","floor":12.0},{"not_picked":["Cloak And Dagger","Calculated Gamble"],"picked":"Caltrops","floor":13.0},{"not_picked":["Infinite Blades","Terror","Outmaneuver"],"picked":"SKIP","floor":14.0},{"not_picked":["Envenom","Grand Finale"],"picked":"After Image","floor":16.0},{"not_picked":["Acrobatics","Underhanded Strike"],"picked":"PiercingWail","floor":18},{"not_picked":["Poisoned Stab","Dash"],"picked":"Crippling Poison","floor":22},{"not_picked":["Dagger Spray","Deadly Poison"],"picked":"Blade Dance","floor":24},{"not_picked":["Underhanded Strike","Flying Knee","Deflect"],"picked":"SKIP","floor":29},{"not_picked":["Bane","Prepared"],"picked":"Deflect","floor":31}],"player_experience":586845,"relics_obtained":[{"floor":7.0,"key":"Gremlin Horn"},{"floor":9.0,"key":"Tiny Chest"},{"floor":12.0,"key":"Omamori"},{"floor":17.0,"key":"Lantern"},{"floor":17.0,"key":"Shuriken"},{"floor":17.0,"key":"FossilizedHelix"},{"floor":26,"key":"Oddly Smooth Stone"},{"floor":28,"key":"Strawberry"},{"floor":30,"key":"Meat on the Bone"}],"event_choices":[{"damage_healed":13,"gold_gain":0,"player_choice":"Heal","damage_taken":0,"max_hp_gain":0,"max_hp_loss":0,"event_name":"The Library","floor":19,"gold_loss":0},{"damage_healed":0,"gold_gain":50,"player_choice":"Stole From Cult","damage_taken":0,"max_hp_gain":0,"max_hp_loss":0,"event_name":"Nest","floor":20,"gold_loss":0}],"is_beta":false,"boss_relics":[{"not_picked":["Philosopher\u0027s Stone","Coffee Dripper"],"picked":"Calling Bell"}],"items_purged_floors":[21],"is_endless":false,"potions_floor_spawned":[2,3,4,5,14,16,18,22],"killed_by":"Automaton","ascension_level":19}