{"gold_per_floor":[109,126,126,126,136,136,146,176,176,188,188,216,216,229,229,332,332,346,356,369,117,132,132,167,167,167,195,215,215,11,11,11,111,111,129,129,41,141,141,175,175,195,220,273,298,27,27,27,27,27],"floor_reached":50,"playtime":5578,"items_purged":["Strike_B","Zap","Strike_B+1","Compile Driver+1"],"score":628,"play_id":"629d80d7-27cf-4eff-841c-575bee4c952c","local_time":"20190720020955","is_ascension_mode":true,"campfire_choices":[{"floor":6,"key":"REST"},{"floor":11,"key":"REST"},{"data":"Creative AI","floor":13,"key":"SMITH"},{"floor":15,"key":"REST"},{"floor":23,"key":"REST"},{"floor":25,"key":"REST"},{"floor":32,"key":"REST"},{"floor":41,"key":"REST"},{"floor":47,"key":"RECALL"},{"floor":49,"key":"REST"}],"neow_cost":"NONE","seed_source_timestamp":10399566025000,"circlet_count":0,"master_deck":["Defend_B","Defend_B+1","Defend_B","Defend_B+1","Dualcast","Loop+1","Doom and Gloom","Rebound","Cold Snap","Creative AI+1","Ball Lightning","Redo+1","Conserve Battery+1","Redo+1","Seek+1","Storm+1","Beam Cell+1","Stack+1","Conserve Battery+1","Ball Lightning+1","Ball Lightning+1","Streamline+1","Amplify+1","Self Repair","Rainbow+1","Beam Cell+1","Rip and Tear+1","Storm","Mind Blast+1"],"special_seed":0,"relics":["Cracked Core","Toxic Egg 2","Molten Egg 2","Unceasing Top","Nuclear Battery","Membership Card","Juzu Bracelet","Matryoshka","Bronze Scales","Tiny Chest","War Paint","Busted Crown","Ancient Tea Set","The Courier","Smiling Mask","Lantern","Mango","Orichalcum","Kunai","Ginger"],"potions_floor_usage":[10,12,12,12,12,12,16,20,22,27,44],"damage_taken":[{"damage":12.0,"enemies":"2 Louse","floor":1.0,"turns":3.0},{"damage":0.0,"enemies":"Small Slimes","floor":2.0,"turns":3.0},{"damage":6,"enemies":"Cultist","floor":5,"turns":3},{"damage":9,"enemies":"Exordium Thugs","floor":7,"turns":4},{"damage":14,"enemies":"Lagavulin","floor":8,"turns":8},{"damage":23,"enemies":"Red Slaver","floor":10,"turns":4},{"damage":6,"enemies":"3 Sentries","floor":12,"turns":5},{"damage":9,"enemies":"2 Fungi Beasts","floor":14,"turns":4},{"damage":12,"enemies":"The Guardian","floor":16,"turns":9},{"damage":15,"enemies":"Shell Parasite","floor":18,"turns":4},{"damage":11,"enemies":"3 Byrds","floor":19,"turns":3},{"damage":21,"enemies":"Snake Plant","floor":20,"turns":3},{"damage":10,"enemies":"Snecko","floor":22,"turns":4},{"damage":30,"enemies":"Gremlin Leader","floor":24,"turns":5},{"damage":17,"enemies":"Slavers","floor":27,"turns":4},{"damage":22,"enemies":"Centurion and Healer","floor":28,"turns":4},{"damage":18,"enemies":"Champ","floor":33,"turns":9},{"damage":0,"enemies":"Orb Walker","floor":35,"turns":2},{"damage":69,"enemies":"Reptomancer","floor":40,"turns":5},{"damage":7,"enemies":"3 Shapes","floor":42,"turns":2},{"damage":35,"enemies":"2 Orb Walkers","floor":44,"turns":3},{"damage":18,"enemies":"Giant Head","floor":45,"turns":7},{"damage":58,"enemies":"Time Eater","floor":50,"turns":5}],"seed_played":"-5962223273944767184","potions_obtained":[{"floor":2.0,"key":"EntropicBrew"},{"floor":5,"key":"Ancient Potion"},{"floor":8,"key":"Poison Potion"},{"floor":12,"key":"Strength Potion"},{"floor":16,"key":"Regen Potion"},{"floor":19,"key":"FearPotion"},{"floor":20,"key":"Block Potion"},{"floor":40,"key":"Swift Potion"},{"floor":44,"key":"Explosive Potion"}],"is_trial":false,"path_per_floor":["M","M","?","?","M","R","M","E","T","M","R","E","R","M","R","B",null,"M","M","M","$","M","R","E","R","T","E","M","?","$","?","R","B",null,"M","?","$","?","T","E","R","M","T","?","E","$","R","?","R","B"],"character_chosen":"DEFECT","items_purchased":["Membership Card","Conserve Battery+1","Self Repair","Tiny Chest","War Paint","Beam Cell+1","Kunai","Ginger"],"campfire_rested":8,"item_purchase_floors":[21,21,30,30,30,37,46,46],"current_hp_per_floor":[63,63,48,41,35,57,48,34,34,11,33,27,27,18,40,28,75,60,49,37,37,27,49,19,41,41,24,2,2,2,2,24,13,75,75,75,75,75,75,13,35,42,42,28,24,24,24,24,50,0],"gold":27,"neow_bonus":"TRANSFORM_CARD","is_prod":false,"is_daily":false,"chose_seed":false,"campfire_upgraded":1,"win_rate":0,"timestamp":1563581395,"path_taken":["M","M","?","?","M","R","M","E","T","M","R","E","R","M","R","BOSS","M","M","M","$","M","R","E","R","T","E","M","?","$","?","R","BOSS","M","?","$","?","?","E","R","M","T","?","E","?","R","?","R","BOSS"],"build_version":"2019-07-18","purchased_purges":4,"victory":false,"max_hp_per_floor":[75,75,75,75,75,75,75,75,75,75,75,75,75,75,75,75,75,75,75,75,75,75,75,75,75,75,75,75,75,75,75,75,75,75,75,75,75,75,75,75,75,75,75,89,89,89,89,89,89,89],"card_choices":[{"not_picked":["Cold Snap","Barrage"],"picked":"Doom and Gloom","floor":1.0},{"not_picked":["Leap","Chaos"],"picked":"Rebound","floor":2.0},{"not_picked":["Coolheaded","Barrage"],"picked":"Cold Snap","floor":5},{"not_picked":["Go for the Eyes","Rebound"],"picked":"Creative AI","floor":7},{"not_picked":["Beam Cell","Stack"],"picked":"Ball Lightning","floor":8},{"not_picked":["Undo+1","Stack+1"],"picked":"Redo+1","floor":10},{"not_picked":["Consume+1","Genetic Algorithm+1"],"picked":"Conserve Battery+1","floor":12},{"not_picked":["Coolheaded+1","Turbo+1"],"picked":"Redo+1","floor":14},{"not_picked":["Meteor Strike+1","Creative AI"],"picked":"Seek+1","floor":16},{"not_picked":["Chill+1","Coolheaded+1"],"picked":"Storm","floor":18},{"not_picked":["Ball Lightning+1","Coolheaded+1"],"picked":"Beam Cell+1","floor":19},{"not_picked":["Capacitor","Conserve Battery+1"],"picked":"Stack+1","floor":20},{"not_picked":["Coolheaded+1","Rebound+1"],"picked":"Ball Lightning+1","floor":22},{"not_picked":["Sweeping Beam+1","Cold Snap+1"],"picked":"Ball Lightning+1","floor":24},{"not_picked":["Redo+1","Genetic Algorithm+1"],"picked":"Streamline+1","floor":27},{"not_picked":["Stack+1","Darkness+1"],"picked":"Amplify+1","floor":28},{"not_picked":["Echo Form","Biased Cognition"],"picked":"Rainbow+1","floor":33},{"not_picked":[],"picked":"Compile Driver+1","floor":35},{"not_picked":["Compile Driver+1"],"picked":"SKIP","floor":40},{"not_picked":["Go for the Eyes+1"],"picked":"SKIP","floor":42},{"not_picked":[],"picked":"Rip and Tear+1","floor":45}],"player_experience":156269,"relics_obtained":[{"floor":8,"key":"Toxic Egg 2"},{"floor":9,"key":"Molten Egg 2"},{"floor":12,"key":"Unceasing Top"},{"floor":24,"key":"Juzu Bracelet"},{"floor":26,"key":"Matryoshka"},{"floor":27,"key":"Bronze Scales"},{"floor":39,"key":"Ancient Tea Set"},{"floor":40,"key":"The Courier"},{"floor":43,"key":"Smiling Mask"},{"floor":43,"key":"Lantern"},{"floor":44,"key":"Mango"},{"floor":45,"key":"Orichalcum"}],"event_choices":[{"damage_healed":0.0,"max_hp_gain":0.0,"max_hp_loss":0.0,"gold_gain":0.0,"event_name":"Shining Light","player_choice":"Entered Light","floor":3.0,"gold_loss":0.0,"damage_taken":15.0,"cards_upgraded":["Strike_B","Loop"]},{"cards_removed":["Strike_B"],"damage_healed":0.0,"max_hp_gain":0.0,"max_hp_loss":0.0,"gold_gain":0.0,"event_name":"Golden Wing","player_choice":"Card Removal","floor":4.0,"gold_loss":0.0,"damage_taken":7.0},{"damage_healed":0,"gold_gain":0,"player_choice":"Bought 0 Potions","damage_taken":0,"max_hp_gain":0,"max_hp_loss":0,"event_name":"The Woman in Blue","floor":29,"gold_loss":0},{"damage_healed":0,"gold_gain":0,"player_choice":"Ignored","damage_taken":0,"max_hp_gain":0,"max_hp_loss":0,"event_name":"Vampires","floor":31,"gold_loss":0},{"damage_healed":0,"gold_gain":0,"player_choice":"Upgraded","damage_taken":0,"max_hp_gain":0,"max_hp_loss":0,"event_name":"Upgrade Shrine","floor":36,"gold_loss":0,"cards_upgraded":["Storm"]},{"damage_healed":0,"gold_gain":100,"player_choice":"Pray","damage_taken":0,"max_hp_gain":0,"max_hp_loss":0,"event_name":"Golden Shrine","floor":38,"gold_loss":0},{"damage_healed":0,"gold_gain":0,"player_choice":"Fight","damage_taken":0,"max_hp_gain":0,"max_hp_loss":0,"event_name":"Mysterious Sphere","floor":44,"gold_loss":0},{"damage_healed":0,"gold_gain":0,"player_choice":"2 cards matched","damage_taken":0,"max_hp_gain":0,"max_hp_loss":0,"event_name":"Match and Keep!","floor":48,"gold_loss":0,"cards_obtained":["Storm","Mind Blast"]}],"is_beta":true,"boss_relics":[{"not_picked":["Coffee Dripper","Ectoplasm"],"picked":"Nuclear Battery"},{"not_picked":["Astrolabe","Black Star"],"picked":"Busted Crown"}],"items_purged_floors":[21,30,37,46],"is_endless":false,"potions_floor_spawned":[2,5,8,12,16,19,20,40,44],"killed_by":"Time Eater","ascension_level":3}