{"gold_per_floor":[109,119,129,147,147,147,147,177,177,177,30,43,54,54,54,54],"floor_reached":16,"playtime":689,"items_purged":[],"score":173,"play_id":"43a54a27-13a1-480b-82f4-25368109d476","local_time":"20181212190425","is_ascension_mode":true,"campfire_choices":[{"data":"Neutralize","floor":6,"key":"SMITH"},{"data":"Cloak And Dagger","floor":10,"key":"SMITH"},{"data":"Leg Sweep","floor":15,"key":"SMITH"}],"neow_cost":"NONE","seed_source_timestamp":388768629477683,"circlet_count":0,"master_deck":["AscendersBane","Defend_G","Defend_G","Defend_G","Defend_G","Defend_G","Strike_G","Strike_G","Strike_G","Strike_G+1","Survivor","Neutralize+1","Dash","Predator","Cloak And Dagger+1","Escape Plan","Backflip","Leg Sweep+1","Quick Slash+1"],"relics":["Orrery","Omamori","Oddly Smooth Stone","Whetstone"],"potions_floor_usage":[8],"damage_taken":[{"damage":4,"enemies":"Small Slimes","floor":1,"turns":3},{"damage":0,"enemies":"2 Louse","floor":2,"turns":3},{"damage":4,"enemies":"Jaw Worm","floor":3,"turns":4},{"damage":1,"enemies":"3 Louse","floor":4,"turns":4},{"damage":20,"enemies":"Lagavulin","floor":8,"turns":8},{"damage":0,"enemies":"Large Slime","floor":12,"turns":6},{"damage":2,"enemies":"Looter","floor":13,"turns":3},{"damage":25,"enemies":"Hexaghost","floor":16,"turns":14}],"seed_played":"169690652679070500","potions_obtained":[{"floor":1,"key":"Block Potion"},{"floor":3,"key":"FearPotion"},{"floor":4,"key":"Energy Potion"},{"floor":8,"key":"Explosive Potion"}],"is_trial":false,"path_per_floor":["M","M","M","M","?","R","?","E","T","R","$","M","M","$","R","B"],"character_chosen":"THE_SILENT","items_purchased":["Whetstone"],"campfire_rested":0,"item_purchase_floors":[11],"current_hp_per_floor":[55,55,51,50,43,43,43,23,23,23,23,23,21,21,21,0],"gold":54,"neow_bonus":"BOSS_RELIC","is_prod":false,"is_daily":false,"chose_seed":false,"campfire_upgraded":3,"win_rate":0,"timestamp":1544601865,"path_taken":["M","M","M","M","?","R","?","E","T","R","$","M","M","?","R","BOSS"],"build_version":"2018-12-11","purchased_purges":0,"victory":false,"max_hp_per_floor":[66,66,66,66,66,66,66,66,66,66,66,66,66,66,66,66],"card_choices":[{"not_picked":["Dagger Throw","Tactician"],"picked":"Dash","floor":0},{"not_picked":["Dagger Throw","Wraith Form v2"],"picked":"Predator","floor":0},{"not_picked":["Backflip","Underhanded Strike"],"picked":"Cloak And Dagger","floor":0},{"not_picked":["Bouncing Flask","Deflect"],"picked":"Escape Plan","floor":0},{"not_picked":["Predator","Acrobatics"],"picked":"Backflip","floor":0},{"not_picked":["Distraction","Poisoned Stab"],"picked":"Leg Sweep","floor":1},{"not_picked":["Accuracy","Reflex"],"picked":"Quick Slash","floor":2},{"not_picked":["Leg Sweep","Tactician","Prepared"],"picked":"SKIP","floor":3},{"not_picked":["Cloak And Dagger","Flying Knee","Underhanded Strike"],"picked":"SKIP","floor":4},{"not_picked":["Sucker Punch","Reflex","Leg Sweep"],"picked":"SKIP","floor":8},{"not_picked":["Setup","Accuracy","Masterful Stab"],"picked":"SKIP","floor":12},{"not_picked":["Setup","Accuracy","Masterful Stab"],"picked":"SKIP","floor":12},{"not_picked":["Reflex","Dash","Dagger Spray"],"picked":"SKIP","floor":13}],"player_experience":468901,"relics_obtained":[{"floor":8,"key":"Omamori"},{"floor":9,"key":"Oddly Smooth Stone"}],"event_choices":[{"cards_removed":["Strike_G"],"damage_healed":0,"gold_gain":0,"player_choice":"Card Removal","damage_taken":7,"max_hp_gain":0,"max_hp_loss":0,"event_name":"Golden Wing","floor":5,"gold_loss":0},{"damage_healed":0,"gold_gain":0,"player_choice":"Fled","damage_taken":0,"max_hp_gain":0,"max_hp_loss":0,"event_name":"Scrap Ooze","floor":7,"gold_loss":0}],"is_beta":true,"boss_relics":[],"items_purged_floors":[],"is_endless":false,"potions_floor_spawned":[1,3,4,8],"killed_by":"Hexaghost","ascension_level":14}