{"gold_per_floor":[114,131,151,170,185,185,213,213,259,259,276,311,311,326,326,402,402,417,433,279,299,51,51,51,51,104,115,115,115,15,35,35,35],"floor_reached":33,"playtime":3190,"items_purged":["Strike_R","Writhe"],"score":488,"play_id":"ae66e72b-2cbd-4a50-a91a-ddaf2108276f","local_time":"20190720121900","is_ascension_mode":true,"campfire_choices":[{"data":"Immolate","floor":6.0,"key":"SMITH"},{"data":"True Grit","floor":10.0,"key":"SMITH"},{"data":"Whirlwind","floor":13.0,"key":"SMITH"},{"data":"Disarm","floor":15.0,"key":"SMITH"},{"floor":23,"key":"REST"},{"floor":29,"key":"REST"},{"floor":32,"key":"REST"}],"neow_cost":"NONE","seed_source_timestamp":0,"circlet_count":0,"master_deck":["AscendersBane","Strike_R","Strike_R","Strike_R","Strike_R","Defend_R","Defend_R","Defend_R","Defend_R","Bash","Cleave","True Grit+1","Inflame","Immolate+1","Whirlwind+1","Heavy Blade","Disarm+1","Clothesline","Reaper","Carnage+1","Armaments","Battle Trance","Pummel+1"],"special_seed":0,"relics":["Burning Blood","Ancient Tea Set","Red Skull","Bronze Scales","Paper Frog","Velvet Choker","Singing Bowl","Letter Opener","Centennial Puzzle","Mummified Hand"],"potions_floor_usage":[33],"damage_taken":[{"damage":1.0,"enemies":"Cultist","floor":1.0,"turns":4.0},{"damage":3.0,"enemies":"Jaw Worm","floor":2.0,"turns":5.0},{"damage":0.0,"enemies":"Small Slimes","floor":3.0,"turns":5.0},{"damage":19.0,"enemies":"Red Slaver","floor":4.0,"turns":5.0},{"damage":13.0,"enemies":"3 Louse","floor":5.0,"turns":3.0},{"damage":5.0,"enemies":"3 Sentries","floor":7.0,"turns":3.0},{"damage":6.0,"enemies":"Looter","floor":11.0,"turns":3.0},{"damage":24.0,"enemies":"Gremlin Nob","floor":12.0,"turns":4.0},{"damage":0.0,"enemies":"Red Slaver","floor":14.0,"turns":2.0},{"damage":17.0,"enemies":"Hexaghost","floor":16.0,"turns":8.0},{"damage":17.0,"enemies":"Spheric Guardian","floor":18.0,"turns":4.0},{"damage":20.0,"enemies":"Shell Parasite","floor":19.0,"turns":6.0},{"damage":32.0,"enemies":"Cultist and Chosen","floor":21.0,"turns":5.0},{"damage":15,"enemies":"Slavers","floor":24,"turns":3},{"damage":34,"enemies":"Shelled Parasite and Fungi","floor":27,"turns":4},{"damage":2,"enemies":"Snecko","floor":31,"turns":3},{"damage":72,"enemies":"Collector","floor":33,"turns":8}],"seed_played":"8435198447922102235","potions_obtained":[{"floor":3.0,"key":"Explosive Potion"},{"floor":5.0,"key":"Block Potion"},{"floor":12.0,"key":"Dexterity Potion"},{"floor":21.0,"key":"Fire Potion"}],"is_trial":false,"path_per_floor":["M","M","M","M","M","R","E","$","T","R","M","E","R","M","R","B",null,"M","M","$","M","$","R","E","?","T","M","T","R","$","M","R","B"],"character_chosen":"IRONCLAD","items_purchased":["Battle Trance","Singing Bowl"],"campfire_rested":3,"item_purchase_floors":[20,22],"current_hp_per_floor":[73,75,75,62,55,55,56,56,56,56,56,38,38,44,44,33,65,54,40,40,22,22,44,35,35,35,9,9,32,32,38,61,0],"gold":35,"neow_bonus":"RANDOM_COMMON_RELIC","is_prod":false,"is_daily":false,"chose_seed":false,"campfire_upgraded":4,"win_rate":0,"timestamp":1563596340,"path_taken":["M","M","M","M","M","R","E","$","T","R","M","E","R","M","R","BOSS","M","?","$","M","$","R","E","?","T","M","?","R","$","M","R","BOSS"],"build_version":"2019-07-17","purchased_purges":2,"victory":false,"max_hp_per_floor":[75,75,75,75,75,75,75,75,75,75,75,75,75,75,75,75,75,75,75,75,75,75,75,75,75,75,77,77,77,77,79,79,79],"card_choices":[{"not_picked":["Seeing Red","Shrug It Off"],"picked":"Cleave","floor":1.0},{"not_picked":["Hemokinesis","Flex"],"picked":"True Grit","floor":2.0},{"not_picked":["Seeing Red","Thunderclap"],"picked":"Inflame","floor":3.0},{"not_picked":["Havoc","Inflame"],"picked":"Immolate","floor":4.0},{"not_picked":["Burning Pact","Thunderclap","Bloodletting"],"picked":"SKIP","floor":5.0},{"not_picked":["Sever Soul","Battle Trance"],"picked":"Whirlwind","floor":7.0},{"not_picked":["Flex","Clothesline"],"picked":"Heavy Blade","floor":11.0},{"not_picked":["Battle Trance","Metallicize"],"picked":"Disarm","floor":12.0},{"not_picked":["Iron Wave","Burning Pact"],"picked":"Clothesline","floor":14.0},{"not_picked":["Berserk","Double Tap"],"picked":"Reaper","floor":16.0},{"not_picked":["Perfected Strike","Body Slam"],"picked":"Carnage+1","floor":18.0},{"not_picked":["Perfected Strike","Burning Pact+1"],"picked":"Armaments","floor":19.0},{"not_picked":["Clash","Searing Blow"],"picked":"Pummel+1","floor":21.0},{"not_picked":["Dual Wield","Shrug It Off","True Grit"],"picked":"Singing Bowl","floor":27},{"not_picked":["Uppercut","Flex","Shockwave"],"picked":"Singing Bowl","floor":31}],"player_experience":863422,"relics_obtained":[{"floor":7.0,"key":"Red Skull"},{"floor":9.0,"key":"Bronze Scales"},{"floor":12.0,"key":"Paper Frog"},{"floor":26,"key":"Centennial Puzzle"},{"floor":28,"key":"Mummified Hand"}],"event_choices":[{"damage_healed":0,"gold_gain":0,"player_choice":"Opened","damage_taken":0,"relics_obtained":["Letter Opener"],"max_hp_gain":0,"max_hp_loss":0,"event_name":"The Mausoleum","floor":25,"gold_loss":0,"cards_obtained":["Writhe"]}],"is_beta":false,"boss_relics":[{"not_picked":["Tiny House","Snecko Eye"],"picked":"Velvet Choker"}],"items_purged_floors":[20,30],"is_endless":false,"potions_floor_spawned":[3,5,12,14,16,18,19,21,31],"killed_by":"Collector","ascension_level":15}