{"gold_per_floor":[114,114,124,224,241,271,271,290,290,290,31,31,49,78,78,175,175,186,285,305,305,305,336,336,336,336,354,354,370,261,277,277,375,375,395,405,415,415,15,15,25,36,110,110,110,123,123,134,134,134],"floor_reached":51,"playtime":6477,"items_purged":["Strike_G","Strike_G"],"score":704,"play_id":"fc38f737-5772-4e43-b8ea-7f1f37a053cc","local_time":"20190629011405","is_ascension_mode":false,"campfire_choices":[{"data":"Envenom","floor":7,"key":"SMITH"},{"floor":10,"key":"REST"},{"floor":12,"key":"REST"},{"floor":15,"key":"REST"},{"floor":24,"key":"REST"},{"floor":25,"key":"REST"},{"floor":32,"key":"REST"},{"floor":40,"key":"REST"},{"floor":45,"key":"REST"},{"floor":47,"key":"REST"},{"floor":49,"key":"REST"}],"neow_cost":"NONE","seed_source_timestamp":473665252577077,"circlet_count":0,"master_deck":["Defend_G","Defend_G+1","Defend_G","Defend_G","Defend_G","Strike_G","Strike_G","Survivor+1","Neutralize","Envenom+1","Poisoned Stab","Dramatic Entrance","Deadly Poison","Flying Knee","Unload","Bouncing Flask","Sucker Punch","Noxious Fumes","Sadistic Nature","Glass Knife","Dagger Spray+1","Dagger Throw+1","PiercingWail","Catalyst","Poisoned Stab+1","Catalyst","Cloak And Dagger+1","Venomology","Acrobatics+1","Poisoned Stab+1","Poisoned Stab+1","Bane","Catalyst","Leg Sweep+1","Calculated Gamble+1"],"relics":["Ring of the Snake","War Paint","Bottled Lightning","Tingsha","Black Star","Bird Faced Urn","WingedGreaves","Dodecahedron","Philosopher\u0027s Stone","Toy Ornithopter","Mummified Hand"],"potions_floor_usage":[33,36,36,37,37,37,41,46,46,50,50,50,50,50,50],"damage_taken":[{"damage":1,"enemies":"Cultist","floor":1,"turns":4},{"damage":1,"enemies":"Jaw Worm","floor":3,"turns":5},{"damage":0,"enemies":"2 Louse","floor":5,"turns":2},{"damage":15,"enemies":"Gremlin Nob","floor":6,"turns":4},{"damage":28,"enemies":"Large Slime","floor":8,"turns":5},{"damage":4,"enemies":"Looter","floor":13,"turns":3},{"damage":20,"enemies":"3 Sentries","floor":14,"turns":6},{"damage":16,"enemies":"Slime Boss","floor":16,"turns":6},{"damage":7,"enemies":"Chosen","floor":18,"turns":5},{"damage":19,"enemies":"2 Thieves","floor":20,"turns":4},{"damage":43,"enemies":"Slavers","floor":23,"turns":5},{"damage":8,"enemies":"Cultist and Chosen","floor":27,"turns":6},{"damage":2,"enemies":"Chosen and Byrds","floor":29,"turns":4},{"damage":19,"enemies":"Centurion and Healer","floor":31,"turns":5},{"damage":68,"enemies":"Champ","floor":33,"turns":9},{"damage":9,"enemies":"Orb Walker","floor":35,"turns":3},{"damage":10,"enemies":"3 Shapes","floor":36,"turns":2},{"damage":22,"enemies":"3 Darklings","floor":37,"turns":4},{"damage":33,"enemies":"Jaw Worm Horde","floor":41,"turns":4},{"damage":1,"enemies":"Transient","floor":42,"turns":5},{"damage":38,"enemies":"Sphere and 2 Shapes","floor":46,"turns":5},{"damage":17,"enemies":"Maw","floor":48,"turns":5},{"damage":92,"enemies":"Donu and Deca","floor":50,"turns":10}],"seed_played":"8328955609798176590","potions_obtained":[{"floor":1,"key":"Weak Potion"},{"floor":5,"key":"FairyPotion"},{"floor":13,"key":"EntropicBrew"},{"floor":33,"key":"EssenceOfSteel"},{"floor":35,"key":"LiquidBronze"},{"floor":44,"key":"Weak Potion"},{"floor":46,"key":"GhostInAJar"},{"floor":48,"key":"LiquidBronze"}],"is_trial":false,"path_per_floor":["M","?","M","?","M","E","R","M","T","R","$","R","M","E","R","B",null,"M","?","M","?","?","E","R","R","T","M","?","M","$","M","R","B",null,"M","M","M","?","$","R","M","M","T","?","R","M","R","M","R","B",null],"character_chosen":"THE_SILENT","items_purchased":["Noxious Fumes","Sadistic Nature","Catalyst","Bane","Toy Ornithopter","Catalyst"],"campfire_rested":10,"item_purchase_floors":[11,11,30,39,39,39],"current_hp_per_floor":[69,69,68,68,68,53,53,25,25,46,46,67,63,43,64,48,70,63,63,44,44,44,1,22,43,43,41,41,45,45,32,53,7,70,61,55,37,37,37,58,32,37,37,37,58,36,57,44,65,9],"gold":134,"neow_bonus":"TRANSFORM_CARD","is_prod":false,"is_daily":false,"chose_seed":false,"campfire_upgraded":1,"win_rate":0.0,"timestamp":1561742045,"path_taken":["M","?","?","?","?","E","R","M","T","R","$","R","M","E","R","BOSS","M","?","M","?","?","E","R","R","T","M","?","M","$","M","R","BOSS","M","?","M","?","$","R","M","M","T","?","R","M","R","M","R","BOSS"],"build_version":"2019-01-23","purchased_purges":2,"victory":true,"max_hp_per_floor":[70,70,70,70,70,70,70,70,70,70,70,70,70,70,70,70,70,70,70,70,70,70,70,70,70,70,70,70,70,70,70,70,70,70,70,70,70,70,70,70,70,70,70,70,70,70,70,70,70,70],"card_choices":[{"not_picked":["Dagger Throw","Cloak And Dagger"],"picked":"Poisoned Stab","floor":1},{"not_picked":["Riddle With Holes","Acrobatics"],"picked":"Flying Knee","floor":3},{"not_picked":["Dodge and Roll","Footwork"],"picked":"Unload","floor":5},{"not_picked":["Outmaneuver","Eviscerate"],"picked":"Bouncing Flask","floor":6},{"not_picked":["Outmaneuver","Prepared"],"picked":"Sucker Punch","floor":8},{"not_picked":["PiercingWail","Leg Sweep","Caltrops"],"picked":"SKIP","floor":13},{"not_picked":["Backflip","Tactician","PiercingWail"],"picked":"SKIP","floor":14},{"not_picked":["Wraith Form v2","Night Terror"],"picked":"Glass Knife","floor":16},{"not_picked":["Prepared","Outmaneuver"],"picked":"Dagger Spray+1","floor":18},{"not_picked":["Accuracy","Crippling Poison"],"picked":"Dagger Throw+1","floor":20},{"not_picked":["Flying Knee+1","Quick Slash"],"picked":"PiercingWail","floor":23},{"not_picked":["Sucker Punch","Dagger Spray"],"picked":"Catalyst","floor":27},{"not_picked":["Dodge and Roll+1","Dagger Spray"],"picked":"Poisoned Stab+1","floor":29},{"not_picked":["Blade Dance+1","Distraction"],"picked":"Cloak And Dagger+1","floor":31},{"not_picked":["Storm of Steel","Doppelganger"],"picked":"Venomology","floor":33},{"not_picked":["Tactician+1","Terror+1"],"picked":"Acrobatics+1","floor":35},{"not_picked":["Acrobatics+1","Deadly Poison"],"picked":"Poisoned Stab+1","floor":36},{"not_picked":["Reflex","Masterful Stab"],"picked":"Poisoned Stab+1","floor":37},{"not_picked":["Footwork","Reflex+1","Skewer+1"],"picked":"SKIP","floor":41},{"not_picked":["Cloak And Dagger","Infinite Blades+1"],"picked":"Leg Sweep+1","floor":42},{"not_picked":["Prepared","Backflip"],"picked":"Calculated Gamble+1","floor":46},{"not_picked":["Masterful Stab+1","Quick Slash","Underhanded Strike+1"],"picked":"SKIP","floor":48}],"player_experience":51746,"relics_obtained":[{"floor":6,"key":"War Paint"},{"floor":9,"key":"Bottled Lightning"},{"floor":14,"key":"Tingsha"},{"floor":23,"key":"Bird Faced Urn"},{"floor":23,"key":"WingedGreaves"},{"floor":26,"key":"Dodecahedron"},{"floor":43,"key":"Mummified Hand"}],"event_choices":[{"damage_healed":0,"gold_gain":0,"player_choice":"2 cards matched","damage_taken":0,"max_hp_gain":0,"max_hp_loss":0,"event_name":"Match and Keep!","floor":2,"gold_loss":0,"cards_obtained":["Dramatic Entrance","Deadly Poison"]},{"damage_healed":0,"gold_gain":100,"player_choice":"Pray","damage_taken":0,"max_hp_gain":0,"max_hp_loss":0,"event_name":"Golden Shrine","floor":4,"gold_loss":0},{"damage_healed":0,"gold_gain":99,"player_choice":"Stole From Cult","damage_taken":0,"max_hp_gain":0,"max_hp_loss":0,"event_name":"Nest","floor":19,"gold_loss":0},{"damage_healed":0,"gold_gain":0,"player_choice":"Ignored","damage_taken":0,"max_hp_gain":0,"max_hp_loss":0,"event_name":"Vampires","floor":21,"gold_loss":0},{"damage_healed":0,"gold_gain":0,"player_choice":"Ignored","damage_taken":0,"max_hp_gain":0,"max_hp_loss":0,"event_name":"Cursed Tome","floor":22,"gold_loss":0},{"damage_healed":0,"gold_gain":0,"player_choice":"Bought 0 Potions","damage_taken":0,"max_hp_gain":0,"max_hp_loss":0,"event_name":"The Woman in Blue","floor":28,"gold_loss":0},{"damage_healed":0,"gold_gain":0,"player_choice":"Ignored","damage_taken":0,"max_hp_gain":0,"max_hp_loss":0,"event_name":"Mysterious Sphere","floor":38,"gold_loss":0},{"damage_healed":0,"gold_gain":0,"player_choice":"Got Potions","damage_taken":0,"max_hp_gain":0,"max_hp_loss":0,"event_name":"Lab","floor":44,"gold_loss":0}],"is_beta":false,"boss_relics":[{"not_picked":["Empty Cage","Lizard Tail"],"picked":"Black Star"},{"not_picked":["Runic Dome","Sozu"],"picked":"Philosopher\u0027s Stone"}],"items_purged_floors":[30,39],"is_endless":false,"potions_floor_spawned":[1,5,13,23,31,33,35,42,46,48],"ascension_level":0}