{"gold_per_floor":[118,131,148,159,81,109,109,126,126,159,177,4,23,23,23,152,152,170,193,209,209,223,223,247,247,247,0,13,13,46,67,67,67],"floor_reached":33,"playtime":3745,"items_purged":["Injury"],"score":283,"play_id":"fe84a1ba-2c7c-41a7-8926-825234127a69","local_time":"20190706185333","is_ascension_mode":false,"campfire_choices":[{"floor":7,"key":"REST"},{"floor":15,"key":"REST"},{"floor":23,"key":"REST"},{"floor":25,"key":"REST"},{"floor":29,"key":"REST"},{"floor":32,"key":"REST"}],"neow_cost":"NONE","seed_source_timestamp":10060893343900,"circlet_count":0,"master_deck":["Strike_R","Strike_R","Strike_R","Strike_R","Strike_R","Defend_R","Defend_R","Defend_R","Defend_R","Bash","Flex","Perfected Strike","Armaments","Fire Breathing","Searing Blow","Anger","Iron Wave","Bludgeon+1","Rage","Apotheosis","Rampage+1","Barricade","Clothesline+1","Body Slam+1","Clothesline+1","Perfected Strike+1","Perfected Strike+1","Inflame+1","Rage+1"],"relics":["Black Blood","Molten Egg 2","Bag of Preparation","Golden Idol","Enchiridion","Kunai","Boot","Thread and Needle"],"potions_floor_usage":[2,13,13,16,20,22,24,31,31],"damage_taken":[{"damage":2,"enemies":"Small Slimes","floor":1,"turns":4},{"damage":1,"enemies":"2 Louse","floor":2,"turns":2},{"damage":6,"enemies":"Jaw Worm","floor":3,"turns":2},{"damage":4,"enemies":"Gremlin Gang","floor":4,"turns":4},{"damage":53,"enemies":"Lagavulin","floor":6,"turns":7},{"damage":11,"enemies":"2 Fungi Beasts","floor":8,"turns":3},{"damage":26,"enemies":"Gremlin Nob","floor":10,"turns":5},{"damage":3,"enemies":"Red Slaver","floor":11,"turns":2},{"damage":7,"enemies":"Exordium Thugs","floor":13,"turns":5},{"damage":31,"enemies":"The Guardian","floor":16,"turns":8},{"damage":39,"enemies":"3 Byrds","floor":18,"turns":9},{"damage":18,"enemies":"Shell Parasite","floor":19,"turns":8},{"damage":27,"enemies":"Snake Plant","floor":20,"turns":7},{"damage":4,"enemies":"Snecko","floor":22,"turns":4},{"damage":40,"enemies":"Sentry and Sphere","floor":24,"turns":7},{"damage":24,"enemies":"Shelled Parasite and Fungi","floor":28,"turns":6},{"damage":46,"enemies":"Book of Stabbing","floor":30,"turns":5},{"damage":18,"enemies":"Snake Plant","floor":31,"turns":4},{"damage":71,"enemies":"Automaton","floor":33,"turns":6}],"seed_played":"-8461068749686906236","potions_obtained":[{"floor":1,"key":"Strength Potion"},{"floor":6,"key":"Ancient Potion"},{"floor":11,"key":"Regen Potion"},{"floor":13,"key":"EssenceOfSteel"},{"floor":19,"key":"SpeedPotion"},{"floor":20,"key":"Fire Potion"},{"floor":22,"key":"Swift Potion"},{"floor":24,"key":"PowerPotion"},{"floor":30,"key":"Dexterity Potion"}],"is_trial":false,"path_per_floor":["M","M","M","M","$","E","R","M","T","E","M","$","M","?","R","B",null,"M","M","M","?","M","R","M","R","T","$","M","R","E","M","R","B"],"character_chosen":"IRONCLAD","items_purchased":["Searing Blow","Apotheosis","Boot","Perfected Strike+1"],"campfire_rested":6,"item_purchase_floors":[5,12,27,27],"current_hp_per_floor":[88,88,88,88,88,41,67,62,62,42,45,45,58,58,84,59,88,59,51,34,18,24,50,20,46,46,46,32,58,22,14,40,0],"gold":67,"neow_bonus":"TEN_PERCENT_HP_BONUS","is_prod":false,"is_daily":false,"chose_seed":false,"campfire_upgraded":0,"win_rate":0,"timestamp":1562432013,"path_taken":["M","M","M","M","$","E","R","M","T","E","M","$","M","?","R","BOSS","M","M","M","?","M","R","M","R","T","$","M","R","E","M","R","BOSS"],"build_version":"2019-07-05","purchased_purges":1,"victory":false,"max_hp_per_floor":[88,88,88,88,88,88,88,88,88,88,88,88,88,88,88,88,88,88,88,88,88,88,88,88,88,88,88,88,88,88,88,88,88],"card_choices":[{"not_picked":["True Grit","Thunderclap"],"picked":"Flex","floor":1},{"not_picked":["Combust","Bloodletting"],"picked":"Perfected Strike","floor":2},{"not_picked":["Thunderclap","Anger"],"picked":"Armaments","floor":3},{"not_picked":["Thunderclap","Dark Embrace"],"picked":"Fire Breathing","floor":4},{"not_picked":["Clothesline","Twin Strike"],"picked":"Anger","floor":6},{"not_picked":["Headbutt","Carnage"],"picked":"Iron Wave","floor":8},{"not_picked":["Heavy Blade+1","Second Wind"],"picked":"Bludgeon+1","floor":10},{"not_picked":["Warcry","Sword Boomerang+1"],"picked":"Rage","floor":11},{"not_picked":["Hemokinesis+1","Whirlwind+1"],"picked":"Rampage+1","floor":13},{"not_picked":["Dark Embrace","Feed+1"],"picked":"Barricade","floor":16},{"not_picked":["Feel No Pain+1","Flex"],"picked":"Clothesline+1","floor":18},{"not_picked":["True Grit","Pommel Strike+1"],"picked":"Body Slam+1","floor":19},{"not_picked":["Fire Breathing","Combust"],"picked":"Clothesline+1","floor":20},{"not_picked":["Clothesline+1","Fire Breathing","True Grit+1"],"picked":"SKIP","floor":22},{"not_picked":["Dark Embrace","Thunderclap+1"],"picked":"Perfected Strike+1","floor":24},{"not_picked":["Anger+1","Hemokinesis+1"],"picked":"Inflame+1","floor":28},{"not_picked":["Pommel Strike+1","Shrug It Off+1"],"picked":"Rage+1","floor":30},{"not_picked":["Clash+1","Uppercut+1","True Grit"],"picked":"SKIP","floor":31}],"player_experience":40637,"relics_obtained":[{"floor":9,"key":"Molten Egg 2"},{"floor":10,"key":"Bag of Preparation"},{"floor":21,"key":"Enchiridion"},{"floor":26,"key":"Kunai"},{"floor":30,"key":"Thread and Needle"}],"event_choices":[{"damage_healed":0,"gold_gain":0,"player_choice":"Take Wound","damage_taken":0,"relics_obtained":["Golden Idol"],"max_hp_gain":0,"max_hp_loss":0,"event_name":"Golden Idol","floor":14,"gold_loss":0,"cards_obtained":["Injury"]},{"damage_healed":0,"gold_gain":0,"player_choice":"Obtained Book","damage_taken":16,"max_hp_gain":0,"max_hp_loss":0,"event_name":"Cursed Tome","floor":21,"gold_loss":0}],"is_beta":false,"boss_relics":[{"not_picked":["White Beast Statue","Black Star"],"picked":"Black Blood"}],"items_purged_floors":[27],"is_endless":false,"potions_floor_spawned":[1,6,11,13,19,20,22,24,30],"killed_by":"Automaton","ascension_level":0}