{"gold_per_floor":[118,138,138,138,150,150,169,169,194,194,194,224,125,144,144,244,244,263,244,343,63,76,76,87,87,87,135,135],"floor_reached":28,"playtime":4357,"items_purged":["Strike_R"],"score":229,"play_id":"eb81d14b-b2e5-4224-b65e-ddff2ff48d0d","local_time":"20190720021841","is_ascension_mode":true,"campfire_choices":[{"data":"Clothesline","floor":6,"key":"SMITH"},{"data":"Armaments","floor":8,"key":"SMITH"},{"floor":11,"key":"RECALL"},{"data":"Shrug It Off","floor":15,"key":"SMITH"},{"floor":23,"key":"REST"},{"floor":25,"key":"REST"}],"neow_cost":"NONE","seed_source_timestamp":874429114763448,"circlet_count":0,"master_deck":["Strike_R","Strike_R","Strike_R","Strike_R","Defend_R","Defend_R","Defend_R","Defend_R","Bash","Clothesline+1","Uppercut+1","Infernal Blade","Armaments+1","Shrug It Off+1","Sword Boomerang","Juggernaut","Spot Weakness+1","Pommel Strike+1","Burning Pact","Second Wind"],"relics":["Burning Blood","Happy Flower","Question Card","Boot","White Beast Statue","HandDrill","Frozen Egg 2","Dream Catcher"],"potions_floor_usage":[16,16,22,28,28],"damage_taken":[{"damage":16,"enemies":"Jaw Worm","floor":1,"turns":5},{"damage":0,"enemies":"Small Slimes","floor":2,"turns":2},{"damage":0,"enemies":"Cultist","floor":5,"turns":3},{"damage":13,"enemies":"Exordium Thugs","floor":7,"turns":4},{"damage":16,"enemies":"Lagavulin","floor":12,"turns":5},{"damage":5,"enemies":"3 Louse","floor":14,"turns":4},{"damage":20,"enemies":"The Guardian","floor":16,"turns":11},{"damage":19,"enemies":"Spheric Guardian","floor":18,"turns":6},{"damage":30,"enemies":"2 Thieves","floor":19,"turns":4},{"damage":41,"enemies":"Sentry and Sphere","floor":22,"turns":6},{"damage":8,"enemies":"Snecko","floor":24,"turns":5},{"damage":82,"enemies":"Slavers","floor":28,"turns":5}],"seed_played":"-2766453219050297310","potions_obtained":[{"floor":5,"key":"Energy Potion"},{"floor":7,"key":"Energy Potion"},{"floor":14,"key":"FairyPotion"},{"floor":18,"key":"Swift Potion"},{"floor":19,"key":"SkillPotion"},{"floor":22,"key":"Weak Potion"},{"floor":24,"key":"PowerPotion"}],"is_trial":false,"path_per_floor":["M","M","?","?","M","R","M","R","T","T","R","E","$","M","R","B",null,"M","M","?","$","M","R","M","R","T","T","E"],"character_chosen":"IRONCLAD","items_purchased":["Sword Boomerang","Burning Pact","HandDrill"],"campfire_rested":2,"item_purchase_floors":[13,21,21],"current_hp_per_floor":[70,76,81,81,85,85,78,78,78,78,78,68,68,69,69,55,85,72,48,48,48,13,38,36,61,61,61,0],"gold":135,"neow_bonus":"RANDOM_COMMON_RELIC","is_prod":false,"is_daily":false,"chose_seed":false,"campfire_upgraded":3,"win_rate":0,"timestamp":1563603521,"path_taken":["M","M","?","?","M","R","?","R","T","?","R","E","$","M","R","BOSS","M","M","?","$","M","R","M","R","T","?","E"],"build_version":"2019-06-28","purchased_purges":1,"victory":false,"max_hp_per_floor":[80,80,85,85,85,85,85,85,85,85,85,85,85,85,85,85,85,85,85,85,85,85,85,85,85,85,85,85],"card_choices":[{"not_picked":["Bloodletting","Metallicize"],"picked":"Clothesline","floor":1},{"not_picked":["Cleave","Sword Boomerang"],"picked":"Uppercut","floor":2},{"not_picked":["Warcry","Headbutt"],"picked":"Infernal Blade","floor":5},{"not_picked":["Cleave","Flex"],"picked":"Armaments","floor":7},{"not_picked":["Headbutt","Cleave","Combust"],"picked":"Shrug It Off","floor":12},{"not_picked":["Armaments","Headbutt","Clash","Twin Strike"],"picked":"SKIP","floor":14},{"not_picked":["Barricade","Double Tap","Berserk"],"picked":"Juggernaut","floor":16},{"not_picked":["Perfected Strike","Anger","Twin Strike"],"picked":"Spot Weakness+1","floor":18},{"not_picked":["Heavy Blade","Fire Breathing+1","Twin Strike"],"picked":"Pommel Strike+1","floor":19},{"not_picked":["Clash","Anger","Thunderclap"],"picked":"Second Wind","floor":22},{"not_picked":["Rupture+1","Pommel Strike+1","Cleave","Headbutt"],"picked":"SKIP","floor":24}],"player_experience":88184,"relics_obtained":[{"floor":10,"key":"Question Card"},{"floor":12,"key":"Boot"},{"floor":26,"key":"Frozen Egg 2"},{"floor":27,"key":"Dream Catcher"}],"event_choices":[{"damage_healed":0,"gold_gain":0,"player_choice":"Donut","damage_taken":0,"max_hp_gain":5,"max_hp_loss":0,"event_name":"Big Fish","floor":3,"gold_loss":0},{"damage_healed":0,"gold_gain":0,"player_choice":"Forge","damage_taken":0,"max_hp_gain":0,"max_hp_loss":0,"event_name":"Accursed Blacksmith","floor":4,"gold_loss":0,"cards_upgraded":["Uppercut"]},{"damage_healed":0,"gold_gain":99,"player_choice":"Stole From Cult","damage_taken":0,"max_hp_gain":0,"max_hp_loss":0,"event_name":"Nest","floor":20,"gold_loss":0}],"is_beta":true,"boss_relics":[{"not_picked":["Lizard Tail","Eternal Feather"],"picked":"White Beast Statue"}],"items_purged_floors":[13],"is_endless":false,"potions_floor_spawned":[5,7,14,18,19,22,24],"killed_by":"Slavers","ascension_level":1}