{"gold_per_floor":[116,66,82,100,119,119,148,162,185,185,200,220,220,239,239,359,359,380,400,400,425,438,438,44,44,44,44,69,69,69,69,69,69],"floor_reached":33,"playtime":776,"items_purged":[],"score":251,"play_id":"72fb549c-0007-4e23-aa27-f412c9fc9342","local_time":"20190112184432","is_ascension_mode":false,"campfire_choices":[{"data":"Uppercut","floor":6,"key":"SMITH"},{"data":"Bludgeon","floor":15,"key":"SMITH"},{"data":"Demon Form","floor":23,"key":"SMITH"},{"data":"Corruption","floor":25,"key":"SMITH"},{"data":"Carnage","floor":29,"key":"SMITH"},{"data":"Carnage","floor":32,"key":"SMITH"}],"neow_cost":"PERCENT_DAMAGE","seed_source_timestamp":23521681940053,"circlet_count":0,"master_deck":["Strike_R","Strike_R","Strike_R","Strike_R","Strike_R","Defend_R","Defend_R","Bash","Uppercut+1","Carnage+1","Carnage+1","Bludgeon+1","Pommel Strike+1","Thunderclap+1","Pommel Strike+1","Clash+1","Demon Form+1","Writhe","Normality","Regret","Iron Wave+1","Clash+1","Cleave+1","Twin Strike+1","Corruption+1","Uppercut+1","Pommel Strike+1","Turbo+1"],"relics":["Burning Blood","Gambling Chip","Molten Egg 2","Art of War","Golden Idol","Calling Bell","Boot","Meat on the Bone","Bird Faced Urn","PrismaticShard","Ornamental Fan","Vajra"],"potions_floor_usage":[16,16,33],"damage_taken":[{"damage":12,"enemies":"Small Slimes","floor":1,"turns":3},{"damage":4,"enemies":"Cultist","floor":3,"turns":3},{"damage":0,"enemies":"2 Louse","floor":4,"turns":2},{"damage":0,"enemies":"2 Fungi Beasts","floor":5,"turns":2},{"damage":40,"enemies":"3 Sentries","floor":7,"turns":7},{"damage":10,"enemies":"Gremlin Gang","floor":8,"turns":5},{"damage":16,"enemies":"Lots of Slimes","floor":11,"turns":4},{"damage":11,"enemies":"Exordium Wildlife","floor":12,"turns":3},{"damage":8,"enemies":"Red Slaver","floor":14,"turns":2},{"damage":6,"enemies":"Hexaghost","floor":16,"turns":5},{"damage":15,"enemies":"Spheric Guardian","floor":18,"turns":3},{"damage":22,"enemies":"Shell Parasite","floor":19,"turns":4},{"damage":6,"enemies":"Snecko","floor":21,"turns":3},{"damage":31,"enemies":"Snake Plant","floor":22,"turns":3},{"damage":8,"enemies":"Centurion and Healer","floor":28,"turns":3},{"damage":64,"enemies":"Collector","floor":33,"turns":6}],"seed_played":"-8095248588635214721","potions_obtained":[{"floor":4,"key":"Block Potion"},{"floor":5,"key":"PowerPotion"},{"floor":8,"key":"Energy Potion"}],"is_trial":false,"path_per_floor":["M","?","M","M","M","R","E","M","T","?","M","M","?","M","R","B",null,"M","M","?","M","M","R","$","R","T","$","M","R","$","?","R","B"],"character_chosen":"IRONCLAD","items_purchased":["Corruption","Uppercut+1","Pommel Strike+1","PrismaticShard"],"campfire_rested":0,"item_purchase_floors":[24,24,24,24],"current_hp_per_floor":[50,50,52,58,64,64,30,26,26,26,16,11,11,9,9,9,74,65,49,49,49,36,36,36,36,36,36,48,48,48,48,48,0],"gold":69,"neow_bonus":"ONE_RARE_RELIC","is_prod":false,"is_daily":false,"chose_seed":false,"campfire_upgraded":6,"win_rate":0,"timestamp":1547279072,"path_taken":["M","?","M","M","M","R","E","M","T","?","?","M","?","M","R","BOSS","M","M","?","?","M","R","$","R","T","?","M","R","$","?","R","BOSS"],"build_version":"2019-01-10","purchased_purges":0,"victory":false,"max_hp_per_floor":[80,80,80,80,80,80,80,80,80,80,80,80,74,74,74,74,74,74,74,74,74,74,74,74,74,74,74,74,74,74,74,74,74],"card_choices":[{"not_picked":["Headbutt","Armaments"],"picked":"Uppercut","floor":1},{"not_picked":["True Grit","Sentinel"],"picked":"Carnage","floor":3},{"not_picked":["True Grit","Burning Pact"],"picked":"Carnage","floor":4},{"not_picked":["Twin Strike","Anger"],"picked":"Bludgeon","floor":5},{"not_picked":["Infernal Blade","Ghostly Armor"],"picked":"Pommel Strike","floor":7},{"not_picked":["Evolve","Armaments"],"picked":"Dual Wield","floor":8},{"not_picked":["Twin Strike+1","Flex"],"picked":"Thunderclap+1","floor":11},{"not_picked":["Combust","Clash+1"],"picked":"Pommel Strike+1","floor":12},{"not_picked":["Anger+1","Cleave+1"],"picked":"Clash+1","floor":14},{"not_picked":["Fiend Fire+1","Limit Break"],"picked":"Demon Form","floor":16},{"not_picked":["Anger+1","Flex"],"picked":"Iron Wave+1","floor":18},{"not_picked":["Sever Soul+1","Bloodletting"],"picked":"Clash+1","floor":19},{"not_picked":["Intimidate","Pummel+1"],"picked":"Cleave+1","floor":21},{"not_picked":["Corruption+1","Brutality"],"picked":"Twin Strike+1","floor":22},{"not_picked":["Streamline+1","Carnage+1"],"picked":"Turbo+1","floor":28}],"player_experience":541296,"relics_obtained":[{"floor":7,"key":"Molten Egg 2"},{"floor":9,"key":"Art of War"},{"floor":17,"key":"Boot"},{"floor":17,"key":"Meat on the Bone"},{"floor":17,"key":"Bird Faced Urn"},{"floor":26,"key":"Ornamental Fan"}],"event_choices":[{"damage_healed":0,"gold_gain":0,"player_choice":"Left Gold","damage_taken":0,"max_hp_gain":0,"max_hp_loss":0,"event_name":"World of Goop","floor":2,"gold_loss":50},{"cards_removed":["Defend_R"],"damage_healed":0,"gold_gain":0,"player_choice":"Purged","damage_taken":0,"max_hp_gain":0,"max_hp_loss":0,"event_name":"Purifier","floor":10,"gold_loss":0},{"damage_healed":0,"gold_gain":0,"player_choice":"Lose Max HP","damage_taken":0,"relics_obtained":["Golden Idol"],"max_hp_gain":0,"max_hp_loss":6,"event_name":"Golden Idol","floor":13,"gold_loss":0},{"cards_removed":["Defend_R"],"damage_healed":0,"gold_gain":0,"player_choice":"Offered Basic","damage_taken":0,"max_hp_gain":0,"max_hp_loss":0,"event_name":"Bonfire Elementals","floor":20,"gold_loss":0},{"cards_removed":["Dual Wield"],"damage_healed":0,"gold_gain":0,"player_choice":"Gave Card","damage_taken":0,"relics_obtained":["Vajra"],"max_hp_gain":0,"max_hp_loss":0,"event_name":"WeMeetAgain","floor":31,"gold_loss":0}],"is_beta":false,"boss_relics":[{"not_picked":["Cursed Key","Mark of Pain"],"picked":"Calling Bell"}],"items_purged_floors":[],"is_endless":false,"potions_floor_spawned":[4,5,8,11,14],"killed_by":"Collector","ascension_level":0}