{"gold_per_floor":[119,119,17,17,37,72,72,93,93,162,162,187,231,261,261,387,387,400,400,421,30,30,30,64,77,77,77,102,102,75,100,100,100],"floor_reached":33,"playtime":1481,"items_purged":["Regret","Injury"],"score":350,"play_id":"802049d3-2664-4070-900f-c274add6d0a6","local_time":"20190715232011","is_ascension_mode":true,"campfire_choices":[{"floor":11,"key":"REST"},{"floor":15,"key":"DIG"},{"floor":23,"key":"DIG"},{"floor":29,"key":"REST"},{"floor":32,"key":"REST"}],"neow_cost":"CURSE","seed_source_timestamp":476916780422130,"circlet_count":0,"master_deck":["Strike_B+1","Strike_B+1","Strike_B+1","Defend_B+1","Defend_B+1","Defend_B+1","Defend_B+1","Zap","Dualcast","Ball Lightning","Ball Lightning","Sweeping Beam+1","Conserve Battery","Biased Cognition","Steam","Buffer","Cold Snap","Conserve Battery","Hyperbeam","Tempest","Stack","Compile Driver","Ball Lightning","Melter","Electrodynamics","Doom and Gloom","Self Repair","Heatsinks","Stack+1","Undo+1","Steam","Reinforced Body+1"],"relics":["Cracked Core","Golden Idol","Letter Opener","Gremlin Horn","Tiny Chest","Shovel","Whetstone","Orrery","MutagenicStrength","Pear","Molten Egg 2","Bronze Scales","Bottled Tornado"],"potions_floor_usage":[16,16,16,28,31,33],"damage_taken":[{"damage":22,"enemies":"Jaw Worm","floor":1,"turns":4},{"damage":7,"enemies":"Small Slimes","floor":5,"turns":3},{"damage":8,"enemies":"Gremlin Nob","floor":6,"turns":3},{"damage":0,"enemies":"2 Louse","floor":8,"turns":2},{"damage":17,"enemies":"Lagavulin","floor":10,"turns":6},{"damage":0,"enemies":"Exordium Thugs","floor":12,"turns":2},{"damage":23,"enemies":"Gremlin Nob","floor":13,"turns":4},{"damage":31,"enemies":"The Guardian","floor":16,"turns":15},{"damage":0,"enemies":"Chosen","floor":18,"turns":4},{"damage":21,"enemies":"3 Byrds","floor":20,"turns":3},{"damage":30,"enemies":"Gremlin Leader","floor":24,"turns":5},{"damage":57,"enemies":"Centurion and Healer","floor":25,"turns":8},{"damage":0,"enemies":"Cultist and Chosen","floor":28,"turns":4},{"damage":13,"enemies":"Shelled Parasite and Fungi","floor":31,"turns":6},{"damage":72,"enemies":"Champ","floor":33,"turns":13}],"seed_played":"5523018130589896868","potions_obtained":[{"floor":6,"key":"Swift Potion"},{"floor":10,"key":"Swift Potion"},{"floor":13,"key":"Poison Potion"},{"floor":25,"key":"Block Potion"},{"floor":28,"key":"Weak Potion"},{"floor":31,"key":"Ancient Potion"}],"is_trial":false,"path_per_floor":["M","?","$","?","M","E","?","M","T","E","R","M","E","?","R","B",null,"M","?","M","$","T","R","E","M","T","?","M","R","$","M","R","B"],"character_chosen":"DEFECT","items_purchased":["Ball Lightning","Pear","Self Repair","Steam"],"campfire_rested":3,"item_purchase_floors":[3,21,21,30],"current_hp_per_floor":[67,72,72,72,65,57,57,57,57,40,68,68,45,45,45,14,94,94,94,73,83,83,83,60,10,10,10,10,41,41,35,66,0],"gold":100,"neow_bonus":"TWENTY_PERCENT_HP_BONUS","is_prod":false,"is_daily":false,"chose_seed":false,"campfire_upgraded":0,"win_rate":0,"timestamp":1563247211,"path_taken":["M","?","$","?","M","E","?","?","T","E","R","M","E","?","R","BOSS","M","?","M","$","?","R","E","M","T","?","M","R","$","M","R","BOSS"],"build_version":"2019-07-05","purchased_purges":2,"victory":false,"max_hp_per_floor":[89,94,94,94,94,94,94,94,94,94,94,94,94,94,94,94,94,94,94,94,104,104,104,104,104,104,104,104,104,104,104,104,104],"card_choices":[{"not_picked":["Go for the Eyes","Sunder"],"picked":"Ball Lightning","floor":1},{"not_picked":["Compile Driver","Double Energy"],"picked":"Sweeping Beam","floor":5},{"not_picked":["Heatsinks","Gash"],"picked":"Conserve Battery","floor":6},{"not_picked":["Sweeping Beam","Skim"],"picked":"Steam","floor":8},{"not_picked":["FTL","Chaos"],"picked":"Buffer","floor":10},{"not_picked":["Recycle","Rebound"],"picked":"Cold Snap","floor":12},{"not_picked":["Turbo","Hologram"],"picked":"Conserve Battery","floor":13},{"not_picked":["Thunder Strike","Rainbow"],"picked":"Hyperbeam","floor":16},{"not_picked":["Reprogram","Hologram"],"picked":"Tempest","floor":17},{"not_picked":["FTL","Gash"],"picked":"Stack","floor":17},{"not_picked":["Turbo","Blizzard"],"picked":"Compile Driver","floor":17},{"not_picked":["Steam","Rip and Tear"],"picked":"Ball Lightning","floor":17},{"not_picked":["Scrape","Steam Power"],"picked":"Melter","floor":17},{"not_picked":["BootSequence","Reprogram"],"picked":"Electrodynamics","floor":18},{"not_picked":["Double Energy","Compile Driver"],"picked":"Doom and Gloom","floor":20},{"not_picked":["Turbo+1","Sweeping Beam+1"],"picked":"Heatsinks","floor":24},{"not_picked":["Gash+1","Hologram+1"],"picked":"Stack+1","floor":25},{"not_picked":["Rebound+1","Stack"],"picked":"Undo+1","floor":28},{"not_picked":["White Noise","Rebound+1"],"picked":"Reinforced Body+1","floor":31}],"player_experience":176536,"relics_obtained":[{"floor":6,"key":"Letter Opener"},{"floor":9,"key":"Gremlin Horn"},{"floor":10,"key":"Tiny Chest"},{"floor":13,"key":"Shovel"},{"floor":15,"key":"Whetstone"},{"floor":22,"key":"Molten Egg 2"},{"floor":23,"key":"Bronze Scales"},{"floor":24,"key":"Bottled Tornado"}],"event_choices":[{"damage_healed":0,"gold_gain":0,"player_choice":"Donut","damage_taken":0,"max_hp_gain":5,"max_hp_loss":0,"event_name":"Big Fish","floor":2,"gold_loss":0},{"damage_healed":0,"gold_gain":0,"player_choice":"Take Wound","damage_taken":0,"relics_obtained":["Golden Idol"],"max_hp_gain":0,"max_hp_loss":0,"event_name":"Golden Idol","floor":4,"gold_loss":0,"cards_obtained":["Injury"]},{"damage_healed":0,"gold_gain":0,"cards_transformed":["Strike_B"],"player_choice":"Transformed","damage_taken":0,"max_hp_gain":0,"max_hp_loss":0,"event_name":"Transmorgrifier","floor":7,"gold_loss":0,"cards_obtained":["Biased Cognition"]},{"damage_healed":0,"gold_gain":30,"player_choice":"Searched \u00272\u0027 times","damage_taken":0,"max_hp_gain":0,"max_hp_loss":0,"event_name":"Dead Adventurer","floor":14,"gold_loss":0},{"damage_healed":0,"gold_gain":0,"player_choice":"Inject Mutagens","damage_taken":0,"relics_obtained":["MutagenicStrength"],"max_hp_gain":0,"max_hp_loss":0,"event_name":"Drug Dealer","floor":19,"gold_loss":0},{"damage_healed":0,"gold_gain":0,"player_choice":"Simplicity","damage_taken":0,"max_hp_gain":0,"max_hp_loss":0,"event_name":"Back to Basics","floor":27,"gold_loss":0,"cards_upgraded":["Strike_B","Strike_B","Defend_B","Defend_B","Defend_B","Defend_B"]}],"is_beta":false,"boss_relics":[{"not_picked":["Pandora\u0027s Box","White Beast Statue"],"picked":"Orrery"}],"items_purged_floors":[3,21],"is_endless":false,"potions_floor_spawned":[6,10,13,25,28,31],"killed_by":"Champ","ascension_level":3}