{"gold_per_floor":[368,387,290,307,307,307,338,338,365,384,384,384,384,403,403,508,508,508,508,456,426,426,426,426,426,426,426,426,426,426,426,426,426,426,426,426,426,326,326,326,326,326,326,326,326,51,51,1,1,1],"floor_reached":51,"playtime":2148,"items_purged":["Decay","Strike_R","Strike_R"],"score":678,"play_id":"ba8646f7-0802-428e-9e0b-09b25e56114d","local_time":"20181104111102","is_ascension_mode":false,"campfire_choices":[{"data":"Rampage","floor":6.0,"key":"SMITH"},{"data":"Pommel Strike","floor":8.0,"key":"SMITH"},{"data":"True Grit","floor":11.0,"key":"SMITH"},{"data":"Uppercut","floor":15.0,"key":"SMITH"},{"data":"Demon Form","floor":28.0,"key":"SMITH"},{"data":"Sword Boomerang","floor":30.0,"key":"SMITH"},{"floor":32.0,"key":"REST"},{"data":"Barricade","floor":40.0,"key":"SMITH"},{"data":"Shrug It Off","floor":45.0,"key":"SMITH"},{"floor":49.0,"key":"REST"}],"neow_cost":"CURSE","seed_source_timestamp":78366005257067,"circlet_count":0,"master_deck":["Strike_R","Strike_R+1","Defend_R","Defend_R","Defend_R","Defend_R","Bash+1","Thunderclap+1","Shrug It Off+1","Pommel Strike+1","Rampage+1","Shrug It Off+1","True Grit+1","Uppercut+1","Demon Form+1","Pommel Strike+1","Sword Boomerang+1","Burning Pact","Heavy Blade","Barricade+1","Flex+1","True Grit+1","True Grit+1"],"special_seed":0,"relics":["Burning Blood","Bag of Preparation","Happy Flower","Ectoplasm","Enchiridion","Singing Bowl","Philosopher\u0027s Stone","MawBank","Whetstone","Tiny Chest"],"potions_floor_usage":[50,50,50],"damage_taken":[{"damage":4.0,"enemies":"Cultist","floor":1.0,"turns":4.0},{"damage":8.0,"enemies":"Jaw Worm","floor":2.0,"turns":4.0},{"damage":5.0,"enemies":"Small Slimes","floor":4.0,"turns":3.0},{"damage":38.0,"enemies":"Lagavulin","floor":7.0,"turns":6.0},{"damage":0.0,"enemies":"2 Fungi Beasts","floor":10.0,"turns":3.0},{"damage":10.0,"enemies":"Looter","floor":14.0,"turns":3.0},{"damage":31.0,"enemies":"Slime Boss","floor":16.0,"turns":10.0},{"damage":18.0,"enemies":"3 Byrds","floor":18.0,"turns":7.0},{"damage":10.0,"enemies":"2 Thieves","floor":21.0,"turns":4.0},{"damage":10.0,"enemies":"Snake Plant","floor":23.0,"turns":5.0},{"damage":18.0,"enemies":"3 Cultists","floor":24.0,"turns":5.0},{"damage":16.0,"enemies":"Centurion and Healer","floor":25.0,"turns":6.0},{"damage":13.0,"enemies":"Shelled Parasite and Fungi","floor":27.0,"turns":6.0},{"damage":0.0,"enemies":"Snecko","floor":31.0,"turns":2.0},{"damage":47.0,"enemies":"Champ","floor":33.0,"turns":8.0},{"damage":5.0,"enemies":"Orb Walker","floor":35.0,"turns":3.0},{"damage":10.0,"enemies":"3 Shapes","floor":36.0,"turns":3.0},{"damage":39.0,"enemies":"Sphere and 2 Shapes","floor":39.0,"turns":4.0},{"damage":13.0,"enemies":"Spire Growth","floor":41.0,"turns":5.0},{"damage":18.0,"enemies":"Maw","floor":42.0,"turns":6.0},{"damage":19.0,"enemies":"4 Shapes","floor":44.0,"turns":5.0},{"damage":0.0,"enemies":"Transient","floor":47.0,"turns":5.0},{"damage":54,"enemies":"Awakened One","floor":50,"turns":9}],"seed_played":"6029154191252058116","potions_obtained":[{"floor":4.0,"key":"Dexterity Potion"},{"floor":14.0,"key":"LiquidBronze"},{"floor":18.0,"key":"Block Potion"},{"floor":24.0,"key":"AttackPotion"},{"floor":25.0,"key":"Block Potion"},{"floor":31.0,"key":"Energy Potion"},{"floor":35.0,"key":"Strength Potion"},{"floor":39.0,"key":"Strength Potion"}],"is_trial":false,"path_per_floor":["M","M","$","M","?","R","E","R","T","M","R","?","?","M","R","B",null,"M","?","$","M","?","M","M","M","T","M","R","?","R","M","R","B",null,"M","M","?","$","M","R","M","M","T","M","R","$","M","?","R","B",null],"character_chosen":"IRONCLAD","items_purchased":["Pommel Strike","Sword Boomerang","Whetstone"],"campfire_rested":2,"item_purchase_floors":[3,20,46],"current_hp_per_floor":[80,78,78,79,84,84,52,52,52,58,58,41,41,37,37,12,85,73,73,73,69,53,49,37,27,27,22,22,22,22,30,56,15,89,89,87,87,87,54,54,49,39,39,26,26,26,34,34,63,15],"gold":1,"neow_bonus":"TWO_FIFTY_GOLD","is_prod":false,"is_daily":false,"chose_seed":false,"campfire_upgraded":8,"win_rate":0,"timestamp":1541290262,"path_taken":["M","M","$","?","?","R","E","R","T","M","R","?","?","M","R","BOSS","M","?","$","M","?","M","M","M","T","M","R","?","R","M","R","BOSS","M","M","?","$","?","R","M","M","T","M","R","$","M","?","R","BOSS"],"build_version":"2018-11-02","purchased_purges":3,"victory":true,"max_hp_per_floor":[80,80,80,80,85,85,85,85,85,85,85,85,85,85,85,85,85,85,85,85,85,85,85,85,85,85,87,87,87,87,89,89,89,89,89,91,91,91,91,91,93,95,95,95,95,95,97,97,97,97],"card_choices":[{"not_picked":["Perfected Strike","Reckless Charge"],"picked":"Thunderclap","floor":1.0},{"not_picked":["Clash","Headbutt"],"picked":"Shrug It Off","floor":2.0},{"not_picked":["Body Slam","Exhume"],"picked":"Rampage","floor":4.0},{"not_picked":["Ghostly Armor","Infernal Blade"],"picked":"Shrug It Off","floor":7.0},{"not_picked":["Iron Wave","Dropkick"],"picked":"True Grit","floor":10.0},{"not_picked":["Shockwave","Clothesline"],"picked":"Uppercut","floor":14.0},{"not_picked":["Offering","Impervious"],"picked":"Demon Form","floor":16.0},{"not_picked":["Pummel","Pommel Strike+1","Searing Blow+1"],"picked":"SKIP","floor":18.0},{"not_picked":["Pummel","Searing Blow+1"],"picked":"Pommel Strike+1","floor":18.0},{"not_picked":["Shockwave","Evolve+1"],"picked":"Burning Pact","floor":21.0},{"not_picked":["Iron Wave","Perfected Strike","Infernal Blade"],"picked":"SKIP","floor":23.0},{"not_picked":["Intimidate","Wild Strike","Power Through+1"],"picked":"SKIP","floor":24.0},{"not_picked":["Feel No Pain","Shrug It Off"],"picked":"Heavy Blade","floor":25.0},{"not_picked":["Rampage","Feel No Pain","Carnage"],"picked":"Singing Bowl","floor":27.0},{"not_picked":["Perfected Strike","Seeing Red+1","Clothesline"],"picked":"Singing Bowl","floor":31.0},{"not_picked":["Berserk","Immolate"],"picked":"Barricade","floor":33.0},{"not_picked":["Inflame+1","Headbutt"],"picked":"Flex+1","floor":35.0},{"not_picked":["Heavy Blade+1","Body Slam+1","Burning Pact"],"picked":"Singing Bowl","floor":36.0},{"not_picked":["Iron Wave","Rampage"],"picked":"True Grit+1","floor":39.0},{"not_picked":["Berserk","Havoc","Metallicize+1"],"picked":"Singing Bowl","floor":41.0},{"not_picked":["Heavy Blade+1","Disarm","Twin Strike"],"picked":"Singing Bowl","floor":42.0},{"not_picked":["Rage+1","Power Through+1"],"picked":"True Grit+1","floor":44.0},{"not_picked":["Bludgeon","Pommel Strike","Clash"],"picked":"Singing Bowl","floor":47.0}],"player_experience":409233,"relics_obtained":[{"floor":7.0,"key":"Bag of Preparation"},{"floor":9.0,"key":"Happy Flower"},{"floor":22.0,"key":"Enchiridion"},{"floor":26.0,"key":"Singing Bowl"},{"floor":43.0,"key":"MawBank"}],"event_choices":[{"damage_healed":0.0,"max_hp_gain":5.0,"max_hp_loss":0.0,"gold_gain":0.0,"event_name":"Big Fish","player_choice":"Donut","floor":5.0,"gold_loss":0.0,"damage_taken":0.0},{"damage_healed":0.0,"max_hp_gain":0.0,"max_hp_loss":0.0,"gold_gain":0.0,"event_name":"Shining Light","player_choice":"Entered Light","floor":12.0,"gold_loss":0.0,"damage_taken":17.0,"cards_upgraded":["Shrug It Off","Strike_R"]},{"cards_removed":["Strike_R"],"damage_healed":0.0,"max_hp_gain":0.0,"max_hp_loss":0.0,"gold_gain":0.0,"event_name":"Living Wall","player_choice":"Forget","floor":13.0,"gold_loss":0.0,"damage_taken":0.0},{"damage_healed":0.0,"max_hp_gain":0.0,"max_hp_loss":0.0,"gold_gain":0.0,"event_name":"Ghosts","player_choice":"Ignored","floor":19.0,"gold_loss":0.0,"damage_taken":0.0},{"damage_healed":0.0,"max_hp_gain":0.0,"max_hp_loss":0.0,"gold_gain":0.0,"event_name":"Cursed Tome","player_choice":"Obtained Book","floor":22.0,"gold_loss":0.0,"damage_taken":16.0},{"damage_healed":0.0,"max_hp_gain":0.0,"max_hp_loss":0.0,"gold_gain":0.0,"event_name":"The Mausoleum","player_choice":"Ignored","floor":29.0,"gold_loss":0.0,"damage_taken":0.0},{"damage_healed":0.0,"max_hp_gain":0.0,"max_hp_loss":0.0,"gold_gain":0.0,"event_name":"NoteForYourself","player_choice":"Ignored","floor":37.0,"gold_loss":0.0,"damage_taken":0.0},{"damage_healed":0.0,"max_hp_gain":0.0,"max_hp_loss":0.0,"gold_gain":0.0,"event_name":"WeMeetAgain","player_choice":"Paid Gold","floor":48.0,"gold_loss":50.0,"damage_taken":0.0,"relics_obtained":["Tiny Chest"]}],"is_beta":true,"boss_relics":[{"not_picked":["Busted Crown","Eternal Feather"],"picked":"Ectoplasm"},{"not_picked":["Runic Cube","Runic Pyramid"],"picked":"Philosopher\u0027s Stone"}],"items_purged_floors":[3,38,46],"is_endless":false,"potions_floor_spawned":[4,14,18,24,25,31,35,39,41],"ascension_level":0}