{"gold_per_floor":[115,90,90,90,103,176,176,194,218,218,15,30,30,55,55,183,183,202,202,223,246,264,307,307,162,189,202,202,162,162,186,186,312,312,330,62,76,1,1,1,40,40,40,40,0,0,16,52,52,52],"floor_reached":50,"playtime":4031,"items_purged":["Injury"],"score":568,"play_id":"15a33e83-1c3a-4af0-8b26-ed31f657d2d6","local_time":"20190713230839","is_ascension_mode":true,"campfire_choices":[{"data":"Crippling Poison","floor":7.0,"key":"SMITH"},{"data":"Leg Sweep","floor":15.0,"key":"SMITH"},{"floor":24.0,"key":"RECALL"},{"data":"Crippling Poison","floor":30.0,"key":"SMITH"},{"floor":32.0,"key":"REST"},{"floor":40.0,"key":"REST"},{"floor":42.0,"key":"REST"},{"floor":44.0,"key":"REST"},{"floor":49,"key":"REST"}],"neow_cost":"NONE","seed_source_timestamp":0,"circlet_count":0,"master_deck":["Strike_G+1","Strike_G","Strike_G","Strike_G","Strike_G","Defend_G","Defend_G+1","Defend_G","Defend_G+1","Defend_G","Survivor+1","Neutralize+1","Slice","Dagger Throw","Leg Sweep+1","Crippling Poison+1","Deflect","Well Laid Plans","Cloak And Dagger","Noxious Fumes","Burst","Dash+1","Crippling Poison+1","Dash+1","Dash+1","Leg Sweep+1","A Thousand Cuts","Predator+1","Caltrops","Expertise+1","All Out Attack+1","Backflip","Blur+1"],"special_seed":0,"relics":["Ring of the Snake","Golden Idol","Blood Vial","Molten Egg 2","Snecko Eye","Nloth\u0027s Gift","Snake Skull","Art of War","Anchor","Strawberry","Sling","Pantograph","Red Mask","War Paint"],"potions_floor_usage":[],"damage_taken":[{"damage":0.0,"enemies":"2 Louse","floor":1.0,"turns":3.0},{"damage":0.0,"enemies":"Small Slimes","floor":5.0,"turns":3.0},{"damage":9.0,"enemies":"Gremlin Nob","floor":6.0,"turns":6.0},{"damage":0.0,"enemies":"Cultist","floor":8.0,"turns":3.0},{"damage":17.0,"enemies":"Exordium Thugs","floor":12.0,"turns":5.0},{"damage":7.0,"enemies":"2 Fungi Beasts","floor":14.0,"turns":4.0},{"damage":7.0,"enemies":"The Guardian","floor":16.0,"turns":12.0},{"damage":3.0,"enemies":"3 Byrds","floor":18.0,"turns":5.0},{"damage":0.0,"enemies":"Chosen","floor":20.0,"turns":5.0},{"damage":1.0,"enemies":"Centurion and Healer","floor":22.0,"turns":7.0},{"damage":19.0,"enemies":"Book of Stabbing","floor":23.0,"turns":6.0},{"damage":13.0,"enemies":"Snake Plant","floor":27.0,"turns":4.0},{"damage":0.0,"enemies":"3 Cultists","floor":31.0,"turns":8.0},{"damage":73.0,"enemies":"Champ","floor":33.0,"turns":17.0},{"damage":5.0,"enemies":"3 Darklings","floor":35.0,"turns":5.0},{"damage":22.0,"enemies":"Orb Walker","floor":37.0,"turns":4.0},{"damage":50.0,"enemies":"Nemesis","floor":41.0,"turns":9.0},{"damage":0.0,"enemies":"4 Shapes","floor":47.0,"turns":5.0},{"damage":30.0,"enemies":"Reptomancer","floor":48.0,"turns":8.0},{"damage":82,"enemies":"Awakened One","floor":50,"turns":18}],"seed_played":"5624576859297963234","potions_obtained":[{"floor":8.0,"key":"Regen Potion"},{"floor":12.0,"key":"EssenceOfSteel"},{"floor":14.0,"key":"Swift Potion"},{"floor":18.0,"key":"Ancient Potion"},{"floor":20.0,"key":"Block Potion"},{"floor":31.0,"key":"AttackPotion"},{"floor":35.0,"key":"Block Potion"},{"floor":41.0,"key":"Poison Potion"},{"floor":47.0,"key":"Fire Potion"}],"is_trial":false,"path_per_floor":["M","$","?","?","M","E","R","M","T","?","$","M","T","M","R","B",null,"M","?","M","T","M","E","R","$","T","M","?","?","R","M","R","B",null,"M","$","M","$","?","R","E","R","T","R","?","?","M","E","R","B"],"character_chosen":"THE_SILENT","items_purchased":["Dagger Throw","Well Laid Plans","Cloak And Dagger","Anchor","Sling","Caltrops","All Out Attack+1"],"campfire_rested":5,"item_purchase_floors":[2,11,11,25,36,36,38],"current_hp_per_floor":[70,70,56,56,56,47,47,47,47,52,52,51,51,46,46,41,75,72,72,74,74,74,56,56,56,63,52,52,52,52,54,78,7,82,77,77,57,57,57,81,32,56,56,80,80,80,82,52,76,0],"gold":52,"neow_bonus":"UPGRADE_CARD","is_prod":false,"is_daily":false,"chose_seed":false,"campfire_upgraded":3,"win_rate":0,"timestamp":1563073719,"path_taken":["M","$","?","?","M","E","R","M","T","?","$","M","?","M","R","BOSS","M","?","?","?","M","E","R","$","T","M","?","?","R","M","R","BOSS","M","$","?","$","?","R","E","R","T","R","?","?","M","E","R","BOSS"],"build_version":"2019-07-05","purchased_purges":1,"victory":false,"max_hp_per_floor":[70,70,70,70,70,70,70,70,70,75,75,75,75,75,75,75,75,75,75,75,75,75,75,75,75,82,82,82,82,82,82,82,82,82,82,82,82,82,82,82,82,82,82,82,82,82,82,82,82,82],"card_choices":[{"not_picked":["Expertise","Heel Hook"],"picked":"Slice","floor":1.0},{"not_picked":["Quick Slash","Distraction"],"picked":"Leg Sweep","floor":5.0},{"not_picked":["Catalyst","Prepared"],"picked":"Crippling Poison","floor":6.0},{"not_picked":["Calculated Gamble","Acrobatics"],"picked":"Deflect","floor":8.0},{"not_picked":["Calculated Gamble","Endless Agony"],"picked":"Noxious Fumes","floor":12.0},{"not_picked":["Eviscerate+1","Concentrate","Prepared"],"picked":"SKIP","floor":14.0},{"not_picked":["Grand Finale+1","Doppelganger"],"picked":"Burst","floor":16.0},{"not_picked":["Underhanded Strike+1","Eviscerate+1"],"picked":"Dash+1","floor":18.0},{"not_picked":["Backstab+1","Deflect"],"picked":"Crippling Poison","floor":20.0},{"not_picked":["Deadly Poison","Poisoned Stab+1"],"picked":"Dash+1","floor":22.0},{"not_picked":["Backflip","Eviscerate+1"],"picked":"Dash+1","floor":23.0},{"not_picked":["Reflex","All Out Attack+1"],"picked":"Leg Sweep","floor":27.0},{"not_picked":["Outmaneuver","Tools of the Trade","Dagger Spray+1"],"picked":"SKIP","floor":31.0},{"not_picked":["Storm of Steel","Phantasmal Killer"],"picked":"A Thousand Cuts","floor":33.0},{"not_picked":["PiercingWail+1","Flying Knee+1"],"picked":"Predator+1","floor":35.0},{"not_picked":["Deflect","Grand Finale+1"],"picked":"Expertise+1","floor":37.0},{"not_picked":["Unload+1","Prepared+1"],"picked":"Backflip","floor":41.0},{"not_picked":["Underhanded Strike+1","Skewer+1","Heel Hook+1"],"picked":"SKIP","floor":47.0},{"not_picked":["Prepared","Flying Knee+1"],"picked":"Blur+1","floor":48.0}],"player_experience":131906,"relics_obtained":[{"floor":6.0,"key":"Tiny Chest"},{"floor":9.0,"key":"Blood Vial"},{"floor":13.0,"key":"Molten Egg 2"},{"floor":21.0,"key":"Snake Skull"},{"floor":23.0,"key":"Art of War"},{"floor":26.0,"key":"Strawberry"},{"floor":41.0,"key":"Pantograph"},{"floor":48.0,"key":"War Paint"}],"event_choices":[{"damage_healed":0.0,"max_hp_gain":0.0,"max_hp_loss":0.0,"gold_gain":0.0,"event_name":"Shining Light","player_choice":"Entered Light","floor":3.0,"gold_loss":0.0,"damage_taken":14.0,"cards_upgraded":["Defend_G","Strike_G"]},{"damage_healed":0.0,"max_hp_gain":0.0,"max_hp_loss":0.0,"gold_gain":0.0,"event_name":"Golden Idol","player_choice":"Take Wound","floor":4.0,"gold_loss":0.0,"damage_taken":0.0,"relics_obtained":["Golden Idol"],"cards_obtained":["Injury"]},{"damage_healed":0.0,"max_hp_gain":5.0,"max_hp_loss":0.0,"gold_gain":0.0,"event_name":"Big Fish","player_choice":"Donut","floor":10.0,"gold_loss":0.0,"damage_taken":0.0},{"damage_healed":0.0,"max_hp_gain":0.0,"max_hp_loss":0.0,"gold_gain":0.0,"event_name":"N\u0027loth","player_choice":"Traded Relic","floor":19.0,"relics_lost":["Tiny Chest"],"gold_loss":0.0,"damage_taken":0.0,"relics_obtained":["Nloth\u0027s Gift"]},{"damage_healed":0.0,"max_hp_gain":0.0,"max_hp_loss":0.0,"gold_gain":0.0,"event_name":"The Mausoleum","player_choice":"Ignored","floor":28.0,"gold_loss":0.0,"damage_taken":0.0},{"damage_healed":0.0,"max_hp_gain":0.0,"max_hp_loss":0.0,"gold_gain":0.0,"event_name":"Designer","player_choice":"Upgrade","floor":29.0,"gold_loss":40.0,"damage_taken":0.0,"cards_upgraded":["Leg Sweep"]},{"damage_healed":0.0,"max_hp_gain":0.0,"max_hp_loss":0.0,"gold_gain":0.0,"event_name":"The Moai Head","player_choice":"Ignored","floor":39.0,"gold_loss":0.0,"damage_taken":0.0},{"damage_healed":0.0,"max_hp_gain":0.0,"max_hp_loss":0.0,"gold_gain":0.0,"event_name":"Tomb of Lord Red Mask","player_choice":"Paid","floor":45.0,"gold_loss":40.0,"damage_taken":0.0,"relics_obtained":["Red Mask"]},{"damage_healed":0.0,"max_hp_gain":0.0,"max_hp_loss":0.0,"gold_gain":0.0,"event_name":"SensoryStone","player_choice":"Memory 1","floor":46.0,"gold_loss":0.0,"damage_taken":0.0}],"is_beta":false,"boss_relics":[{"not_picked":["Orrery","Runic Pyramid"],"picked":"Snecko Eye"},{"not_picked":["Busted Crown","Coffee Dripper","Runic Dome"]}],"items_purged_floors":[11],"is_endless":false,"potions_floor_spawned":[8,12,14,18,20,31,35,41,47],"killed_by":"Awakened One","ascension_level":2}