{"gold_per_floor":[117,132,82,82,182,182,214,214,214,228,248,279,47,75,75,177,177,189,189,207,207,103,122,155,155,229,261,47,47,77,77,77,174,174,188,288,307,110,121,121,121,149,201,232,14,32,32,32,32,32,32,32,32,57,57],"floor_reached":55,"playtime":3138,"items_purged":[],"score":882,"play_id":"0c18c9ad-f2db-49a1-9582-a6c20fa8111e","local_time":"20190713175139","is_ascension_mode":true,"campfire_choices":[{"data":"Bash","floor":6.0,"key":"SMITH"},{"floor":8.0,"key":"REST"},{"data":"Infernal Blade","floor":15.0,"key":"SMITH"},{"data":"Limit Break","floor":25.0,"key":"SMITH"},{"data":"Uppercut","floor":29.0,"key":"SMITH"},{"floor":32.0,"key":"RECALL"},{"floor":40.0,"key":"REST"},{"floor":47.0,"key":"REST"},{"data":"Demon Form","floor":49.0,"key":"SMITH"},{"data":"Metallicize","floor":52,"key":"SMITH"}],"neow_cost":"NONE","seed_source_timestamp":282546776944335,"circlet_count":0,"master_deck":["Strike_R","Strike_R","Strike_R+1","Strike_R","Defend_R","Defend_R+1","Defend_R","Defend_R+1","Bash+1","Shrug It Off","Cleave","Flex+1","Headbutt","Sword Boomerang","Thunderclap","Juggernaut","Shrug It Off","Infernal Blade+1","True Grit","Limit Break+1","Clothesline+1","Pommel Strike+1","Inflame","Shrug It Off","Pommel Strike+1","Uppercut+1","Flex","Impervious","Metallicize+1","Iron Wave","Uppercut+1","Inflame","Pommel Strike","Twin Strike+1","Heavy Blade","Demon Form+1","Sword Boomerang","Infernal Blade","Sword Boomerang","Flame Barrier","Cleave+1","Entrench+1"],"special_seed":0,"relics":["Burning Blood","Matryoshka","Shuriken","Bag of Marbles","Lantern","Vajra","War Paint","Snecko Eye","MutagenicStrength","Champion Belt","MawBank","PreservedInsect","Ancient Tea Set","Orrery","Turnip","Happy Flower","Strawberry","StoneCalendar","Oddly Smooth Stone","Gremlin Horn","Blood Vial"],"potions_floor_usage":[50,50,54,55],"damage_taken":[{"damage":5.0,"enemies":"Cultist","floor":1.0,"turns":4.0},{"damage":6.0,"enemies":"2 Louse","floor":2.0,"turns":2.0},{"damage":35.0,"enemies":"3 Sentries","floor":7.0,"turns":10.0},{"damage":0.0,"enemies":"Small Slimes","floor":10.0,"turns":1.0},{"damage":0.0,"enemies":"Exordium Wildlife","floor":11.0,"turns":3.0},{"damage":6.0,"enemies":"Gremlin Nob","floor":12.0,"turns":3.0},{"damage":11.0,"enemies":"3 Sentries","floor":14.0,"turns":4.0},{"damage":17.0,"enemies":"The Guardian","floor":16.0,"turns":11.0},{"damage":3.0,"enemies":"Chosen","floor":18.0,"turns":4.0},{"damage":5.0,"enemies":"2 Thieves","floor":20.0,"turns":3.0},{"damage":0.0,"enemies":"Snake Plant","floor":23.0,"turns":1.0},{"damage":19.0,"enemies":"Slavers","floor":24.0,"turns":3.0},{"damage":6.0,"enemies":"Centurion and Healer","floor":27.0,"turns":3.0},{"damage":0.0,"enemies":"Gremlin Leader","floor":30.0,"turns":2.0},{"damage":0.0,"enemies":"Snecko","floor":31.0,"turns":2.0},{"damage":62.0,"enemies":"Champ","floor":33.0,"turns":8.0},{"damage":0.0,"enemies":"3 Shapes","floor":35.0,"turns":3.0},{"damage":19.0,"enemies":"Mind Bloom Boss Battle","floor":36.0,"turns":5.0},{"damage":12.0,"enemies":"3 Darklings","floor":37.0,"turns":3.0},{"damage":5.0,"enemies":"Spire Growth","floor":39.0,"turns":3.0},{"damage":6.0,"enemies":"Giant Head","floor":42.0,"turns":5.0},{"damage":34.0,"enemies":"Nemesis","floor":44.0,"turns":5.0},{"damage":0.0,"enemies":"Jaw Worm Horde","floor":46.0,"turns":2.0},{"damage":51,"enemies":"Awakened One","floor":50,"turns":10},{"damage":26,"enemies":"Shield and Spear","floor":54,"turns":5},{"damage":70,"enemies":"The Heart","floor":55,"turns":5}],"seed_played":"-5440101012196689141","potions_obtained":[{"floor":2.0,"key":"SpeedPotion"},{"floor":7.0,"key":"LiquidBronze"},{"floor":16.0,"key":"SmokeBomb"},{"floor":18.0,"key":"Energy Potion"},{"floor":20.0,"key":"Fire Potion"},{"floor":36.0,"key":"SteroidPotion"},{"floor":37.0,"key":"SkillPotion"},{"floor":42.0,"key":"Swift Potion"},{"floor":46.0,"key":"Energy Potion"},{"floor":54,"key":"SkillPotion"}],"is_trial":false,"path_per_floor":["M","M","$","?","?","R","E","R","T","M","M","E","$","E","R","B",null,"M","?","M","?","$","M","E","R","T","M","$","R","E","M","R","B",null,"M","?","M","$","M","R","?","E","T","E","$","M","R","T","R","B",null,"R","$","E","B"],"character_chosen":"IRONCLAD","items_purchased":["Headbutt","Infernal Blade","Vajra","Inflame","Shrug It Off","PreservedInsect","Uppercut","Demon Form","Sword Boomerang","Flame Barrier","Oddly Smooth Stone"],"campfire_rested":3,"item_purchase_floors":[3,13,13,22,22,28,28,38,38,45,45],"current_hp_per_floor":[80,80,80,64,64,64,35,59,59,65,71,71,71,66,66,55,80,80,80,80,80,80,80,67,67,67,67,67,67,73,79,79,23,80,80,67,61,61,62,80,80,80,87,59,59,65,87,87,87,42,87,87,87,67,0],"gold":57,"neow_bonus":"THREE_CARDS","is_prod":false,"is_daily":false,"chose_seed":false,"campfire_upgraded":6,"win_rate":0,"timestamp":1563054699,"path_taken":["M","M","$","?","?","R","E","R","T","M","M","E","$","E","R","BOSS","M","?","M","?","?","?","E","R","T","M","$","R","E","M","R","BOSS","M","?","M","$","M","R","?","E","T","E","$","?","R","?","R","BOSS","R","$","E","BOSS"],"build_version":"2019-07-05","purchased_purges":0,"victory":false,"max_hp_per_floor":[80,80,80,80,80,80,80,80,80,80,80,80,80,80,80,80,80,80,80,80,80,80,80,80,80,80,80,80,80,80,80,80,80,80,80,80,80,80,80,80,80,80,87,87,87,87,87,87,87,87,87,87,87,87,87],"card_choices":[{"not_picked":["Flex","Second Wind"],"picked":"Shrug It Off","floor":0.0},{"not_picked":["Sword Boomerang","Thunderclap"],"picked":"Cleave","floor":1.0},{"not_picked":["Sword Boomerang","Thunderclap"],"picked":"Flex","floor":2.0},{"not_picked":["Blood for Blood","Rage"],"picked":"Sword Boomerang","floor":7.0},{"not_picked":["Body Slam","Wild Strike"],"picked":"Thunderclap","floor":10.0},{"not_picked":["Anger","Bloodletting"],"picked":"Juggernaut","floor":11.0},{"not_picked":["Pommel Strike","Heavy Blade"],"picked":"Shrug It Off","floor":12.0},{"not_picked":["Sword Boomerang","Perfected Strike"],"picked":"True Grit","floor":14.0},{"not_picked":["Fiend Fire","Double Tap"],"picked":"Limit Break","floor":16.0},{"not_picked":["Cleave+1","Sever Soul+1"],"picked":"Clothesline+1","floor":18.0},{"not_picked":["Shrug It Off","Intimidate+1"],"picked":"Pommel Strike+1","floor":20.0},{"not_picked":["Intimidate","Cleave"],"picked":"Pommel Strike+1","floor":23.0},{"not_picked":["Warcry+1","Wild Strike","Hemokinesis"],"picked":"SKIP","floor":24.0},{"not_picked":["Power Through","Body Slam","Rupture+1"],"picked":"SKIP","floor":27.0},{"not_picked":["Thunderclap","Cleave"],"picked":"Flex","floor":30.0},{"not_picked":["Juggernaut","Limit Break"],"picked":"Impervious","floor":33.0},{"not_picked":["True Grit","Dual Wield+1"],"picked":"Metallicize","floor":34.0},{"not_picked":["Cleave","Power Through+1"],"picked":"Iron Wave","floor":34.0},{"not_picked":["Wild Strike","Perfected Strike"],"picked":"Uppercut+1","floor":34.0},{"not_picked":["Pummel","Sentinel"],"picked":"Inflame","floor":34.0},{"not_picked":["Berserk","Rupture"],"picked":"Pommel Strike","floor":34.0},{"not_picked":["Spot Weakness+1","Clash","Warcry+1"],"picked":"SKIP","floor":35.0},{"not_picked":["Sentinel","Reckless Charge"],"picked":"Twin Strike+1","floor":36.0},{"not_picked":["Havoc+1","Reckless Charge+1"],"picked":"Heavy Blade","floor":37.0},{"not_picked":["Flex","Clothesline"],"picked":"Infernal Blade","floor":39.0},{"not_picked":["Fire Breathing","Headbutt+1"],"picked":"Sword Boomerang","floor":42.0},{"not_picked":["Warcry+1","Dropkick+1","Sever Soul+1"],"picked":"SKIP","floor":44.0},{"not_picked":["Body Slam","Thunderclap"],"picked":"Cleave+1","floor":46.0},{"not_picked":["Pummel+1","Fire Breathing+1"],"picked":"Entrench+1","floor":54}],"player_experience":125118,"relics_obtained":[{"floor":7.0,"key":"Matryoshka"},{"floor":9.0,"key":"Shuriken"},{"floor":9.0,"key":"Bag of Marbles"},{"floor":12.0,"key":"Lantern"},{"floor":14.0,"key":"War Paint"},{"floor":24.0,"key":"Champion Belt"},{"floor":26.0,"key":"MawBank"},{"floor":30.0,"key":"Ancient Tea Set"},{"floor":36.0,"key":"Turnip"},{"floor":42.0,"key":"Happy Flower"},{"floor":43.0,"key":"Strawberry"},{"floor":44.0,"key":"StoneCalendar"},{"floor":48.0,"key":"Gremlin Horn"},{"floor":54,"key":"Blood Vial"}],"event_choices":[{"damage_healed":0.0,"max_hp_gain":0.0,"max_hp_loss":0.0,"gold_gain":0.0,"event_name":"Shining Light","player_choice":"Entered Light","floor":4.0,"gold_loss":0.0,"damage_taken":16.0,"cards_upgraded":["Defend_R","Strike_R"]},{"damage_healed":0.0,"max_hp_gain":0.0,"max_hp_loss":0.0,"gold_gain":100.0,"event_name":"Wheel of Change","player_choice":"Gold","floor":5.0,"gold_loss":0.0,"damage_taken":0.0},{"damage_healed":0.0,"max_hp_gain":0.0,"max_hp_loss":0.0,"gold_gain":0.0,"event_name":"Ghosts","player_choice":"Ignored","floor":19.0,"gold_loss":0.0,"damage_taken":0.0},{"damage_healed":0.0,"max_hp_gain":0.0,"max_hp_loss":0.0,"gold_gain":0.0,"event_name":"Drug Dealer","player_choice":"Inject Mutagens","floor":21.0,"gold_loss":0.0,"damage_taken":0.0,"relics_obtained":["MutagenicStrength"]},{"damage_healed":0.0,"max_hp_gain":0.0,"max_hp_loss":0.0,"gold_gain":0.0,"event_name":"MindBloom","player_choice":"Fight","floor":36.0,"gold_loss":0.0,"damage_taken":0.0},{"cards_removed":["Strike_R"],"damage_healed":0.0,"max_hp_gain":0.0,"max_hp_loss":0.0,"gold_gain":0.0,"event_name":"Purifier","player_choice":"Purged","floor":41.0,"gold_loss":0.0,"damage_taken":0.0}],"is_beta":false,"boss_relics":[{"not_picked":["Coffee Dripper","Astrolabe"],"picked":"Snecko Eye"},{"not_picked":["Mark of Pain","Cursed Key"],"picked":"Orrery"}],"items_purged_floors":[],"is_endless":false,"potions_floor_spawned":[2,7,16,18,20,23,30,36,37,42,46,54],"killed_by":"The Heart","ascension_level":2}