{"gold_per_floor":[115,2,2,2,26,26,66,90,116,141,154,54,54,78,78,78],"floor_reached":16,"playtime":1194,"items_purged":["Strike_G","Strike_G"],"score":167,"play_id":"6f7b08ba-22b9-459e-9c68-e93a24095c93","local_time":"20190704180817","is_ascension_mode":true,"campfire_choices":[{"floor":6,"key":"REST"},{"floor":13,"key":"REST"},{"floor":15,"key":"REST"}],"neow_cost":"NONE","seed_source_timestamp":14339764609955,"circlet_count":0,"master_deck":["Strike_G","Strike_G","Strike_G","Defend_G","Defend_G","Defend_G","Defend_G","Survivor","Neutralize","Doppelganger","Reflex","Flechettes","Outmaneuver","Underhanded Strike","Dagger Throw","Well Laid Plans","Underhanded Strike","Tactician"],"special_seed":0,"relics":["Ring of the Snake","Golden Idol","Potion Belt","Art of War"],"potions_floor_usage":[7,14],"damage_taken":[{"damage":0,"enemies":"2 Louse","floor":1,"turns":2},{"damage":0,"enemies":"Jaw Worm","floor":5,"turns":4},{"damage":37,"enemies":"Lagavulin","floor":7,"turns":11},{"damage":0,"enemies":"Cultist","floor":8,"turns":3},{"damage":2,"enemies":"Red Slaver","floor":10,"turns":3},{"damage":10,"enemies":"Large Slime","floor":11,"turns":9},{"damage":1,"enemies":"Looter","floor":14,"turns":3},{"damage":60,"enemies":"Hexaghost","floor":16,"turns":11}],"seed_played":"9132110186840117575","potions_obtained":[{"floor":1,"key":"Explosive Potion"},{"floor":8,"key":"Dexterity Potion"},{"floor":11,"key":"Poison Potion"}],"is_trial":false,"path_per_floor":["M","$","?","?","M","R","E","M","T","M","M","$","R","M","R","B"],"character_chosen":"THE_SILENT","items_purchased":["Flechettes"],"campfire_rested":3,"item_purchase_floors":[2],"current_hp_per_floor":[70,70,63,46,46,67,30,30,30,28,18,18,39,38,59,0],"gold":78,"neow_bonus":"ONE_RANDOM_RARE_CARD","is_prod":false,"is_daily":false,"chose_seed":false,"campfire_upgraded":0,"win_rate":0,"timestamp":1562234897,"path_taken":["M","$","?","?","M","R","E","?","T","?","M","?","R","M","R","BOSS"],"build_version":"2019-07-01","purchased_purges":2,"victory":false,"max_hp_per_floor":[70,70,70,70,70,70,70,70,70,70,70,70,70,70,70,70],"card_choices":[{"not_picked":["PiercingWail","Noxious Fumes"],"picked":"Reflex","floor":1},{"not_picked":["Backstab","Dodge and Roll"],"picked":"Outmaneuver","floor":5},{"not_picked":["Cloak And Dagger","Bane"],"picked":"Underhanded Strike","floor":7},{"not_picked":["Masterful Stab","Heel Hook"],"picked":"Dagger Throw","floor":8},{"not_picked":["Prepared","Backflip"],"picked":"Well Laid Plans","floor":10},{"not_picked":["Poisoned Stab","Sucker Punch"],"picked":"Underhanded Strike","floor":11},{"not_picked":["Masterful Stab","Poisoned Stab"],"picked":"Tactician","floor":14}],"player_experience":135591,"relics_obtained":[{"floor":7,"key":"Potion Belt"},{"floor":9,"key":"Art of War"}],"event_choices":[{"cards_removed":["Defend_G"],"damage_healed":0,"gold_gain":0,"player_choice":"Card Removal","damage_taken":7,"max_hp_gain":0,"max_hp_loss":0,"event_name":"Golden Wing","floor":3,"gold_loss":0},{"damage_healed":0,"gold_gain":0,"player_choice":"Take Damage","damage_taken":17,"relics_obtained":["Golden Idol"],"max_hp_gain":0,"max_hp_loss":0,"event_name":"Golden Idol","floor":4,"gold_loss":0}],"is_beta":false,"boss_relics":[],"items_purged_floors":[2,12],"is_endless":false,"potions_floor_spawned":[1,8,11],"killed_by":"Hexaghost","ascension_level":2}