{"gold_per_floor":[118,118,73,86,101,101,130,130,203,203,203,203,228,243,243,243],"floor_reached":16,"playtime":658,"items_purged":[],"score":100,"play_id":"c0cbd191-3d17-4df3-a691-3fd473727a56","local_time":"20181105171638","is_ascension_mode":false,"campfire_choices":[{"data":"True Grit","floor":6,"key":"SMITH"},{"data":"Barricade","floor":11,"key":"SMITH"},{"data":"Shrug It Off","floor":15,"key":"SMITH"}],"neow_cost":"PERCENT_DAMAGE","seed_source_timestamp":188391728802818,"circlet_count":0,"master_deck":["Strike_R","Strike_R","Strike_R","Strike_R","Defend_R","Defend_R","Defend_R","Defend_R","Bash","Thunderclap","True Grit+1","Shrug It Off","Barricade+1","Thunderclap","Injury","Shrug It Off+1"],"relics":["Burning Blood","Shovel","Juzu Bracelet","Darkstone Periapt","Golden Idol"],"potions_floor_usage":[7,16],"damage_taken":[{"damage":8,"enemies":"Jaw Worm","floor":1,"turns":3},{"damage":1,"enemies":"2 Louse","floor":4,"turns":3},{"damage":0,"enemies":"Cultist","floor":5,"turns":3},{"damage":26,"enemies":"3 Sentries","floor":7,"turns":10},{"damage":9,"enemies":"3 Louse","floor":13,"turns":5},{"damage":7,"enemies":"Blue Slaver","floor":14,"turns":6},{"damage":40,"enemies":"Hexaghost","floor":16,"turns":16}],"seed_played":"-5249627539707333820","potions_obtained":[{"floor":4,"key":"PowerPotion"},{"floor":5,"key":"PowerPotion"},{"floor":7,"key":"Explosive Potion"}],"is_trial":false,"path_per_floor":["M","?","$","M","M","R","E","?","T","?","R","?","M","M","R","B"],"character_chosen":"IRONCLAD","items_purchased":["True Grit"],"campfire_rested":0,"item_purchase_floors":[3],"current_hp_per_floor":[54,47,47,52,58,58,38,38,38,38,38,44,41,40,40,0],"gold":243,"neow_bonus":"ONE_RARE_RELIC","is_prod":false,"is_daily":false,"chose_seed":false,"campfire_upgraded":3,"win_rate":0,"timestamp":1541398598,"path_taken":["M","?","$","M","M","R","E","?","T","?","R","?","M","M","R","BOSS"],"build_version":"2018-11-02","purchased_purges":0,"victory":false,"max_hp_per_floor":[80,80,80,80,80,80,80,80,80,80,80,86,86,86,86,86],"card_choices":[{"not_picked":["Havoc","Wild Strike"],"picked":"Thunderclap","floor":1},{"not_picked":["Shockwave","Combust"],"picked":"Shrug It Off","floor":4},{"not_picked":["Cleave","Headbutt","Clothesline"],"picked":"SKIP","floor":5},{"not_picked":["Juggernaut","Wild Strike","Searing Blow"],"picked":"SKIP","floor":7},{"not_picked":["Clash","Anger"],"picked":"Shrug It Off","floor":13},{"not_picked":["Reckless Charge","Bloodletting","Body Slam"],"picked":"SKIP","floor":14}],"player_experience":423560,"relics_obtained":[{"floor":7,"key":"Juzu Bracelet"},{"floor":9,"key":"Darkstone Periapt"}],"event_choices":[{"cards_removed":["Strike_R"],"damage_healed":0,"gold_gain":0,"player_choice":"Card Removal","damage_taken":7,"max_hp_gain":0,"max_hp_loss":0,"event_name":"Golden Wing","floor":2,"gold_loss":0},{"damage_healed":0,"gold_gain":0,"player_choice":"2 cards matched","damage_taken":0,"max_hp_gain":0,"max_hp_loss":0,"event_name":"Match and Keep!","floor":8,"gold_loss":0,"cards_obtained":["Barricade","Thunderclap"]},{"damage_healed":0,"gold_gain":0,"player_choice":"Fled","damage_taken":0,"max_hp_gain":0,"max_hp_loss":0,"event_name":"Scrap Ooze","floor":10,"gold_loss":0},{"damage_healed":0,"gold_gain":0,"player_choice":"Take Wound","damage_taken":0,"relics_obtained":["Golden Idol"],"max_hp_gain":0,"max_hp_loss":0,"event_name":"Golden Idol","floor":12,"gold_loss":0,"cards_obtained":["Injury"]}],"is_beta":true,"boss_relics":[],"items_purged_floors":[],"is_endless":false,"potions_floor_spawned":[4,5,7],"killed_by":"Hexaghost","ascension_level":0}