{"gold_per_floor":[116,128,128,140,154,154,188,188,213,240,253,253,155,188,188,293,293,312,326,26,26,26,26,39,39,39,64,64,83,83,93,93,193,193,193,206,156,170,120,138,138,138,165,265,64,98,98,98,98,98],"floor_reached":50,"playtime":6000,"items_purged":["Strike_G","Strike_G","Calculated Gamble","Defend_G","Parasite"],"score":533,"play_id":"3f028021-3f01-4717-971c-7f166b58dc0d","local_time":"20190703173154","is_ascension_mode":true,"campfire_choices":[{"floor":6,"key":"RECALL"},{"floor":8,"key":"REST"},{"floor":12,"key":"REST"},{"floor":15,"key":"REST"},{"data":"Reflex","floor":23,"key":"SMITH"},{"data":"Venomology","floor":25,"key":"SMITH"},{"data":"Prepared","floor":28,"key":"SMITH"},{"data":"Acrobatics","floor":32,"key":"SMITH"},{"data":"Reflex","floor":41,"key":"SMITH"},{"data":"Neutralize","floor":47,"key":"SMITH"},{"data":"Madness","floor":49,"key":"SMITH"}],"neow_cost":"NONE","seed_source_timestamp":878484808187120,"circlet_count":0,"master_deck":["Defend_G","Defend_G","Survivor","Neutralize+1","Trip+1","Endless Agony","All Out Attack","Flying Knee","Dagger Throw","Prepared+1","Quick Slash","Dagger Throw","Acrobatics+1","Venomology+1","All Out Attack","Acrobatics","Reflex+1","Unload","Outmaneuver+1","Blade Dance+1","Phantasmal Killer+1","Dash+1","Reflex+1","Thinking Ahead","Unload","Madness+1","Madness"],"relics":["Ring of the Snake","Centennial Puzzle","Lantern","Bag of Marbles","Eternal Feather","Toy Ornithopter","Smiling Mask","Bag of Preparation","Astrolabe","Snake Skull","FossilizedHelix","Anchor","Dodecahedron"],"potions_floor_usage":[18,19,24,27,29,31,33,33,35,38,40,46,46,50,50,50],"damage_taken":[{"damage":0,"enemies":"Small Slimes","floor":1,"turns":4},{"damage":0,"enemies":"Cultist","floor":2,"turns":3},{"damage":0,"enemies":"2 Louse","floor":4,"turns":1},{"damage":2,"enemies":"Blue Slaver","floor":5,"turns":3},{"damage":32,"enemies":"Lagavulin","floor":7,"turns":9},{"damage":13,"enemies":"Gremlin Nob","floor":10,"turns":4},{"damage":7,"enemies":"Exordium Wildlife","floor":11,"turns":3},{"damage":10,"enemies":"3 Sentries","floor":14,"turns":6},{"damage":61,"enemies":"The Guardian","floor":16,"turns":14},{"damage":2,"enemies":"Chosen","floor":18,"turns":3},{"damage":2,"enemies":"Shell Parasite","floor":19,"turns":5},{"damage":12,"enemies":"Snake Plant","floor":24,"turns":4},{"damage":24,"enemies":"Slavers","floor":27,"turns":3},{"damage":10,"enemies":"Shelled Parasite and Fungi","floor":29,"turns":3},{"damage":0,"enemies":"Chosen and Byrds","floor":31,"turns":3},{"damage":74,"enemies":"Automaton","floor":33,"turns":9},{"damage":2,"enemies":"3 Darklings","floor":35,"turns":2},{"damage":3,"enemies":"Orb Walker","floor":36,"turns":2},{"damage":9,"enemies":"Transient","floor":38,"turns":5},{"damage":15,"enemies":"Writhing Mass","floor":40,"turns":3},{"damage":0,"enemies":"Mind Bloom Boss Battle","floor":44,"turns":4},{"damage":4,"enemies":"Nemesis","floor":46,"turns":5},{"damage":96,"enemies":"Awakened One","floor":50,"turns":11}],"seed_played":"2047233834294483543","potions_obtained":[{"floor":1,"key":"LiquidBronze"},{"floor":2,"key":"Strength Potion"},{"floor":4,"key":"Ancient Potion"},{"floor":10,"key":"SmokeBomb"},{"floor":16,"key":"Fire Potion"},{"floor":19,"key":"GhostInAJar"},{"floor":33,"key":"Regen Potion"},{"floor":44,"key":"EssenceOfSteel"}],"is_trial":false,"path_per_floor":["M","M","?","M","M","R","E","R","T","E","M","R","$","E","R","B",null,"M","M","$","?","?","R","M","R","T","E","R","M","?","M","R","B",null,"M","M","$","M","$","M","R","?","T","?","$","E","R","?","R","B"],"character_chosen":"THE_SILENT","items_purchased":["Dagger Throw","Toy Ornithopter","Anchor"],"campfire_rested":3,"item_purchase_floors":[13,20,45],"current_hp_per_floor":[70,70,70,70,68,68,36,57,57,44,37,58,58,48,69,8,70,68,66,66,66,66,70,61,70,70,51,63,58,58,63,70,1,70,70,67,67,66,66,55,67,62,62,62,62,63,67,59,67,0],"gold":98,"neow_bonus":"RANDOM_COLORLESS","is_prod":false,"is_daily":false,"chose_seed":false,"campfire_upgraded":7,"win_rate":0,"timestamp":1562146314,"path_taken":["M","M","?","?","M","R","E","R","T","E","M","R","$","E","R","BOSS","M","M","$","?","?","R","M","R","T","E","R","?","?","?","R","BOSS","M","M","$","M","$","M","R","?","T","?","$","E","R","?","R","BOSS"],"build_version":"2019-07-01","purchased_purges":5,"victory":false,"max_hp_per_floor":[70,70,70,70,70,70,70,70,70,70,70,70,70,70,70,70,70,70,70,70,70,70,70,70,70,70,70,70,70,70,70,70,70,70,70,70,70,70,70,70,70,70,70,70,67,67,67,67,67,67],"card_choices":[{"not_picked":["Deflect","Deadly Poison"],"picked":"Endless Agony","floor":1},{"not_picked":["Concentrate","Noxious Fumes"],"picked":"All Out Attack","floor":2},{"not_picked":["Setup","Choke"],"picked":"Flying Knee","floor":4},{"not_picked":["Deflect","Dagger Spray"],"picked":"Dagger Throw","floor":5},{"not_picked":["Bullet Time","Night Terror"],"picked":"Calculated Gamble","floor":7},{"not_picked":["Escape Plan","Setup"],"picked":"Prepared","floor":10},{"not_picked":["Deflect","Poisoned Stab"],"picked":"Quick Slash","floor":11},{"not_picked":["Expertise","Escape Plan"],"picked":"Acrobatics","floor":14},{"not_picked":["Bullet Time","Corpse Explosion"],"picked":"Venomology","floor":16},{"not_picked":["Footwork+1","Acrobatics"],"picked":"All Out Attack","floor":18},{"not_picked":["Terror","Dagger Throw"],"picked":"Acrobatics","floor":19},{"not_picked":["Masterful Stab+1","Outmaneuver","Sucker Punch+1"],"picked":"SKIP","floor":24},{"not_picked":["Expertise","Bane"],"picked":"Outmaneuver+1","floor":27},{"not_picked":["Cloak And Dagger","Slice","Catalyst"],"picked":"SKIP","floor":29},{"not_picked":["Cloak And Dagger","Dagger Spray+1","Deadly Poison+1"],"picked":"SKIP","floor":31},{"not_picked":["Deflect","Acrobatics"],"picked":"Reflex","floor":36},{"not_picked":["Blur+1","Cloak And Dagger","Calculated Gamble+1"],"picked":"SKIP","floor":38},{"not_picked":["Prepared+1","Distraction","Dagger Spray+1"],"picked":"SKIP","floor":40},{"not_picked":["Forethought","Apotheosis"],"picked":"Thinking Ahead","floor":42},{"not_picked":["Dagger Spray+1","Blur"],"picked":"Unload","floor":46}],"player_experience":93552,"relics_obtained":[{"floor":7,"key":"Centennial Puzzle"},{"floor":10,"key":"Lantern"},{"floor":14,"key":"Bag of Marbles"},{"floor":26,"key":"Smiling Mask"},{"floor":27,"key":"Bag of Preparation"},{"floor":43,"key":"Snake Skull"},{"floor":44,"key":"FossilizedHelix"},{"floor":46,"key":"Dodecahedron"}],"event_choices":[{"damage_healed":0,"gold_gain":0,"player_choice":"Upgraded","damage_taken":0,"max_hp_gain":0,"max_hp_loss":0,"event_name":"Upgrade Shrine","floor":3,"gold_loss":0,"cards_upgraded":["Trip"]},{"damage_healed":0,"gold_gain":0,"player_choice":"Ignored","damage_taken":0,"max_hp_gain":0,"max_hp_loss":0,"event_name":"The Mausoleum","floor":21,"gold_loss":0},{"damage_healed":0,"gold_gain":0,"cards_transformed":["Strike_G","Strike_G"],"player_choice":"Became Test Subject","damage_taken":0,"max_hp_gain":0,"max_hp_loss":0,"event_name":"Drug Dealer","floor":22,"gold_loss":0,"cards_obtained":["Reflex","Unload"]},{"damage_healed":0,"gold_gain":0,"player_choice":"0 cards matched","damage_taken":0,"max_hp_gain":0,"max_hp_loss":0,"event_name":"Match and Keep!","floor":30,"gold_loss":0,"cards_obtained":[]},{"damage_healed":0,"gold_gain":0,"player_choice":"Memory 2","damage_taken":5,"max_hp_gain":0,"max_hp_loss":0,"event_name":"SensoryStone","floor":42,"gold_loss":0},{"damage_healed":0,"gold_gain":0,"player_choice":"Fight","damage_taken":0,"max_hp_gain":0,"max_hp_loss":0,"event_name":"MindBloom","floor":44,"gold_loss":0},{"damage_healed":0,"gold_gain":0,"player_choice":"Embrace Madness","damage_taken":8,"max_hp_gain":0,"max_hp_loss":0,"event_name":"Winding Halls","floor":48,"gold_loss":0,"cards_obtained":["Madness","Madness"]}],"is_beta":false,"boss_relics":[{"not_picked":["Lizard Tail","Tiny House"],"picked":"Eternal Feather"},{"not_picked":["Empty Cage","Black Star"],"picked":"Astrolabe"}],"items_purged_floors":[13,20,37,39,45],"is_endless":false,"potions_floor_spawned":[1,2,4,10,14,16,19,24,31,33,36,38,44],"killed_by":"Awakened One","ascension_level":1}