{"gold_per_floor":[113,113,129,129,142,174,174,23,23,53,76,76,111,111,111,213,213,228,228,240,3,3,3,38,38,38,71,82,82,112,132,132,228,228,248,4,104,104,118,143,143,178,203,203,203,216,216,244,244,244,244,244,26,54,54],"floor_reached":56,"playtime":3676,"items_purged":["Strike_R","Strike_R","Strike_R"],"score":1521,"play_id":"8bc936bd-3198-4f41-a738-74248f795cb4","local_time":"20190719113224","is_ascension_mode":true,"campfire_choices":[{"floor":7.0,"key":"REST"},{"floor":15.0,"key":"REST"},{"data":"Immolate","floor":23.0,"key":"SMITH"},{"data":"Shrug It Off","floor":29.0,"key":"SMITH"},{"floor":32.0,"key":"REST"},{"floor":41.0,"key":"RECALL"},{"floor":45.0,"key":"REST"},{"floor":47.0,"key":"REST"},{"data":"Fiend Fire","floor":49,"key":"SMITH"},{"data":"Inflame","floor":52,"key":"SMITH"}],"neow_cost":"NONE","seed_source_timestamp":777776388892109,"circlet_count":0,"master_deck":["Strike_R+1","Strike_R+1","Defend_R","Defend_R+1","Defend_R","Defend_R","Bash","Uppercut+1","Inflame+1","Battle Trance+1","Armaments","Immolate+1","Reaper","Shockwave+1","Shrug It Off+1","Feel No Pain","Inflame+1","Metallicize+1","Carnage","True Grit+1","Fiend Fire+1","Evolve+1","Ghostly Armor+1","Armaments+1","Pain","True Grit+1"],"special_seed":0,"relics":["Burning Blood","Juzu Bracelet","Singing Bowl","Matryoshka","Whetstone","Bronze Scales","War Paint","Omamori","Question Card","Snecko Eye","MawBank","Toxic Egg 2","Red Skull","Anchor","Pantograph","Cursed Key","Vajra","WingedGreaves","The Courier","Art of War","Potion Belt","Meat on the Bone","Incense Burner","Centennial Puzzle"],"potions_floor_usage":[54,54,54,55,55,55],"damage_taken":[{"damage":10.0,"enemies":"2 Louse","floor":1.0,"turns":3.0},{"damage":5.0,"enemies":"Small Slimes","floor":3.0,"turns":4.0},{"damage":4.0,"enemies":"Jaw Worm","floor":5.0,"turns":4.0},{"damage":35.0,"enemies":"Lagavulin","floor":6.0,"turns":7.0},{"damage":20.0,"enemies":"Gremlin Nob","floor":10.0,"turns":4.0},{"damage":20.0,"enemies":"Lagavulin","floor":13.0,"turns":4.0},{"damage":16.0,"enemies":"The Guardian","floor":16.0,"turns":11.0},{"damage":0.0,"enemies":"3 Byrds","floor":18.0,"turns":2.0},{"damage":2.0,"enemies":"Gremlin Leader","floor":24.0,"turns":5.0},{"damage":23.0,"enemies":"Book of Stabbing","floor":27.0,"turns":3.0},{"damage":32.0,"enemies":"2 Thieves","floor":28.0,"turns":3.0},{"damage":21.0,"enemies":"Gremlin Leader","floor":30.0,"turns":4.0},{"damage":18.0,"enemies":"Shelled Parasite and Fungi","floor":31.0,"turns":3.0},{"damage":53.0,"enemies":"Champ","floor":33.0,"turns":14.0},{"damage":0.0,"enemies":"Orb Walker","floor":35.0,"turns":3.0},{"damage":4.0,"enemies":"Mind Bloom Boss Battle","floor":37.0,"turns":7.0},{"damage":0.0,"enemies":"3 Darklings","floor":39.0,"turns":1.0},{"damage":14.0,"enemies":"Reptomancer","floor":40.0,"turns":5.0},{"damage":75.0,"enemies":"Giant Head","floor":42.0,"turns":8.0},{"damage":15.0,"enemies":"Sphere and 2 Shapes","floor":46.0,"turns":4.0},{"damage":19.0,"enemies":"Nemesis","floor":48.0,"turns":7.0},{"damage":83,"enemies":"Donu and Deca","floor":50,"turns":12},{"damage":53,"enemies":"Shield and Spear","floor":54,"turns":6},{"damage":96,"enemies":"The Heart","floor":55,"turns":14}],"seed_played":"-5449224878615867254","potions_obtained":[{"floor":3.0,"key":"Explosive Potion"},{"floor":10.0,"key":"Swift Potion"},{"floor":13.0,"key":"EssenceOfSteel"},{"floor":24.0,"key":"SpeedPotion"},{"floor":27.0,"key":"FearPotion"},{"floor":30.0,"key":"Swift Potion"},{"floor":39.0,"key":"BloodPotion"},{"floor":48.0,"key":"EssenceOfSteel"},{"floor":54,"key":"Swift Potion"}],"is_trial":false,"path_per_floor":["M","?","M","?","M","E","R","$","T","E","T","?","E","?","R","B",null,"M","?","?","$","?","R","E","$","T","E","M","R","E","M","R","B",null,"M","$","?","?","M","E","R","E","T","T","R","M","R","E","R","B",null,"R","$","E","B",null],"character_chosen":"IRONCLAD","items_purchased":["Immolate","Feel No Pain","Block Potion","Swift Potion","Vajra","Swift Potion","Weak Potion","Weak Potion"],"campfire_rested":5,"item_purchase_floors":[8,21,21,21,36,53,53,53],"current_hp_per_floor":[68,68,69,62,64,35,59,59,59,47,47,47,35,35,60,50,76,84,84,84,84,84,84,84,84,84,77,60,60,45,33,58,43,75,81,81,86,82,82,76,76,30,30,30,55,58,83,73,73,50,79,79,79,62,27],"gold":54,"neow_bonus":"RANDOM_COMMON_RELIC","is_prod":false,"is_daily":false,"chose_seed":false,"campfire_upgraded":4,"win_rate":0,"timestamp":1563550344,"path_taken":["M","?","M","?","M","E","R","?","T","E","?","?","E","?","R","BOSS","M","?","?","$","?","R","E","?","T","E","M","R","E","M","R","BOSS","M","$","?","?","M","E","R","E","T","?","R","M","R","E","R","BOSS","R","$","E","BOSS"],"build_version":"2019-07-17","purchased_purges":3,"victory":true,"max_hp_per_floor":[80,80,80,80,80,80,80,80,80,82,82,82,84,84,84,84,84,84,84,84,84,84,84,84,84,84,84,86,86,86,86,86,86,86,86,86,86,82,82,84,84,86,86,86,86,86,86,88,88,88,88,88,88,90,90],"card_choices":[{"not_picked":["Wild Strike","Perfected Strike"],"picked":"Uppercut","floor":1.0},{"not_picked":["Infernal Blade","Clash"],"picked":"Inflame","floor":3.0},{"not_picked":["Havoc","Heavy Blade"],"picked":"Battle Trance","floor":5.0},{"not_picked":["Thunderclap","Cleave"],"picked":"Armaments","floor":6.0},{"not_picked":["Bloodletting","Body Slam","Infernal Blade"],"picked":"Singing Bowl","floor":10.0},{"not_picked":["Wild Strike","Clash","Blood for Blood"],"picked":"Singing Bowl","floor":13.0},{"not_picked":["Exhume","Double Tap","Impervious"],"picked":"Reaper","floor":16.0},{"not_picked":["True Grit+1","Shrug It Off+1","Warcry"],"picked":"Shockwave","floor":18.0},{"not_picked":["Body Slam","Entrench","Havoc+1"],"picked":"Inflame+1","floor":24.0},{"not_picked":["Warcry+1","Shrug It Off+1","Juggernaut"],"picked":"Metallicize+1","floor":27.0},{"not_picked":["Perfected Strike","Sword Boomerang","Wild Strike+1","Ghostly Armor+1"],"picked":"Singing Bowl","floor":28.0},{"not_picked":["Clothesline+1","Headbutt","Rage+1"],"picked":"Carnage","floor":30.0},{"not_picked":["Rampage+1","Iron Wave","Bloodletting+1"],"picked":"True Grit+1","floor":31.0},{"not_picked":["Offering+1","Exhume+1","Brutality"],"picked":"Fiend Fire","floor":33.0},{"not_picked":["Headbutt","Flex+1","Havoc+1"],"picked":"Evolve+1","floor":35.0},{"not_picked":["Body Slam+1","Seeing Red+1","Hemokinesis+1"],"picked":"Ghostly Armor+1","floor":37.0},{"not_picked":["Pummel","Hemokinesis+1","Burning Pact+1"],"picked":"Armaments+1","floor":39.0},{"not_picked":["Double Tap+1","Fire Breathing","Iron Wave","Whirlwind"],"picked":"Singing Bowl","floor":40.0},{"not_picked":["Offering+1","Anger","Iron Wave","Sword Boomerang+1"],"picked":"Singing Bowl","floor":42.0},{"not_picked":["Metallicize+1","Heavy Blade+1","Sword Boomerang"],"picked":"True Grit+1","floor":46.0},{"not_picked":["Sentinel+1","Intimidate+1","Perfected Strike+1","Warcry+1"],"picked":"Singing Bowl","floor":48.0},{"not_picked":["Warcry+1","Corruption+1","Sentinel+1","Fire Breathing"],"picked":"Singing Bowl","floor":54}],"player_experience":218900,"relics_obtained":[{"floor":6.0,"key":"Matryoshka"},{"floor":9.0,"key":"Whetstone"},{"floor":9.0,"key":"Bronze Scales"},{"floor":10.0,"key":"War Paint"},{"floor":11.0,"key":"Omamori"},{"floor":13.0,"key":"Question Card"},{"floor":24.0,"key":"Toxic Egg 2"},{"floor":26.0,"key":"Red Skull"},{"floor":27.0,"key":"Anchor"},{"floor":30.0,"key":"Pantograph"},{"floor":37.0,"key":"WingedGreaves"},{"floor":40.0,"key":"The Courier"},{"floor":42.0,"key":"Art of War"},{"floor":43.0,"key":"Potion Belt"},{"floor":44.0,"key":"Meat on the Bone"},{"floor":48.0,"key":"Incense Burner"},{"floor":54,"key":"Centennial Puzzle"}],"event_choices":[{"damage_healed":0.0,"max_hp_gain":0.0,"max_hp_loss":0.0,"gold_gain":0.0,"event_name":"Living Wall","player_choice":"Grow","floor":2.0,"gold_loss":0.0,"damage_taken":0.0,"cards_upgraded":["Uppercut"]},{"damage_healed":0.0,"max_hp_gain":0.0,"max_hp_loss":0.0,"gold_gain":0.0,"event_name":"Scrap Ooze","player_choice":"Success","floor":4.0,"gold_loss":0.0,"damage_taken":7.0,"relics_obtained":["Singing Bowl"]},{"damage_healed":0.0,"max_hp_gain":0.0,"max_hp_loss":0.0,"gold_gain":0.0,"event_name":"Liars Game","player_choice":"Ignored","floor":12.0,"gold_loss":0.0,"damage_taken":0.0},{"damage_healed":0.0,"max_hp_gain":0.0,"max_hp_loss":0.0,"gold_gain":0.0,"event_name":"Dead Adventurer","player_choice":"Searched \u00270\u0027 times","floor":14.0,"gold_loss":0.0,"damage_taken":0.0},{"damage_healed":0.0,"max_hp_gain":0.0,"max_hp_loss":0.0,"gold_gain":0.0,"event_name":"The Mausoleum","player_choice":"Opened","floor":19.0,"gold_loss":0.0,"damage_taken":0.0,"relics_obtained":["MawBank"],"cards_obtained":["Writhe"]},{"damage_healed":0.0,"max_hp_gain":0.0,"max_hp_loss":0.0,"gold_gain":0.0,"event_name":"The Library","player_choice":"Read","floor":20.0,"gold_loss":0.0,"damage_taken":0.0,"cards_obtained":["Shrug It Off"]},{"damage_healed":0.0,"max_hp_gain":0.0,"max_hp_loss":0.0,"gold_gain":0.0,"event_name":"Accursed Blacksmith","player_choice":"Forge","floor":22.0,"gold_loss":0.0,"damage_taken":0.0,"cards_upgraded":["Shockwave"]},{"damage_healed":0.0,"max_hp_gain":0.0,"max_hp_loss":0.0,"gold_gain":0.0,"event_name":"MindBloom","player_choice":"Fight","floor":37.0,"gold_loss":0.0,"damage_taken":0.0},{"damage_healed":0.0,"max_hp_gain":0.0,"max_hp_loss":4.0,"gold_gain":0.0,"event_name":"Winding Halls","player_choice":"Max HP","floor":38.0,"gold_loss":0.0,"damage_taken":0.0}],"is_beta":false,"boss_relics":[{"not_picked":["Eternal Feather","Black Blood"],"picked":"Snecko Eye"},{"not_picked":["Sozu","Mark of Pain"],"picked":"Cursed Key"}],"items_purged_floors":[21,36,53],"is_endless":false,"potions_floor_spawned":[3,10,13,24,27,28,30,39,40,48,54],"ascension_level":6}