{"gold_per_floor":[110,129,147,166,176,176,203,220,220,220,250,250,276,48,48,148,148,166,15,15,30,30,65,65,92,92,17,17,29,29,48,48,144,144,160,260,307,325,71,71,84,84,84,84,95,114,126,144,144,144],"floor_reached":51,"playtime":2830,"items_purged":["Strike_B"],"score":1031,"play_id":"5ea9488a-2b95-42fd-b3d6-61956b7b7e7f","local_time":"20190711182214","is_ascension_mode":true,"campfire_choices":[{"data":"Streamline","floor":6,"key":"SMITH"},{"floor":10,"key":"REST"},{"data":"Genetic Algorithm","floor":12,"key":"SMITH"},{"data":"Zap","floor":15,"key":"SMITH"},{"floor":24,"key":"REST"},{"data":"Defragment","floor":28,"key":"SMITH"},{"floor":32,"key":"REST"},{"floor":40,"key":"REST"},{"data":"Seek","floor":44,"key":"SMITH"},{"floor":49,"key":"REST"}],"neow_cost":"NONE","seed_source_timestamp":200184115226238,"circlet_count":0,"master_deck":["AscendersBane","Strike_B","Strike_B","Defend_B","Defend_B","Defend_B","Defend_B","Zap+1","Dualcast","Conserve Battery","Steam","Ball Lightning","Genetic Algorithm+1","Streamline+1","Compile Driver","Sweeping Beam","Core Surge","Echo Form","Ball Lightning","Defragment+1","Doom and Gloom","Leap","Seek+1","Coolheaded","Capacitor","Biased Cognition","Go for the Eyes+1","Steam+1","Defragment","Leap+1","Loop+1"],"relics":["Cracked Core","NeowsBlessing","Ornamental Fan","Sundial","FossilizedHelix","Odd Mushroom","Runic Dome","Happy Flower","Peace Pipe","Kunai","Inserter","Turnip","Mango","Bottled Lightning","Emotion Chip"],"potions_floor_usage":[11,16,37,50],"damage_taken":[{"damage":0,"enemies":"2 Louse","floor":1,"turns":1},{"damage":0,"enemies":"Small Slimes","floor":2,"turns":1},{"damage":0,"enemies":"Jaw Worm","floor":3,"turns":1},{"damage":6,"enemies":"Looter","floor":4,"turns":3},{"damage":9,"enemies":"Exordium Wildlife","floor":5,"turns":4},{"damage":34,"enemies":"Gremlin Nob","floor":7,"turns":4},{"damage":0,"enemies":"3 Louse","floor":8,"turns":3},{"damage":10,"enemies":"Lagavulin","floor":11,"turns":5},{"damage":3,"enemies":"The Mushroom Lair","floor":13,"turns":4},{"damage":11,"enemies":"Hexaghost","floor":16,"turns":9},{"damage":0,"enemies":"Chosen","floor":18,"turns":5},{"damage":7,"enemies":"Shell Parasite","floor":21,"turns":4},{"damage":20,"enemies":"Slavers","floor":23,"turns":6},{"damage":18,"enemies":"Gremlin Leader","floor":25,"turns":7},{"damage":0,"enemies":"Sentry and Sphere","floor":29,"turns":4},{"damage":16,"enemies":"Snake Plant","floor":31,"turns":4},{"damage":14,"enemies":"Champ","floor":33,"turns":12},{"damage":0,"enemies":"Orb Walker","floor":35,"turns":4},{"damage":0,"enemies":"Mind Bloom Boss Battle","floor":36,"turns":5},{"damage":51,"enemies":"2 Orb Walkers","floor":37,"turns":6},{"damage":13,"enemies":"3 Shapes","floor":38,"turns":6},{"damage":18,"enemies":"Spire Growth","floor":41,"turns":7},{"damage":22,"enemies":"Maw","floor":45,"turns":8},{"damage":26,"enemies":"Jaw Worm Horde","floor":46,"turns":5},{"damage":0,"enemies":"4 Shapes","floor":47,"turns":6},{"damage":0,"enemies":"Transient","floor":48,"turns":5},{"damage":47,"enemies":"Time Eater","floor":50,"turns":8}],"seed_played":"-3211995360915984926","potions_obtained":[{"floor":1,"key":"Explosive Potion"},{"floor":5,"key":"EssenceOfSteel"},{"floor":18,"key":"SpeedPotion"},{"floor":25,"key":"Explosive Potion"},{"floor":33,"key":"Weak Potion"},{"floor":41,"key":"FocusPotion"}],"is_trial":false,"path_per_floor":["M","M","M","M","M","R","E","M","T","R","E","R","?","$","R","B",null,"M","$","?","M","?","E","R","E","T","?","R","M","$","M","R","B",null,"M","?","?","M","$","R","M","?","T","R","M","M","M","M","R","B",null],"character_chosen":"DEFECT","items_purchased":["Core Surge","Defragment","Doom and Gloom","Bottled Lightning"],"campfire_rested":5,"item_purchase_floors":[14,19,19,39],"current_hp_per_floor":[68,68,68,62,53,53,19,19,19,41,31,31,28,28,28,17,61,61,61,61,54,54,34,56,38,38,38,38,38,38,22,44,30,64,64,64,27,14,14,40,22,78,78,78,56,30,30,30,53,6],"gold":144,"neow_bonus":"THREE_ENEMY_KILL","is_prod":false,"is_daily":false,"chose_seed":false,"campfire_upgraded":5,"win_rate":0,"timestamp":1562833334,"path_taken":["M","M","M","M","M","R","E","M","T","R","E","R","?","$","R","BOSS","M","$","?","M","?","E","R","E","T","?","R","M","$","?","R","BOSS","M","?","?","M","$","R","M","?","T","R","M","M","M","M","R","BOSS"],"build_version":"2019-07-05","purchased_purges":1,"victory":true,"max_hp_per_floor":[75,75,75,75,75,75,75,75,75,75,75,75,75,75,75,75,75,75,75,75,75,75,75,75,75,75,75,75,75,75,75,75,75,75,75,75,89,89,89,89,89,78,78,78,78,78,78,78,78,78],"card_choices":[{"not_picked":["Fusion","Leap"],"picked":"Conserve Battery","floor":1},{"not_picked":["Buffer","Stack"],"picked":"Steam","floor":2},{"not_picked":["Recycle","Leap"],"picked":"Ball Lightning","floor":3},{"not_picked":["Turbo","Glacier"],"picked":"Genetic Algorithm","floor":4},{"not_picked":["Beam Cell","Aggregate","Streamline"],"picked":"SKIP","floor":5},{"not_picked":["Beam Cell","Aggregate"],"picked":"Streamline","floor":5},{"not_picked":["Machine Learning","Beam Cell"],"picked":"Compile Driver","floor":7},{"not_picked":["Compile Driver","Steam","Turbo"],"picked":"SKIP","floor":8},{"not_picked":["Turbo","Force Field","Barrage"],"picked":"SKIP","floor":11},{"not_picked":["Rebound","Coolheaded"],"picked":"Sweeping Beam","floor":13},{"not_picked":["Machine Learning","Rainbow"],"picked":"Echo Form","floor":16},{"not_picked":["Loop","Conserve Battery"],"picked":"Ball Lightning","floor":18},{"not_picked":["Hologram","Barrage"],"picked":"Leap","floor":21},{"not_picked":["Barrage","Leap"],"picked":"Seek","floor":23},{"not_picked":["Sweeping Beam","Gash+1"],"picked":"Coolheaded","floor":25},{"not_picked":["Steam","Ball Lightning","Aggregate"],"picked":"SKIP","floor":29},{"not_picked":["Steam","Chaos"],"picked":"Capacitor","floor":31},{"not_picked":["Fission","Reboot"],"picked":"Biased Cognition","floor":33},{"not_picked":["Force Field","Stack"],"picked":"Go for the Eyes+1","floor":35},{"not_picked":["Force Field","Rebound"],"picked":"Steam+1","floor":38},{"not_picked":["Turbo","Rebound","Redo"],"picked":"SKIP","floor":41},{"not_picked":["Redo+1","Reboot"],"picked":"Defragment","floor":45},{"not_picked":["Stack+1","Hologram"],"picked":"Leap+1","floor":46},{"not_picked":["Leap","Redo+1"],"picked":"Loop+1","floor":47},{"not_picked":["Reinforced Body","Turbo+1","Go for the Eyes+1"],"picked":"SKIP","floor":48}],"player_experience":619004,"relics_obtained":[{"floor":7,"key":"Ornamental Fan"},{"floor":9,"key":"Sundial"},{"floor":11,"key":"FossilizedHelix"},{"floor":13,"key":"Odd Mushroom"},{"floor":23,"key":"Happy Flower"},{"floor":25,"key":"Peace Pipe"},{"floor":26,"key":"Kunai"},{"floor":36,"key":"Turnip"},{"floor":37,"key":"Mango"},{"floor":43,"key":"Emotion Chip"}],"event_choices":[{"damage_healed":0,"gold_gain":0,"player_choice":"Fought Mushrooms","damage_taken":0,"max_hp_gain":0,"max_hp_loss":0,"event_name":"Mushrooms","floor":13,"gold_loss":0},{"damage_healed":0,"gold_gain":0,"player_choice":"Ignored","damage_taken":0,"max_hp_gain":0,"max_hp_loss":0,"event_name":"The Mausoleum","floor":20,"gold_loss":0},{"damage_healed":0,"gold_gain":0,"player_choice":"Ignored","damage_taken":0,"max_hp_gain":0,"max_hp_loss":0,"event_name":"Cursed Tome","floor":22,"gold_loss":0},{"cards_removed":["Strike_B"],"damage_healed":0,"gold_gain":0,"player_choice":"Gave Gold","damage_taken":0,"max_hp_gain":0,"max_hp_loss":0,"event_name":"Beggar","floor":27,"gold_loss":75},{"damage_healed":0,"gold_gain":0,"player_choice":"Fight","damage_taken":0,"max_hp_gain":0,"max_hp_loss":0,"event_name":"MindBloom","floor":36,"gold_loss":0},{"damage_healed":0,"gold_gain":0,"player_choice":"Fight","damage_taken":0,"max_hp_gain":0,"max_hp_loss":0,"event_name":"Mysterious Sphere","floor":37,"gold_loss":0},{"damage_healed":78,"gold_gain":0,"player_choice":"Heal","damage_taken":0,"max_hp_gain":0,"max_hp_loss":11,"event_name":"The Moai Head","floor":42,"gold_loss":0}],"is_beta":false,"boss_relics":[{"not_picked":["Coffee Dripper","Busted Crown"],"picked":"Runic Dome"},{"not_picked":["Snecko Eye","Black Star"],"picked":"Inserter"}],"items_purged_floors":[14],"is_endless":false,"potions_floor_spawned":[1,5,7,8,18,25,33,41,46,47,48],"ascension_level":11}