{"gold_per_floor":[216,216,227,72,84,84,140,140],"floor_reached":8,"playtime":366,"items_purged":[],"score":69,"play_id":"39feaf26-25ee-4c10-987d-8cf34b95fe51","local_time":"20181102212133","is_ascension_mode":true,"campfire_choices":[{"data":"Neutralize","floor":6,"key":"SMITH"}],"neow_cost":"NONE","seed_source_timestamp":522131071699471,"circlet_count":0,"master_deck":["AscendersBane","Defend_G","Defend_G","Defend_G","Defend_G","Defend_G","Strike_G","Strike_G","Strike_G","Strike_G","Survivor","Neutralize+1","Poisoned Stab","Caltrops","Bouncing Flask"],"relics":["Ring of the Snake","Snake Skull","Meat on the Bone"],"potions_floor_usage":[7,8,8,8],"damage_taken":[{"damage":0,"enemies":"2 Louse","floor":1,"turns":5},{"damage":4,"enemies":"Small Slimes","floor":3,"turns":6},{"damage":0,"enemies":"Jaw Worm","floor":5,"turns":5},{"damage":41,"enemies":"3 Sentries","floor":7,"turns":11},{"damage":18,"enemies":"3 Sentries","floor":8,"turns":3}],"seed_played":"-2208812528085675596","potions_obtained":[{"floor":1,"key":"GamblersBrew"},{"floor":7,"key":"EntropicBrew"}],"is_trial":false,"path_per_floor":["M","?","M","$","M","R","?","E"],"character_chosen":"THE_SILENT","items_purchased":["Snake Skull"],"campfire_rested":0,"item_purchase_floors":[4],"current_hp_per_floor":[63,56,52,52,52,52,11,0],"gold":140,"neow_bonus":"HUNDRED_GOLD","is_prod":false,"is_daily":false,"chose_seed":false,"campfire_upgraded":1,"win_rate":0,"timestamp":1541154093,"path_taken":["M","?","M","$","M","R","?","E"],"build_version":"2018-11-01v2","purchased_purges":0,"victory":false,"max_hp_per_floor":[70,70,70,70,70,70,70,70],"card_choices":[{"not_picked":["Calculated Gamble","Accuracy","Endless Agony"],"picked":"SKIP","floor":1},{"not_picked":["Flying Knee","Deflect"],"picked":"Poisoned Stab","floor":3},{"not_picked":["Doppelganger","Accuracy"],"picked":"Caltrops","floor":5},{"not_picked":["Backflip","Masterful Stab"],"picked":"Bouncing Flask","floor":7}],"player_experience":408039,"relics_obtained":[{"floor":7,"key":"Meat on the Bone"}],"event_choices":[{"cards_removed":["Strike_G"],"damage_healed":0,"gold_gain":0,"player_choice":"Card Removal","damage_taken":7,"max_hp_gain":0,"max_hp_loss":0,"event_name":"Golden Wing","floor":2,"gold_loss":0},{"damage_healed":0,"gold_gain":0,"player_choice":"Searched \u00271\u0027 times","damage_taken":0,"max_hp_gain":0,"max_hp_loss":0,"event_name":"Dead Adventurer","floor":7,"gold_loss":0}],"is_beta":true,"boss_relics":[],"items_purged_floors":[],"is_endless":false,"potions_floor_spawned":[1,7],"killed_by":"3 Sentries","ascension_level":10}