{"gold_per_floor":[366,316,329,80,80,80,80,116,116,116,16,16,31,64,64,64],"floor_reached":16,"playtime":1140,"items_purged":["Strike_B","Injury"],"score":122,"play_id":"9289fac0-7ddc-4949-911b-b0397a617b64","local_time":"20190720235819","is_ascension_mode":true,"campfire_choices":[{"floor":6.0,"key":"REST"},{"floor":10.0,"key":"REST"},{"data":"Redo","floor":12.0,"key":"SMITH"},{"floor":15,"key":"REST"}],"neow_cost":"PERCENT_DAMAGE","seed_source_timestamp":5584786380000,"circlet_count":0,"master_deck":["Strike_B","Strike_B+1","Defend_B","Defend_B","Defend_B+1","Defend_B","Zap+1","Dualcast+1","Ball Lightning","Stack","Redo+1","Storm","Sweeping Beam","Conserve Battery"],"special_seed":0,"relics":["Cracked Core","PreservedInsect","Golden Idol","War Paint","Anchor"],"potions_floor_usage":[14,16],"damage_taken":[{"damage":13.0,"enemies":"Small Slimes","floor":1.0,"turns":3.0},{"damage":2.0,"enemies":"Jaw Worm","floor":3.0,"turns":2.0},{"damage":27.0,"enemies":"Gremlin Nob","floor":8.0,"turns":4.0},{"damage":8,"enemies":"2 Louse","floor":13,"turns":2},{"damage":10,"enemies":"Lagavulin","floor":14,"turns":6},{"damage":57,"enemies":"The Guardian","floor":16,"turns":10}],"seed_played":"-6355284576204345907","potions_obtained":[{"floor":3.0,"key":"Energy Potion"},{"floor":8.0,"key":"SneckoOil"},{"floor":13,"key":"LiquidBronze"}],"is_trial":false,"path_per_floor":["M","?","M","$","?","R","?","E","T","R","$","R","M","E","R","B"],"character_chosen":"DEFECT","items_purchased":["PreservedInsect","Redo"],"campfire_rested":3,"item_purchase_floors":[4,4],"current_hp_per_floor":[41,41,39,39,24,46,46,19,19,41,41,41,33,23,45,0],"gold":64,"neow_bonus":"TWO_FIFTY_GOLD","is_prod":false,"is_daily":false,"chose_seed":false,"campfire_upgraded":1,"win_rate":0,"timestamp":1563659899,"path_taken":["M","?","M","$","?","R","?","E","T","R","?","R","?","E","R","BOSS"],"build_version":"2019-07-18","purchased_purges":2,"victory":false,"max_hp_per_floor":[75,75,75,75,75,75,75,75,75,75,75,75,75,75,75,75],"card_choices":[{"not_picked":["Gash","Reprogram"],"picked":"Ball Lightning","floor":1.0},{"not_picked":["Compile Driver","Hello World"],"picked":"Stack","floor":3.0},{"not_picked":["Reinforced Body","Tempest"],"picked":"Storm","floor":8.0},{"not_picked":["Heatsinks","Hologram"],"picked":"Sweeping Beam","floor":13},{"not_picked":["Darkness","Fusion"],"picked":"Conserve Battery","floor":14}],"player_experience":164343,"relics_obtained":[{"floor":8.0,"key":"War Paint"},{"floor":14,"key":"Anchor"}],"event_choices":[{"cards_removed":["Strike_B"],"damage_healed":0.0,"max_hp_gain":0.0,"max_hp_loss":0.0,"gold_gain":0.0,"event_name":"The Cleric","player_choice":"Card Removal","floor":2.0,"gold_loss":50.0,"damage_taken":0.0},{"damage_healed":0.0,"max_hp_gain":0.0,"max_hp_loss":0.0,"gold_gain":0.0,"event_name":"Shining Light","player_choice":"Entered Light","floor":5.0,"gold_loss":0.0,"damage_taken":15.0,"cards_upgraded":["Strike_B","Defend_B"]},{"damage_healed":0.0,"max_hp_gain":0.0,"max_hp_loss":0.0,"gold_gain":0.0,"event_name":"Golden Idol","player_choice":"Take Wound","floor":7.0,"gold_loss":0.0,"damage_taken":0.0,"relics_obtained":["Golden Idol"],"cards_obtained":["Injury"]}],"is_beta":true,"boss_relics":[],"items_purged_floors":[4,11],"is_endless":false,"potions_floor_spawned":[3,8,13],"killed_by":"The Guardian","ascension_level":3}