{"gold_per_floor":[117,168,92,112,37,37,71,71,71,71,85,85,105,124,124,224,224,242,39,39,39],"floor_reached":21,"playtime":1505,"items_purged":["Impatience"],"score":177,"play_id":"4fdb62b5-5512-4c02-9a72-ebddcdabdc69","local_time":"20190706163650","is_ascension_mode":false,"campfire_choices":[{"data":"Heavy Blade","floor":6,"key":"SMITH"},{"data":"Inflame","floor":12,"key":"SMITH"},{"floor":15,"key":"REST"}],"neow_cost":"NONE","seed_source_timestamp":4097896895300,"circlet_count":0,"master_deck":["Strike_R","Strike_R","Strike_R","Strike_R","Strike_R","Defend_R","Defend_R","Defend_R","Defend_R","Bash","Heavy Blade+1","Inflame+1","Flex","Warcry","Brutality","Armaments","Flex"],"relics":["Burning Blood","Bottled Tornado","Lantern","White Beast Statue","Pen Nib"],"potions_floor_usage":[7,14,16,21],"damage_taken":[{"damage":10,"enemies":"2 Louse","floor":1,"turns":3},{"damage":13,"enemies":"Jaw Worm","floor":4,"turns":3},{"damage":39,"enemies":"3 Sentries","floor":7,"turns":9},{"damage":0,"enemies":"Small Slimes","floor":11,"turns":3},{"damage":0,"enemies":"Looter","floor":13,"turns":2},{"damage":6,"enemies":"Exordium Thugs","floor":14,"turns":3},{"damage":65,"enemies":"The Guardian","floor":16,"turns":8},{"damage":12,"enemies":"Chosen","floor":18,"turns":4},{"damage":70,"enemies":"3 Byrds","floor":21,"turns":6}],"seed_played":"8662561676609337779","potions_obtained":[{"floor":1,"key":"SkillPotion"},{"floor":4,"key":"Swift Potion"},{"floor":7,"key":"SpeedPotion"},{"floor":13,"key":"Explosive Potion"},{"floor":18,"key":"Dexterity Potion"}],"is_trial":false,"path_per_floor":["M","?","$","M","$","R","E","?","T","?","M","R","M","M","R","B",null,"M","$","?","M"],"character_chosen":"IRONCLAD","items_purchased":["Inflame","Pen Nib","Flex"],"campfire_rested":1,"item_purchase_floors":[3,19,19],"current_hp_per_floor":[76,76,76,69,69,69,36,36,36,33,39,39,45,45,69,10,80,74,74,59,0],"gold":39,"neow_bonus":"RANDOM_COLORLESS","is_prod":false,"is_daily":false,"chose_seed":false,"campfire_upgraded":2,"win_rate":1,"timestamp":1562423810,"path_taken":["M","?","$","M","$","R","E","?","T","?","M","R","M","M","R","BOSS","M","$","?","M"],"build_version":"2019-07-05","purchased_purges":1,"victory":false,"max_hp_per_floor":[80,80,80,80,80,80,80,80,80,80,80,80,80,80,80,80,80,80,80,85,85],"card_choices":[{"not_picked":["Shockwave","Second Wind"],"picked":"Heavy Blade","floor":1},{"not_picked":["Thunderclap","Anger","Pommel Strike"],"picked":"SKIP","floor":4},{"not_picked":["Cleave","Twin Strike"],"picked":"Flex","floor":7},{"not_picked":["Flame Barrier","True Grit","Shrug It Off"],"picked":"SKIP","floor":11},{"not_picked":["Whirlwind","Sword Boomerang"],"picked":"Warcry","floor":13},{"not_picked":["Shrug It Off","Intimidate","Cleave"],"picked":"SKIP","floor":14},{"not_picked":["Double Tap","Barricade"],"picked":"Brutality","floor":16},{"not_picked":["Clash","Shrug It Off"],"picked":"Armaments","floor":18}],"player_experience":38208,"relics_obtained":[{"floor":7,"key":"Bottled Tornado"},{"floor":9,"key":"Lantern"}],"event_choices":[{"damage_healed":0,"gold_gain":51,"player_choice":"Gained Gold","damage_taken":0,"max_hp_gain":0,"max_hp_loss":0,"event_name":"Golden Wing","floor":2,"gold_loss":0},{"damage_healed":0,"gold_gain":0,"player_choice":"Searched \u00271\u0027 times","damage_taken":0,"max_hp_gain":0,"max_hp_loss":0,"event_name":"Dead Adventurer","floor":8,"gold_loss":0},{"damage_healed":0,"gold_gain":0,"player_choice":"Fled","damage_taken":3,"max_hp_gain":0,"max_hp_loss":0,"event_name":"Scrap Ooze","floor":10,"gold_loss":0},{"damage_healed":0,"gold_gain":0,"player_choice":"Shed Blood","damage_taken":20,"max_hp_gain":5,"max_hp_loss":0,"event_name":"Forgotten Altar","floor":20,"gold_loss":0}],"is_beta":false,"boss_relics":[{"not_picked":["Runic Dome","Black Blood"],"picked":"White Beast Statue"}],"items_purged_floors":[5],"is_endless":false,"potions_floor_spawned":[1,4,7,13,18],"killed_by":"3 Byrds","ascension_level":0}