{"gold_per_floor":[217,229,130,143,160,195,195,211,234,234,246,246,272,272,272,376,376,387,399,413,67,67,67,102,117,140,152,181,204,246,183,195,304,316,348,380,403,129,129],"floor_reached":39,"playtime":2705,"items_purged":["Strike_R","Regret","Parasite"],"score":598,"play_id":"216a1414-25ad-4465-96aa-90f82304c652","local_time":"20190719221952","is_ascension_mode":true,"campfire_choices":[{"data":"Immolate","floor":7,"key":"SMITH"},{"data":"Armaments","floor":12,"key":"SMITH"},{"data":"Bloodletting","floor":15,"key":"SMITH"},{"data":"Metallicize","floor":23,"key":"SMITH"},{"data":"Seeing Red","floor":27,"key":"SMITH"},{"data":"Warcry","floor":32,"key":"SMITH"}],"neow_cost":"NONE","seed_source_timestamp":21048496541230,"circlet_count":0,"master_deck":["Strike_R","Strike_R","Defend_R","Defend_R+1","Defend_R","Bash","Metallicize+1","Carnage","Warcry+1","Clash","Cleave+1","Immolate+1","Armaments+1","Bloodletting+1","Clothesline","Immolate","Hemokinesis+1","Rupture+1","Entrench+1","Seeing Red+1","Spot Weakness","Inflame+1","Berserk","Heavy Blade","Limit Break"],"relics":["Burning Blood","Art of War","Ancient Tea Set","Centennial Puzzle","Pen Nib","Empty Cage","Meat on the Bone","Bag of Marbles","Dream Catcher","MawBank","WingedGreaves","Snecko Eye"],"potions_floor_usage":[18,24,30],"damage_taken":[{"damage":1,"enemies":"Cultist","floor":1,"turns":4},{"damage":7,"enemies":"Jaw Worm","floor":2,"turns":4},{"damage":0,"enemies":"2 Louse","floor":4,"turns":3},{"damage":0,"enemies":"Large Slime","floor":5,"turns":5},{"damage":19,"enemies":"Gremlin Nob","floor":6,"turns":4},{"damage":0,"enemies":"Exordium Wildlife","floor":8,"turns":1},{"damage":4,"enemies":"3 Louse","floor":11,"turns":3},{"damage":2,"enemies":"3 Sentries","floor":13,"turns":5},{"damage":44,"enemies":"Hexaghost","floor":16,"turns":9},{"damage":22,"enemies":"3 Byrds","floor":18,"turns":3},{"damage":8,"enemies":"2 Thieves","floor":19,"turns":3},{"damage":18,"enemies":"Snecko","floor":20,"turns":4},{"damage":26,"enemies":"Book of Stabbing","floor":24,"turns":4},{"damage":0,"enemies":"Cultist and Chosen","floor":25,"turns":1},{"damage":2,"enemies":"Chosen and Byrds","floor":28,"turns":1},{"damage":0,"enemies":"3 Cultists","floor":29,"turns":2},{"damage":3,"enemies":"Slavers","floor":30,"turns":1},{"damage":55,"enemies":"Collector","floor":33,"turns":8},{"damage":10,"enemies":"3 Shapes","floor":35,"turns":2},{"damage":0,"enemies":"3 Darklings","floor":36,"turns":1},{"damage":28,"enemies":"Writhing Mass","floor":37,"turns":4},{"damage":60,"enemies":"Spire Growth","floor":39,"turns":3}],"seed_played":"132180563967950819","potions_obtained":[{"floor":4,"key":"Dexterity Potion"},{"floor":5,"key":"BloodPotion"},{"floor":6,"key":"Weak Potion"},{"floor":8,"key":"Strength Potion"},{"floor":19,"key":"FearPotion"},{"floor":25,"key":"SkillPotion"}],"is_trial":false,"path_per_floor":["M","M","$","M","M","E","R","M","T","?","M","R","E","?","R","B",null,"M","M","M","$","?","R","E","M","T","R","M","M","E","?","R","B",null,"M","M","M","$","M"],"character_chosen":"IRONCLAD","items_purchased":["Warcry","Meat on the Bone","Limit Break"],"campfire_rested":0,"item_purchase_floors":[3,21,38],"current_hp_per_floor":[77,76,76,80,80,67,67,73,73,57,59,59,63,63,63,25,66,70,68,56,56,56,56,48,54,54,54,58,64,67,67,67,30,68,64,70,48,48,0],"gold":129,"neow_bonus":"HUNDRED_GOLD","is_prod":false,"is_daily":false,"chose_seed":false,"campfire_upgraded":6,"win_rate":0,"timestamp":1563545992,"path_taken":["M","M","$","?","M","E","R","?","T","?","M","R","E","?","R","BOSS","M","M","M","$","?","R","E","M","T","R","M","M","E","?","R","BOSS","M","M","M","$","M"],"build_version":"2019-07-17","purchased_purges":3,"victory":false,"max_hp_per_floor":[80,80,80,80,80,80,80,80,80,80,80,80,80,80,80,80,80,80,80,80,80,80,80,80,80,80,80,80,80,80,80,80,80,80,80,80,80,77,77],"card_choices":[{"not_picked":["Havoc","Heavy Blade"],"picked":"Metallicize","floor":1},{"not_picked":["Uppercut","Anger"],"picked":"Carnage","floor":2},{"not_picked":["Rage","Sentinel"],"picked":"Clash","floor":4},{"not_picked":["Wild Strike","Armaments"],"picked":"Cleave","floor":5},{"not_picked":["Armaments","Iron Wave"],"picked":"Immolate","floor":6},{"not_picked":["Perfected Strike","Flex"],"picked":"Armaments","floor":8},{"not_picked":["Armaments","Cleave"],"picked":"Bloodletting","floor":11},{"not_picked":["Fire Breathing","Rampage"],"picked":"Clothesline","floor":13},{"not_picked":["Juggernaut","Demon Form"],"picked":"Immolate","floor":16},{"not_picked":["Heavy Blade","Sword Boomerang","Entrench"],"picked":"SKIP","floor":18},{"not_picked":["True Grit","Cleave+1"],"picked":"Hemokinesis+1","floor":19},{"not_picked":["Spot Weakness","Thunderclap+1"],"picked":"Rupture+1","floor":20},{"not_picked":["Juggernaut","Searing Blow"],"picked":"Entrench+1","floor":24},{"not_picked":["Thunderclap+1","Pommel Strike"],"picked":"Seeing Red","floor":25},{"not_picked":["Flex","True Grit"],"picked":"Spot Weakness","floor":28},{"not_picked":["Twin Strike","Shrug It Off"],"picked":"Inflame+1","floor":29},{"not_picked":["Twin Strike","Pommel Strike","Iron Wave"],"picked":"SKIP","floor":30},{"not_picked":["Bludgeon","Fiend Fire"],"picked":"Berserk","floor":33},{"not_picked":["Fire Breathing","Feel No Pain","Body Slam+1"],"picked":"SKIP","floor":35},{"not_picked":["Pommel Strike+1","Ghostly Armor","Body Slam"],"picked":"SKIP","floor":36},{"not_picked":["Body Slam+1","Dropkick+1"],"picked":"Heavy Blade","floor":37}],"player_experience":252882,"relics_obtained":[{"floor":6,"key":"Art of War"},{"floor":9,"key":"Ancient Tea Set"},{"floor":13,"key":"Centennial Puzzle"},{"floor":24,"key":"Dream Catcher"},{"floor":26,"key":"MawBank"},{"floor":30,"key":"WingedGreaves"}],"event_choices":[{"damage_healed":0,"gold_gain":0,"player_choice":"Entered Light","damage_taken":16,"max_hp_gain":0,"max_hp_loss":0,"event_name":"Shining Light","floor":10,"gold_loss":0,"cards_upgraded":["Cleave","Defend_R"]},{"damage_healed":0,"gold_gain":0,"player_choice":"Box","damage_taken":0,"relics_obtained":["Pen Nib"],"max_hp_gain":0,"max_hp_loss":0,"event_name":"Big Fish","floor":14,"gold_loss":0,"cards_obtained":["Regret"]},{"damage_healed":0,"gold_gain":0,"player_choice":"Opened","damage_taken":0,"relics_obtained":["Bag of Marbles"],"max_hp_gain":0,"max_hp_loss":0,"event_name":"The Mausoleum","floor":22,"gold_loss":0},{"cards_removed":["Strike_R"],"damage_healed":0,"gold_gain":0,"player_choice":"Gave Gold","damage_taken":0,"max_hp_gain":0,"max_hp_loss":0,"event_name":"Beggar","floor":31,"gold_loss":75}],"is_beta":false,"boss_relics":[{"not_picked":["Calling Bell","Runic Dome"],"picked":"Empty Cage"},{"not_picked":["Black Star","Fusion Hammer"],"picked":"Snecko Eye"}],"items_purged_floors":[3,21,38],"is_endless":false,"potions_floor_spawned":[4,5,6,8,19,25,28],"killed_by":"Spire Growth","ascension_level":6}