{"gold_per_floor":[109,119,138,138,138,169,23,59,89,89,89,102,27,68,68,193,193,207,245,263,263,86,86,1,1,1,16,49,66,66,66,66,165,165,182,197,197,214,136,136,161,174,174,191,191,202,202,5,5,5],"floor_reached":51,"playtime":3974,"items_purged":["Strike_G","Strike_G","Doubt"],"score":1091,"play_id":"7c3ae7b1-7d12-4de1-be7d-1c5e730df926","local_time":"20181105193235","is_ascension_mode":true,"campfire_choices":[{"data":"Malaise","floor":10.0,"key":"SMITH"},{"data":"Neutralize","floor":15.0,"key":"SMITH"},{"floor":23,"key":"REST"},{"data":"Footwork","floor":25,"key":"SMITH"},{"data":"Quick Slash","floor":30,"key":"SMITH"},{"floor":32,"key":"REST"},{"data":"Well Laid Plans","floor":40,"key":"SMITH"},{"data":"Noxious Fumes","floor":45,"key":"SMITH"},{"data":"Survivor","floor":49,"key":"SMITH"}],"neow_cost":"NONE","seed_source_timestamp":192970083950914,"circlet_count":0,"master_deck":["AscendersBane","Defend_G","Defend_G","Defend_G","Defend_G","Strike_G","Survivor+1","Neutralize+1","Dash","Dash","Night Terror","Malaise+1","Quick Slash+1","Footwork+1","Slice+1","Sucker Punch+1","Malaise+1","Cloak And Dagger+1","Well Laid Plans+1","Noxious Fumes+1","Bullet Time","Caltrops+1"],"special_seed":0,"relics":["Snecko Eye","Bloody Idol","Snake Skull","Sundial","Tiny Chest","Omamori","Cursed Key","Red Mask","Lantern","Matryoshka","Astrolabe","Mango","Frozen Egg 2","Strawberry"],"potions_floor_usage":[16,33,41,46,46,50],"damage_taken":[{"damage":0.0,"enemies":"Small Slimes","floor":1.0,"turns":4.0},{"damage":0.0,"enemies":"2 Louse","floor":2.0,"turns":3.0},{"damage":0.0,"enemies":"Jaw Worm","floor":3.0,"turns":4.0},{"damage":12.0,"enemies":"3 Sentries","floor":6.0,"turns":9.0},{"damage":17.0,"enemies":"Lagavulin","floor":8.0,"turns":7.0},{"damage":1.0,"enemies":"Blue Slaver","floor":12.0,"turns":5.0},{"damage":7.0,"enemies":"Gremlin Nob","floor":14.0,"turns":6.0},{"damage":24,"enemies":"Hexaghost","floor":16,"turns":15},{"damage":12,"enemies":"3 Byrds","floor":18,"turns":6},{"damage":32,"enemies":"Masked Bandits","floor":19,"turns":7},{"damage":0,"enemies":"Chosen","floor":20,"turns":5},{"damage":7,"enemies":"Shelled Parasite and Fungi","floor":27,"turns":8},{"damage":0,"enemies":"Book of Stabbing","floor":28,"turns":10},{"damage":6,"enemies":"Sentry and Sphere","floor":29,"turns":6},{"damage":51,"enemies":"Automaton","floor":33,"turns":26},{"damage":21,"enemies":"3 Darklings","floor":35,"turns":12},{"damage":0,"enemies":"Orb Walker","floor":36,"turns":5},{"damage":0,"enemies":"Transient","floor":38,"turns":5},{"damage":30,"enemies":"Reptomancer","floor":41,"turns":13},{"damage":2,"enemies":"Writhing Mass","floor":42,"turns":14},{"damage":31,"enemies":"3 Darklings","floor":44,"turns":6},{"damage":6,"enemies":"4 Shapes","floor":46,"turns":6},{"damage":76,"enemies":"Donu and Deca","floor":50,"turns":9}],"seed_played":"-2841176837829070385","potions_obtained":[{"floor":1.0,"key":"SteroidPotion"},{"floor":2.0,"key":"SpeedPotion"},{"floor":3.0,"key":"LiquidBronze"},{"floor":12.0,"key":"SpeedPotion"},{"floor":18,"key":"Strength Potion"},{"floor":27,"key":"Weak Potion"},{"floor":33,"key":"Block Potion"},{"floor":41,"key":"Energy Potion"},{"floor":46,"key":"FearPotion"}],"is_trial":false,"path_per_floor":["M","M","M","?","?","E","$","E","T","R","$","M","$","E","R","B",null,"M","?","M","?","$","R","?","R","T","M","E","M","R","?","R","B",null,"M","M","?","M","$","R","E","M","T","M","R","M","?","$","R","B",null],"character_chosen":"THE_SILENT","items_purchased":["Night Terror","Footwork","Well Laid Plans","Caltrops+1"],"campfire_rested":2,"item_purchase_floors":[7,22,39,48],"current_hp_per_floor":[63,63,63,63,68,56,56,39,39,39,39,38,38,31,31,7,54,42,10,10,10,10,31,31,31,31,29,34,33,33,33,54,8,55,39,44,44,49,49,49,38,41,48,22,22,21,91,91,91,15],"gold":5,"neow_bonus":"BOSS_RELIC","is_prod":false,"is_daily":false,"chose_seed":false,"campfire_upgraded":7,"win_rate":0,"timestamp":1541406755,"path_taken":["M","M","M","?","?","E","?","E","T","R","$","M","$","E","R","BOSS","M","?","M","?","$","R","?","R","T","M","E","M","R","?","R","BOSS","M","?","?","M","$","R","E","M","T","M","R","?","?","$","R","BOSS"],"build_version":"2018-11-02","purchased_purges":3,"victory":true,"max_hp_per_floor":[70,70,70,65,70,70,70,70,70,70,70,70,70,70,70,70,70,70,70,70,70,70,70,70,70,70,70,70,70,70,70,70,70,70,70,70,70,70,70,70,84,84,91,91,91,91,91,91,91,91],"card_choices":[{"not_picked":["Poisoned Stab","Calculated Gamble"],"picked":"Dash","floor":1.0},{"not_picked":["Dodge and Roll","Bane","Deflect"],"picked":"SKIP","floor":2.0},{"not_picked":["Cloak And Dagger","Underhanded Strike"],"picked":"Dash","floor":3.0},{"not_picked":["Tactician","Burst","Flying Knee"],"picked":"SKIP","floor":6.0},{"not_picked":["Masterful Stab","Deflect"],"picked":"Malaise","floor":8.0},{"not_picked":["Outmaneuver","Blade Dance","Slice"],"picked":"SKIP","floor":12.0},{"not_picked":["Bane","Storm of Steel","Outmaneuver"],"picked":"SKIP","floor":14.0},{"not_picked":["Underhanded Strike","Distraction"],"picked":"Quick Slash","floor":18},{"not_picked":["Finisher","Slice+1","Outmaneuver"],"picked":"SKIP","floor":20},{"not_picked":["Underhanded Strike","Deadly Poison+1","Choke"],"picked":"SKIP","floor":27},{"not_picked":["Catalyst","Glass Knife","Eviscerate"],"picked":"SKIP","floor":28},{"not_picked":["Cloak And Dagger","Endless Agony","Bane"],"picked":"SKIP","floor":29},{"not_picked":["Dodge and Roll","Blade Dance+1"],"picked":"Cloak And Dagger+1","floor":35},{"not_picked":["Reflex+1","Slice+1","Deadly Poison+1"],"picked":"SKIP","floor":36},{"not_picked":["Unload","Finisher+1","Tactician"],"picked":"SKIP","floor":38},{"not_picked":["Caltrops+1","Slice","Deadly Poison"],"picked":"SKIP","floor":41},{"not_picked":["Cloak And Dagger+1","Deflect+1"],"picked":"Noxious Fumes","floor":42},{"not_picked":["Quick Slash","Skewer+1","Dagger Spray+1"],"picked":"SKIP","floor":44},{"not_picked":["Blade Dance","Poisoned Stab+1"],"picked":"Bullet Time","floor":46}],"player_experience":428070,"relics_obtained":[{"floor":6.0,"key":"Snake Skull"},{"floor":8.0,"key":"Sundial"},{"floor":9.0,"key":"Tiny Chest"},{"floor":14.0,"key":"Omamori"},{"floor":19,"key":"Red Mask"},{"floor":28,"key":"Matryoshka"},{"floor":41,"key":"Mango"},{"floor":43,"key":"Frozen Egg 2"},{"floor":43,"key":"Strawberry"}],"event_choices":[{"damage_healed":0.0,"max_hp_gain":0.0,"max_hp_loss":5.0,"gold_gain":0.0,"event_name":"Golden Idol","player_choice":"Lose Max HP","floor":4.0,"gold_loss":0.0,"damage_taken":0.0,"relics_obtained":["Golden Idol"]},{"damage_healed":0.0,"max_hp_gain":5.0,"max_hp_loss":0.0,"gold_gain":0.0,"event_name":"Big Fish","player_choice":"Donut","floor":5.0,"gold_loss":0.0,"damage_taken":0.0},{"damage_healed":0,"gold_gain":0,"player_choice":"Fought Bandits","damage_taken":0,"max_hp_gain":0,"max_hp_loss":0,"event_name":"Masked Bandits","floor":19,"gold_loss":0},{"damage_healed":0,"gold_gain":0,"player_choice":"Gave Idol","damage_taken":0,"relics_obtained":["Bloody Idol"],"max_hp_gain":0,"max_hp_loss":0,"event_name":"Forgotten Altar","floor":21,"relics_lost":["Golden Idol"],"gold_loss":0},{"damage_healed":0,"gold_gain":0,"player_choice":"Obtained Relic","damage_taken":0,"relics_obtained":["Lantern"],"max_hp_gain":0,"max_hp_loss":0,"event_name":"Addict","floor":24,"gold_loss":85},{"damage_healed":0,"gold_gain":0,"player_choice":"Ignored","damage_taken":0,"max_hp_gain":0,"max_hp_loss":0,"event_name":"N\u0027loth","floor":31,"gold_loss":0},{"damage_healed":0,"gold_gain":0,"player_choice":"Got Potions","damage_taken":0,"max_hp_gain":0,"max_hp_loss":0,"event_name":"Lab","floor":37,"gold_loss":0},{"damage_healed":70,"gold_gain":0,"player_choice":"Heal","damage_taken":0,"max_hp_gain":0,"max_hp_loss":0,"event_name":"MindBloom","floor":47,"gold_loss":0,"cards_obtained":["Doubt"]}],"is_beta":true,"boss_relics":[{"not_picked":["Calling Bell","Black Star"],"picked":"Cursed Key"},{"not_picked":["Pandora\u0027s Box","WristBlade"],"picked":"Astrolabe"}],"items_purged_floors":[13,22,48],"is_endless":false,"potions_floor_spawned":[1,2,3,12,18,27,28,33,41,42,46],"ascension_level":11}