{"gold_per_floor":[112,112,131,151,3,29,29,29,29,42,42,73,73,138,138,241,241,258,282,282,294,314,346,346,346,346,346,366,397,415,415,415,415],"floor_reached":33,"playtime":1863,"items_purged":[],"score":373,"play_id":"1ff5d584-f723-4609-84f1-2e5deece8ff0","local_time":"20190715013111","is_ascension_mode":true,"campfire_choices":[{"floor":8.0,"key":"REST"},{"floor":13.0,"key":"REST"},{"data":"Footwork","floor":15,"key":"SMITH"},{"floor":24,"key":"REST"},{"floor":27,"key":"REST"},{"floor":32,"key":"REST"}],"neow_cost":"NONE","seed_source_timestamp":397923101798445,"circlet_count":0,"master_deck":["Strike_G+1","Strike_G+1","Strike_G+1","Strike_G+1","Strike_G+1","Defend_G+1","Defend_G+1","Defend_G+1","Defend_G+1","Defend_G+1","Survivor","Neutralize+1","Finisher","Crippling Poison","Footwork+1","Poisoned Stab","Poisoned Stab","Backflip","Doppelganger","Deflect","Blade Dance","Dagger Spray","Caltrops","Predator","Deflect+1","PiercingWail","All Out Attack","After Image","Dodge and Roll+1","Leg Sweep"],"special_seed":0,"relics":["Ring of the Snake","Bag of Marbles","Sundial","Pen Nib","Question Card","Tiny Chest","Orrery","Art of War","Pear","Vajra","Ornamental Fan","Orichalcum"],"potions_floor_usage":[16,18,23,23,29,33],"damage_taken":[{"damage":5.0,"enemies":"Jaw Worm","floor":1.0,"turns":6.0},{"damage":0.0,"enemies":"2 Louse","floor":3.0,"turns":2.0},{"damage":0.0,"enemies":"Cultist","floor":4.0,"turns":3.0},{"damage":22.0,"enemies":"3 Sentries","floor":6.0,"turns":10.0},{"damage":0.0,"enemies":"Exordium Wildlife","floor":10.0,"turns":3.0},{"damage":18.0,"enemies":"Lagavulin","floor":12.0,"turns":6.0},{"damage":14,"enemies":"3 Sentries","floor":14,"turns":7},{"damage":37,"enemies":"Hexaghost","floor":16,"turns":10},{"damage":22,"enemies":"Spheric Guardian","floor":18,"turns":8},{"damage":11,"enemies":"2 Thieves","floor":21,"turns":4},{"damage":3,"enemies":"Centurion and Healer","floor":22,"turns":8},{"damage":35,"enemies":"Slavers","floor":23,"turns":6},{"damage":20,"enemies":"Snecko","floor":28,"turns":5},{"damage":19,"enemies":"Book of Stabbing","floor":29,"turns":6},{"damage":25,"enemies":"Cultist and Chosen","floor":30,"turns":9},{"damage":70,"enemies":"Automaton","floor":33,"turns":14}],"seed_played":"-7491371896076506223","potions_obtained":[{"floor":3.0,"key":"Weak Potion"},{"floor":10.0,"key":"PowerPotion"},{"floor":11.0,"key":"PowerPotion"},{"floor":11.0,"key":"Explosive Potion"},{"floor":14,"key":"SkillPotion"},{"floor":18,"key":"Poison Potion"},{"floor":22,"key":"FearPotion"},{"floor":30,"key":"SteroidPotion"}],"is_trial":false,"path_per_floor":["M","?","M","M","$","E","?","R","T","M","?","E","R","E","R","B",null,"M","T","T","M","M","E","R","?","T","R","M","E","M","?","R","B"],"character_chosen":"THE_SILENT","items_purchased":["Bag of Marbles"],"campfire_rested":5,"item_purchase_floors":[5],"current_hp_per_floor":[72,57,57,57,57,35,35,58,58,58,58,40,63,49,49,12,77,55,55,65,54,51,16,42,42,42,68,48,29,4,33,59,0],"gold":415,"neow_bonus":"TEN_PERCENT_HP_BONUS","is_prod":false,"is_daily":false,"chose_seed":false,"campfire_upgraded":1,"win_rate":0,"timestamp":1563168671,"path_taken":["M","?","M","M","$","E","?","R","T","M","?","E","R","E","R","BOSS","M","?","?","M","M","E","R","?","T","R","?","E","M","?","R","BOSS"],"build_version":"2019-07-05","purchased_purges":0,"victory":false,"max_hp_per_floor":[77,77,77,77,77,77,77,77,77,77,77,77,77,77,77,77,77,77,77,87,87,87,87,87,87,87,87,87,87,87,87,87,87],"card_choices":[{"not_picked":["Flying Knee","Bane"],"picked":"Finisher","floor":1.0},{"not_picked":["Sucker Punch","Acrobatics"],"picked":"Crippling Poison","floor":3.0},{"not_picked":["Deadly Poison","Poisoned Stab"],"picked":"Footwork","floor":4.0},{"not_picked":["Backflip","Bouncing Flask"],"picked":"Poisoned Stab","floor":6.0},{"not_picked":["Escape Plan","Acrobatics"],"picked":"Poisoned Stab","floor":10.0},{"not_picked":["Unload","Outmaneuver","Reflex"],"picked":"SKIP","floor":12.0},{"not_picked":["Blade Dance","Dagger Spray","Bouncing Flask"],"picked":"Backflip","floor":14},{"not_picked":["Burst","Wraith Form v2","Envenom"],"picked":"Doppelganger","floor":16},{"not_picked":["Flying Knee","Underhanded Strike","Distraction"],"picked":"Deflect","floor":17},{"not_picked":["Acrobatics","Outmaneuver","Underhanded Strike"],"picked":"Blade Dance","floor":17},{"not_picked":["Envenom","Crippling Poison","Dagger Throw"],"picked":"Dagger Spray","floor":17},{"not_picked":["PiercingWail","Acrobatics","Infinite Blades"],"picked":"Caltrops","floor":17},{"not_picked":["Dagger Spray","Calculated Gamble","Blade Dance"],"picked":"Predator","floor":17},{"not_picked":["Finisher","Tactician","Masterful Stab+1"],"picked":"Deflect+1","floor":18},{"not_picked":["Escape Plan","Bane","Deadly Poison"],"picked":"PiercingWail","floor":21},{"not_picked":["Reflex","Dagger Throw","Corpse Explosion"],"picked":"All Out Attack","floor":22},{"not_picked":["Underhanded Strike","Acrobatics","Bane+1"],"picked":"After Image","floor":23},{"not_picked":["Poisoned Stab","Dodge and Roll","Deadly Poison","Flying Knee"],"picked":"SKIP","floor":28},{"not_picked":["Acrobatics","Backflip","Choke+1"],"picked":"Dodge and Roll+1","floor":29},{"not_picked":["Poisoned Stab","Acrobatics","PiercingWail+1"],"picked":"Leg Sweep","floor":30}],"player_experience":159003,"relics_obtained":[{"floor":6.0,"key":"Sundial"},{"floor":9.0,"key":"Pen Nib"},{"floor":12.0,"key":"Question Card"},{"floor":14,"key":"Tiny Chest"},{"floor":19,"key":"Art of War"},{"floor":20,"key":"Pear"},{"floor":23,"key":"Vajra"},{"floor":26,"key":"Ornamental Fan"},{"floor":29,"key":"Orichalcum"}],"event_choices":[{"damage_healed":0.0,"max_hp_gain":0.0,"max_hp_loss":0.0,"gold_gain":0.0,"event_name":"Shining Light","player_choice":"Entered Light","floor":2.0,"gold_loss":0.0,"damage_taken":15.0,"cards_upgraded":["Strike_G","Strike_G"]},{"damage_healed":0.0,"max_hp_gain":0.0,"max_hp_loss":0.0,"gold_gain":0.0,"event_name":"Living Wall","player_choice":"Grow","floor":7.0,"gold_loss":0.0,"damage_taken":0.0,"cards_upgraded":["Neutralize"]},{"damage_healed":0.0,"max_hp_gain":0.0,"max_hp_loss":0.0,"gold_gain":0.0,"event_name":"Lab","player_choice":"Got Potions","floor":11.0,"gold_loss":0.0,"damage_taken":0.0},{"damage_healed":0,"gold_gain":0,"player_choice":"Simplicity","damage_taken":0,"max_hp_gain":0,"max_hp_loss":0,"event_name":"Back to Basics","floor":25,"gold_loss":0,"cards_upgraded":["Strike_G","Strike_G","Strike_G","Defend_G","Defend_G","Defend_G","Defend_G","Defend_G"]},{"damage_healed":29,"gold_gain":0,"player_choice":"Heal","damage_taken":0,"max_hp_gain":0,"max_hp_loss":0,"event_name":"The Library","floor":31,"gold_loss":0}],"is_beta":false,"boss_relics":[{"not_picked":["Coffee Dripper","Busted Crown"],"picked":"Orrery"}],"items_purged_floors":[],"is_endless":false,"potions_floor_spawned":[3,10,14,18,22,30],"killed_by":"Automaton","ascension_level":3}