{"gold_per_floor":[116,116,49,62,62,62,82,82,105,123,143,157,176,176,176,305,305,325,197,218,218,238,238,256,274,274,274,288,288,301,319,319,449,449,472,472,472,402,425,425,387,400,426,445,445,445,464,485,485,485],"floor_reached":50,"playtime":3903,"items_purged":["Havoc"],"score":467,"play_id":"235d02f7-c6fa-43f5-9636-e7675339e468","local_time":"20190711132758","is_ascension_mode":false,"campfire_choices":[{"data":"Impervious","floor":6.0,"key":"SMITH"},{"data":"Rage","floor":8.0,"key":"SMITH"},{"data":"Shockwave","floor":15.0,"key":"SMITH"},{"data":"Body Slam","floor":23.0,"key":"SMITH"},{"floor":29.0,"key":"REST"},{"floor":32.0,"key":"REST"},{"floor":40,"key":"REST"},{"floor":46,"key":"REST"},{"floor":49,"key":"REST"}],"neow_cost":"NONE","seed_source_timestamp":0,"circlet_count":0,"master_deck":["Strike_R","Strike_R","Strike_R","Strike_R","Strike_R","Defend_R","Defend_R","Defend_R","Defend_R","Bash+1","Ghostly Armor","Impervious+1","Rage+1","Body Slam+1","Iron Wave","Shockwave+1","Juggernaut","Body Slam","Armaments","Iron Wave+1","Battle Trance+1","Bludgeon","Impervious","Rage","Cleave","Double Tap+1","Uppercut+1","Double Tap+1","Rampage","Rage","Carnage+1","Entrench","Body Slam","Cleave","Spot Weakness+1","Cleave+1"],"special_seed":0,"relics":["Burning Blood","Golden Idol","Boot","Velvet Choker","Mango","Astrolabe","Vajra","Happy Flower"],"potions_floor_usage":[39,42,42,42,47,50],"damage_taken":[{"damage":7.0,"enemies":"2 Louse","floor":1.0,"turns":3.0},{"damage":0.0,"enemies":"Cultist","floor":4.0,"turns":3.0},{"damage":0.0,"enemies":"Jaw Worm","floor":7.0,"turns":5.0},{"damage":12.0,"enemies":"Lots of Slimes","floor":10.0,"turns":7.0},{"damage":0.0,"enemies":"Exordium Wildlife","floor":11.0,"turns":4.0},{"damage":0.0,"enemies":"Large Slime","floor":12.0,"turns":7.0},{"damage":2.0,"enemies":"Blue Slaver","floor":13.0,"turns":3.0},{"damage":31.0,"enemies":"Hexaghost","floor":16.0,"turns":12.0},{"damage":9.0,"enemies":"Shell Parasite","floor":18.0,"turns":5.0},{"damage":11.0,"enemies":"Spheric Guardian","floor":20.0,"turns":5.0},{"damage":15.0,"enemies":"Snecko","floor":22.0,"turns":6.0},{"damage":16.0,"enemies":"Centurion and Healer","floor":24.0,"turns":5.0},{"damage":13.0,"enemies":"Snake Plant","floor":25.0,"turns":4.0},{"damage":0.0,"enemies":"Cultist and Chosen","floor":28.0,"turns":5.0},{"damage":22.0,"enemies":"Sentry and Sphere","floor":30.0,"turns":9.0},{"damage":9.0,"enemies":"Shelled Parasite and Fungi","floor":31.0,"turns":5.0},{"damage":75.0,"enemies":"Automaton","floor":33.0,"turns":12.0},{"damage":21.0,"enemies":"3 Shapes","floor":35.0,"turns":5.0},{"damage":23,"enemies":"3 Darklings","floor":39,"turns":5},{"damage":23,"enemies":"Transient","floor":42,"turns":5},{"damage":38,"enemies":"4 Shapes","floor":44,"turns":5},{"damage":10,"enemies":"Maw","floor":47,"turns":8},{"damage":2,"enemies":"Jaw Worm Horde","floor":48,"turns":5},{"damage":101,"enemies":"Donu and Deca","floor":50,"turns":8}],"seed_played":"6295823804189233284","potions_obtained":[{"floor":10.0,"key":"Explosive Potion"},{"floor":11.0,"key":"EntropicBrew"},{"floor":16.0,"key":"Explosive Potion"},{"floor":22.0,"key":"Strength Potion"},{"floor":31.0,"key":"Strength Potion"},{"floor":33.0,"key":"Strength Potion"},{"floor":39,"key":"GamblersBrew"},{"floor":44,"key":"PowerPotion"},{"floor":48,"key":"Poison Potion"}],"is_trial":false,"path_per_floor":["M","?","$","M","?","R","M","R","T","M","M","M","M","?","R","B",null,"M","$","M","?","M","R","M","M","T","?","M","R","M","M","R","B",null,"M","?","?","$","M","R","$","M","T","M","T","R","M","M","R","B"],"character_chosen":"IRONCLAD","items_purchased":["Impervious","Armaments","Rage","Entrench"],"campfire_rested":5,"item_purchase_floors":[3,19,38,41],"current_hp_per_floor":[79,84,84,85,64,64,70,70,70,64,70,76,80,80,80,55,85,82,82,77,77,68,68,58,51,65,65,71,99,83,80,99,30,99,84,84,84,84,67,94,94,77,77,45,45,73,69,73,94,0],"gold":485,"neow_bonus":"UPGRADE_CARD","is_prod":false,"is_daily":false,"chose_seed":false,"campfire_upgraded":4,"win_rate":0,"timestamp":1562866078,"path_taken":["M","?","$","M","?","R","M","R","T","M","M","M","M","?","R","BOSS","M","$","?","?","M","R","?","M","T","?","?","R","M","M","R","BOSS","M","?","?","?","M","R","$","M","T","M","?","R","?","M","R","BOSS"],"build_version":"2019-07-05","purchased_purges":1,"victory":false,"max_hp_per_floor":[80,85,85,85,85,85,85,85,85,85,85,85,85,85,85,85,85,85,85,85,85,85,85,85,85,99,99,99,99,99,99,99,99,99,99,99,94,94,94,94,94,94,94,94,94,94,94,94,94,94],"card_choices":[{"not_picked":["Sword Boomerang","Feel No Pain"],"picked":"Ghostly Armor","floor":1.0},{"not_picked":["Cleave","Shrug It Off"],"picked":"Warcry","floor":4.0},{"not_picked":["Perfected Strike","Sword Boomerang"],"picked":"Rage","floor":7.0},{"not_picked":["Warcry","Thunderclap"],"picked":"Body Slam","floor":10.0},{"not_picked":["Searing Blow","Heavy Blade"],"picked":"Inflame","floor":11.0},{"not_picked":["Twin Strike","Clash"],"picked":"Iron Wave","floor":12.0},{"not_picked":["Iron Wave","Pummel"],"picked":"Shockwave","floor":13.0},{"not_picked":["Berserk","Immolate"],"picked":"Juggernaut","floor":16.0},{"not_picked":["Flex","Cleave"],"picked":"Body Slam","floor":18.0},{"not_picked":["Havoc+1","Disarm"],"picked":"Iron Wave+1","floor":20.0},{"not_picked":["Headbutt","Cleave"],"picked":"Battle Trance+1","floor":22.0},{"not_picked":["Clash","Warcry"],"picked":"Burning Pact","floor":24.0},{"not_picked":["Evolve","Headbutt"],"picked":"Flex","floor":25.0},{"not_picked":["Wild Strike+1","Dual Wield"],"picked":"Impervious","floor":28.0},{"not_picked":["Thunderclap+1","Anger"],"picked":"Rage","floor":30.0},{"not_picked":["Evolve","Clothesline+1"],"picked":"Cleave","floor":31.0},{"not_picked":["Dark Embrace","Limit Break"],"picked":"Immolate","floor":33.0},{"not_picked":["Wild Strike","Twin Strike"],"picked":"Rampage","floor":35.0},{"not_picked":["Warcry","Havoc"],"picked":"Carnage+1","floor":39},{"not_picked":["Carnage+1","Heavy Blade"],"picked":"Body Slam","floor":42},{"not_picked":["Heavy Blade","Seeing Red"],"picked":"Cleave","floor":44},{"not_picked":["Searing Blow","Shrug It Off"],"picked":"Spot Weakness+1","floor":47},{"not_picked":["Headbutt+1","Sword Boomerang"],"picked":"Cleave+1","floor":48}],"player_experience":70732,"relics_obtained":[{"floor":9.0,"key":"Boot"},{"floor":26.0,"key":"Mango"},{"floor":43,"key":"Vajra"},{"floor":45,"key":"Happy Flower"}],"event_choices":[{"damage_healed":0.0,"max_hp_gain":5.0,"max_hp_loss":0.0,"gold_gain":0.0,"event_name":"Big Fish","player_choice":"Donut","floor":2.0,"gold_loss":0.0,"damage_taken":0.0},{"damage_healed":0.0,"max_hp_gain":0.0,"max_hp_loss":0.0,"gold_gain":0.0,"event_name":"Golden Idol","player_choice":"Take Damage","floor":5.0,"gold_loss":0.0,"damage_taken":21.0,"relics_obtained":["Golden Idol"]},{"damage_healed":0.0,"max_hp_gain":0.0,"max_hp_loss":0.0,"gold_gain":0.0,"cards_transformed":["Inflame"],"event_name":"Transmorgrifier","player_choice":"Transformed","floor":14.0,"gold_loss":0.0,"damage_taken":0.0,"cards_obtained":["Havoc"]},{"damage_healed":0.0,"max_hp_gain":0.0,"max_hp_loss":0.0,"gold_gain":0.0,"event_name":"NoteForYourself","player_choice":"Ignored","floor":21.0,"gold_loss":0.0,"damage_taken":0.0},{"damage_healed":0.0,"max_hp_gain":0.0,"max_hp_loss":0.0,"gold_gain":0.0,"cards_transformed":["Flex"],"event_name":"Transmorgrifier","player_choice":"Transformed","floor":27.0,"gold_loss":0.0,"damage_taken":0.0,"cards_obtained":["Bludgeon"]},{"damage_healed":0,"gold_gain":0,"player_choice":"Ignored","damage_taken":0,"max_hp_gain":0,"max_hp_loss":0,"event_name":"Mysterious Sphere","floor":36,"gold_loss":0},{"damage_healed":0,"gold_gain":0,"player_choice":"Max HP","damage_taken":0,"max_hp_gain":0,"max_hp_loss":5,"event_name":"Winding Halls","floor":37,"gold_loss":0}],"is_beta":false,"boss_relics":[{"not_picked":["Busted Crown","Eternal Feather"],"picked":"Velvet Choker"},{"not_picked":["Snecko Eye","Empty Cage"],"picked":"Astrolabe"}],"items_purged_floors":[19],"is_endless":false,"potions_floor_spawned":[10,11,16,22,31,33,39,44,48],"killed_by":"Donu and Deca","ascension_level":0}