{"gold_per_floor":[115,115,31,31,51,77,77,2,2,15,15,15,33,33,33,107,107,127,137,137,137,37,37,37],"floor_reached":24,"playtime":1369,"items_purged":["Decay","Strike_G"],"score":346,"play_id":"f52d0aa0-56da-498e-bf42-693b280ccf67","local_time":"20181230175903","is_ascension_mode":true,"campfire_choices":[{"floor":7.0,"key":"REST"},{"data":"Quick Slash","floor":12.0,"key":"SMITH"},{"data":"Backflip","floor":15.0,"key":"SMITH"},{"data":"Survivor","floor":23,"key":"SMITH"}],"neow_cost":"NONE","seed_source_timestamp":23740242749269,"circlet_count":0,"master_deck":["AscendersBane","Defend_G+1","Defend_G+1","Defend_G","Defend_G","Defend_G","Strike_G","Strike_G","Strike_G","Survivor+1","Neutralize+1","Quick Slash+1","Unload","Backstab","Backflip+1","Wraith Form v2+1","Acrobatics"],"special_seed":0,"relics":["Ring of the Snake","Centennial Puzzle","Matryoshka","Runic Pyramid"],"potions_floor_usage":[],"damage_taken":[{"damage":0.0,"enemies":"2 Louse","floor":1.0,"turns":4.0},{"damage":4.0,"enemies":"Jaw Worm","floor":5.0,"turns":4.0},{"damage":21.0,"enemies":"Gremlin Nob","floor":6.0,"turns":4.0},{"damage":0.0,"enemies":"Cultist","floor":10.0,"turns":2.0},{"damage":0.0,"enemies":"Looter","floor":13.0,"turns":3.0},{"damage":23.0,"enemies":"The Guardian","floor":16.0,"turns":17.0},{"damage":2,"enemies":"Chosen","floor":18,"turns":7},{"damage":7,"enemies":"Shell Parasite","floor":19,"turns":14},{"damage":18,"enemies":"Colosseum Slavers","floor":20,"turns":7},{"damage":31,"enemies":"Snecko","floor":24,"turns":8}],"seed_played":"-317665650682619400","potions_obtained":[{"floor":1.0,"key":"Poison Potion"},{"floor":6.0,"key":"Ancient Potion"},{"floor":13.0,"key":"Energy Potion"}],"is_trial":false,"path_per_floor":["M","?","$","?","M","E","R","$","T","M","?","R","M","?","R","B",null,"M","?","?","$","R","M"],"character_chosen":"THE_SILENT","items_purchased":["Unload"],"campfire_rested":1,"item_purchase_floors":[3],"current_hp_per_floor":[59,39,39,39,35,14,33,33,33,33,33,33,33,33,33,10,52,50,43,25,25,25,25,0],"gold":37,"neow_bonus":"UPGRADE_CARD","is_prod":false,"is_daily":false,"chose_seed":false,"campfire_upgraded":3,"win_rate":0,"timestamp":1546153143,"path_taken":["M","?","$","?","M","E","R","$","T","?","?","R","M","?","R","BOSS","M","M","?","?","$","R","?"],"build_version":"2018-12-25","purchased_purges":2,"victory":false,"max_hp_per_floor":[66,66,66,66,66,66,66,66,66,66,66,66,66,66,66,66,66,66,66,66,66,66,66,66],"card_choices":[{"not_picked":["Blade Dance","Underhanded Strike"],"picked":"Quick Slash","floor":1.0},{"not_picked":["Deadly Poison","Flying Knee"],"picked":"Backstab","floor":5.0},{"not_picked":["Slice","Sucker Punch","Infinite Blades"],"picked":"SKIP","floor":6.0},{"not_picked":["PiercingWail","Doppelganger","Blade Dance"],"picked":"SKIP","floor":10.0},{"not_picked":["Dagger Spray","Acrobatics"],"picked":"Backflip","floor":13.0},{"not_picked":["Burst","A Thousand Cuts"],"picked":"Wraith Form v2","floor":16.0},{"not_picked":["Dagger Spray","Finisher+1"],"picked":"Acrobatics","floor":18},{"not_picked":["Well Laid Plans","Dagger Spray","Outmaneuver+1"],"picked":"SKIP","floor":19}],"player_experience":500042,"relics_obtained":[{"floor":6.0,"key":"Centennial Puzzle"},{"floor":9.0,"key":"Matryoshka"}],"event_choices":[{"damage_healed":0.0,"max_hp_gain":0.0,"max_hp_loss":0.0,"gold_gain":0.0,"event_name":"Shining Light","player_choice":"Entered Light","floor":2.0,"gold_loss":0.0,"damage_taken":20.0,"cards_upgraded":["Defend_G","Defend_G"]},{"damage_healed":0.0,"max_hp_gain":0.0,"max_hp_loss":0.0,"gold_gain":0.0,"event_name":"Wheel of Change","player_choice":"Cursed","floor":4.0,"gold_loss":0.0,"damage_taken":0.0,"cards_obtained":["Decay"]},{"cards_removed":["Strike_G"],"damage_healed":0.0,"max_hp_gain":0.0,"max_hp_loss":0.0,"gold_gain":0.0,"event_name":"Living Wall","player_choice":"Forget","floor":11.0,"gold_loss":0.0,"damage_taken":0.0},{"damage_healed":0.0,"max_hp_gain":0.0,"max_hp_loss":0.0,"gold_gain":0.0,"event_name":"Scrap Ooze","player_choice":"Fled","floor":14.0,"gold_loss":0.0,"damage_taken":0.0},{"damage_healed":0,"gold_gain":0,"player_choice":"Fight","damage_taken":0,"max_hp_gain":0,"max_hp_loss":0,"event_name":"Colosseum","floor":20,"gold_loss":0},{"damage_healed":0,"gold_gain":0,"player_choice":"Fled From Nobs","damage_taken":0,"max_hp_gain":0,"max_hp_loss":0,"event_name":"Colosseum","floor":20,"gold_loss":0},{"damage_healed":0,"gold_gain":0,"player_choice":"Upgraded","damage_taken":0,"max_hp_gain":0,"max_hp_loss":0,"event_name":"Upgrade Shrine","floor":21,"gold_loss":0,"cards_upgraded":["Wraith Form v2"]}],"is_beta":true,"boss_relics":[{"not_picked":["Pandora\u0027s Box","Fusion Hammer"],"picked":"Runic Pyramid"}],"items_purged_floors":[8,22],"is_endless":false,"potions_floor_spawned":[1,6,13,18],"killed_by":"Snecko","ascension_level":16}