{"gold_per_floor":[118,118,137,237,253,313,199,213,213,246,53,68,68,132,132,237,237,251,216,235,235,251,251,100,100,126,126],"floor_reached":27,"playtime":3403,"items_purged":[],"score":248,"play_id":"78d7d844-5537-4358-bc26-1f1316a5f06e","local_time":"20190712002234","is_ascension_mode":false,"campfire_choices":[{"floor":13.0,"key":"REST"},{"floor":15.0,"key":"REST"},{"floor":23.0,"key":"REST"},{"floor":25.0,"key":"REST"}],"neow_cost":"NONE","seed_source_timestamp":0,"circlet_count":0,"master_deck":["Strike_G","Strike_G","Strike_G","Strike_G","Strike_G","Defend_G","Defend_G","Defend_G","Defend_G","Defend_G","Survivor","Neutralize","Deep Breath","Bouncing Flask","Dodge and Roll","Dagger Throw","Adrenaline","Infinite Blades","Backflip","Dodge and Roll","Dash","Well Laid Plans","Cloak And Dagger","Heel Hook","Cloak And Dagger","Poisoned Stab","Malaise","Dagger Throw","Cloak And Dagger","Prepared","PiercingWail+1","Crippling Poison","Accuracy"],"special_seed":0,"relics":["Ring of the Snake","Tiny Chest","Art of War","Gremlin Horn","Bird Faced Urn","Runic Pyramid","Orichalcum"],"potions_floor_usage":[27],"damage_taken":[{"damage":3.0,"enemies":"Jaw Worm","floor":1.0,"turns":7.0},{"damage":0.0,"enemies":"Small Slimes","floor":3.0,"turns":4.0},{"damage":0.0,"enemies":"Cultist","floor":5.0,"turns":5.0},{"damage":19.0,"enemies":"3 Sentries","floor":6.0,"turns":15.0},{"damage":0.0,"enemies":"Red Slaver","floor":8.0,"turns":5.0},{"damage":0.0,"enemies":"Lagavulin","floor":10.0,"turns":8.0},{"damage":0.0,"enemies":"Lots of Slimes","floor":12.0,"turns":5.0},{"damage":18.0,"enemies":"Gremlin Nob","floor":14.0,"turns":5.0},{"damage":38.0,"enemies":"The Guardian","floor":16.0,"turns":15.0},{"damage":0.0,"enemies":"Chosen","floor":18.0,"turns":4.0},{"damage":27.0,"enemies":"2 Thieves","floor":19.0,"turns":5.0},{"damage":35.0,"enemies":"Cultist and Chosen","floor":20.0,"turns":13.0},{"damage":3.0,"enemies":"Centurion and Healer","floor":22.0,"turns":12.0},{"damage":35,"enemies":"Gremlin Leader","floor":27,"turns":8}],"seed_played":"-4678303236136452272","potions_obtained":[{"floor":1.0,"key":"Block Potion"},{"floor":5.0,"key":"SkillPotion"},{"floor":6.0,"key":"Dexterity Potion"},{"floor":8.0,"key":"EssenceOfSteel"},{"floor":12.0,"key":"Ancient Potion"},{"floor":18.0,"key":"EssenceOfSteel"},{"floor":22.0,"key":"Block Potion"}],"is_trial":false,"path_per_floor":["M","?","M","?","M","E","$","M","T","E","$","M","R","?","R","B",null,"M","M","M","?","M","R","$","R","T","E"],"character_chosen":"THE_SILENT","items_purchased":["Infinite Blades","Backflip","Well Laid Plans","Cloak And Dagger","Heel Hook","Crippling Poison","Accuracy"],"campfire_rested":4,"item_purchase_floors":[7,7,11,11,11,24,24],"current_hp_per_floor":[67,67,67,67,67,48,48,48,48,48,48,48,69,51,70,34,70,70,45,14,14,15,36,36,57,57,26],"gold":126,"neow_bonus":"RANDOM_COLORLESS","is_prod":false,"is_daily":false,"chose_seed":false,"campfire_upgraded":0,"win_rate":0.0,"timestamp":1562905354,"path_taken":["M","?","M","?","?","E","?","M","T","E","$","?","R","?","R","BOSS","M","M","M","?","M","R","$","R","T","E"],"build_version":"2019-07-05","purchased_purges":0,"victory":false,"max_hp_per_floor":[70,70,70,70,70,70,70,70,70,70,70,70,70,70,70,70,70,70,70,70,70,70,70,70,70,70,70],"card_choices":[{"not_picked":["Caltrops","Underhanded Strike"],"picked":"Bouncing Flask","floor":1.0},{"not_picked":["Skewer","Outmaneuver"],"picked":"Dodge and Roll","floor":3.0},{"not_picked":["Flying Knee","Riddle With Holes"],"picked":"Dagger Throw","floor":5.0},{"not_picked":["Bullet Time","Quick Slash"],"picked":"Adrenaline","floor":6.0},{"not_picked":["Blade Dance","Blur"],"picked":"Dodge and Roll","floor":8.0},{"not_picked":["Prepared","Catalyst"],"picked":"Dash","floor":10.0},{"not_picked":["Infinite Blades","All Out Attack"],"picked":"Cloak And Dagger","floor":12.0},{"not_picked":["Dodge and Roll","Outmaneuver"],"picked":"Poisoned Stab","floor":14.0},{"not_picked":["Glass Knife","Bullet Time"],"picked":"Malaise","floor":16.0},{"not_picked":["Underhanded Strike","Flying Knee"],"picked":"Dagger Throw","floor":18.0},{"not_picked":["Backflip","Quick Slash"],"picked":"Cloak And Dagger","floor":19.0},{"not_picked":["Choke+1","Blur"],"picked":"Prepared","floor":20.0},{"not_picked":["Acrobatics","Poisoned Stab"],"picked":"PiercingWail+1","floor":22.0}],"player_experience":88742,"relics_obtained":[{"floor":6.0,"key":"Tiny Chest"},{"floor":9.0,"key":"Art of War"},{"floor":10.0,"key":"Gremlin Horn"},{"floor":14.0,"key":"Bird Faced Urn"},{"floor":26.0,"key":"Orichalcum"}],"event_choices":[{"damage_healed":0.0,"max_hp_gain":0.0,"max_hp_loss":0.0,"gold_gain":0.0,"event_name":"Scrap Ooze","player_choice":"Fled","floor":2.0,"gold_loss":0.0,"damage_taken":0.0},{"damage_healed":0.0,"max_hp_gain":0.0,"max_hp_loss":0.0,"gold_gain":100.0,"event_name":"Golden Shrine","player_choice":"Pray","floor":4.0,"gold_loss":0.0,"damage_taken":0.0},{"damage_healed":0.0,"max_hp_gain":0.0,"max_hp_loss":0.0,"gold_gain":0.0,"event_name":"Dead Adventurer","player_choice":"Searched \u00271\u0027 times","floor":14.0,"gold_loss":0.0,"damage_taken":0.0},{"damage_healed":0.0,"max_hp_gain":0.0,"max_hp_loss":0.0,"gold_gain":0.0,"event_name":"FaceTrader","player_choice":"Leave","floor":21.0,"gold_loss":0.0,"damage_taken":0.0}],"is_beta":false,"boss_relics":[{"not_picked":["Black Star","Snecko Eye"],"picked":"Runic Pyramid"}],"items_purged_floors":[],"is_endless":false,"potions_floor_spawned":[1,5,6,8,12,18,22],"killed_by":"Gremlin Leader","ascension_level":0}