{"gold_per_floor":[218,15,35,47,47,83,102,102,102,102,142,167,167,167,167,291,291,311,187,177,87,106,106,126,126,126,126,145,163,163,38,38,157,157,181,181,196,0,18,18,38,38,38,56,81,97,97,97,97,97,97,97,97,97],"floor_reached":54,"playtime":3287,"items_purged":["Strike_R","Thunderclap","Metallicize"],"score":709,"play_id":"18004497-5abe-4438-badb-73f8d8cf2873","local_time":"20190109124231","is_ascension_mode":true,"campfire_choices":[{"data":"Rampage","floor":10,"key":"SMITH"},{"data":"True Grit","floor":13,"key":"SMITH"},{"data":"Pommel Strike","floor":15,"key":"SMITH"},{"data":"Uppercut","floor":23,"key":"SMITH"},{"data":"Demon Form","floor":25,"key":"SMITH"},{"data":"Double Tap","floor":27,"key":"SMITH"},{"data":"Disarm","floor":32,"key":"SMITH"},{"data":"Flame Barrier","floor":40,"key":"SMITH"},{"floor":42,"key":"RECALL"},{"data":"Shrug It Off","floor":47,"key":"SMITH"},{"data":"Shrug It Off","floor":49,"key":"SMITH"},{"data":"Shrug It Off","floor":52,"key":"SMITH"}],"neow_cost":"NONE","seed_source_timestamp":178022667347590,"circlet_count":0,"master_deck":["Ghostly Armor","Shrug It Off+1","Pommel Strike+1","Shrug It Off+1","Thunderclap","Rampage+1","True Grit+1","Double Tap+1","Uppercut+1","Disarm+1","Thunderclap","Demon Form+1","Cleave+1","Shrug It Off+1","Shockwave+1","Offering","Flame Barrier+1","Steam+1","Parasite","Panacea+1"],"relics":["Burning Blood","Golden Idol","Question Card","Gremlin Horn","Singing Bowl","Pantograph","Pandora\u0027s Box","Enchiridion","Velvet Choker","PrismaticShard","Paper Frog"],"potions_floor_usage":[6,7,18,54],"damage_taken":[{"damage":9,"enemies":"2 Louse","floor":1,"turns":4},{"damage":6,"enemies":"Small Slimes","floor":3,"turns":4},{"damage":1,"enemies":"Jaw Worm","floor":4,"turns":4},{"damage":5,"enemies":"3 Sentries","floor":6,"turns":12},{"damage":14,"enemies":"Gremlin Gang","floor":7,"turns":7},{"damage":33,"enemies":"Lagavulin","floor":11,"turns":11},{"damage":6,"enemies":"Large Slime","floor":12,"turns":7},{"damage":11,"enemies":"The Guardian","floor":16,"turns":10},{"damage":12,"enemies":"3 Byrds","floor":18,"turns":6},{"damage":17,"enemies":"2 Thieves","floor":20,"turns":4},{"damage":15,"enemies":"Centurion and Healer","floor":22,"turns":7},{"damage":11,"enemies":"3 Cultists","floor":24,"turns":5},{"damage":0,"enemies":"Cultist and Chosen","floor":28,"turns":4},{"damage":14,"enemies":"Snecko","floor":29,"turns":6},{"damage":47,"enemies":"Automaton","floor":33,"turns":8},{"damage":18,"enemies":"3 Darklings","floor":35,"turns":5},{"damage":3,"enemies":"Orb Walker","floor":37,"turns":4},{"damage":14,"enemies":"Sphere and 2 Shapes","floor":39,"turns":8},{"damage":0,"enemies":"Transient","floor":41,"turns":5},{"damage":10,"enemies":"Writhing Mass","floor":44,"turns":7},{"damage":0,"enemies":"Maw","floor":45,"turns":6},{"damage":29,"enemies":"4 Shapes","floor":46,"turns":2},{"damage":39,"enemies":"Awakened One","floor":50,"turns":13},{"damage":116,"enemies":"Shield and Spear","floor":54,"turns":9}],"seed_played":"-3730983049783525193","potions_obtained":[{"floor":1,"key":"SkillPotion"},{"floor":4,"key":"Weak Potion"},{"floor":16,"key":"Poison Potion"},{"floor":20,"key":"Ancient Potion"},{"floor":29,"key":"Regen Potion"},{"floor":33,"key":"FearPotion"},{"floor":37,"key":"Regen Potion"},{"floor":41,"key":"Block Potion"}],"is_trial":false,"path_per_floor":["M","$","M","M","?","E","M","?","T","R","E","M","R","?","R","B",null,"M","$","M","?","M","R","M","R","T","R","M","M","?","$","R","B",null,"M","?","M","$","M","R","M","R","T","M","M","M","R","?","R","B",null,"R","$","E"],"character_chosen":"IRONCLAD","items_purchased":["Ghostly Armor","Shrug It Off","Shrug It Off","PrismaticShard"],"campfire_rested":0,"item_purchase_floors":[2,2,19,38],"current_hp_per_floor":[77,77,77,80,60,61,53,46,46,46,21,21,21,18,18,38,82,76,76,67,67,60,60,57,57,57,57,63,57,41,41,41,25,90,80,80,83,83,75,75,83,83,83,81,89,66,66,68,68,60,100,100,100,0],"gold":97,"neow_bonus":"HUNDRED_GOLD","is_prod":false,"is_daily":false,"chose_seed":false,"campfire_upgraded":11,"win_rate":0,"timestamp":1546998151,"path_taken":["M","$","M","M","?","E","M","?","T","R","E","M","R","?","R","BOSS","M","$","M","?","?","R","M","R","T","R","M","M","?","?","R","BOSS","M","?","M","$","?","R","M","R","T","M","M","M","R","?","R","BOSS","R","$","E"],"build_version":"2019-01-03v4","purchased_purges":3,"victory":false,"max_hp_per_floor":[80,80,80,80,80,80,80,80,80,80,82,82,82,82,82,82,82,82,82,84,84,86,86,88,88,88,88,88,90,90,90,90,90,90,92,92,92,92,92,92,94,94,94,96,98,98,98,100,100,100,100,100,100,100],"card_choices":[{"not_picked":["Seeing Red","Flex","Clothesline"],"picked":"SKIP","floor":1},{"not_picked":["Ghostly Armor","Wild Strike"],"picked":"Pommel Strike","floor":3},{"not_picked":["Power Through","Corruption"],"picked":"Shrug It Off","floor":4},{"not_picked":["Wild Strike","Clash"],"picked":"Thunderclap","floor":6},{"not_picked":["Perfected Strike","Sentinel","Cleave"],"picked":"Rampage","floor":7},{"not_picked":["Iron Wave","Sword Boomerang","Pummel","Wild Strike"],"picked":"Singing Bowl","floor":11},{"not_picked":["Blood for Blood","Pommel Strike","Perfected Strike"],"picked":"True Grit","floor":12},{"not_picked":["Exhume","Fiend Fire","Impervious"],"picked":"Double Tap","floor":16},{"not_picked":["Sword Boomerang","Wild Strike+1","Combust"],"picked":"Cleave","floor":18},{"not_picked":["Clash","Metallicize","Anger","Heavy Blade"],"picked":"Singing Bowl","floor":20},{"not_picked":["Cleave","Pommel Strike","Rage+1","Wild Strike"],"picked":"Singing Bowl","floor":22},{"not_picked":["Sword Boomerang","Armaments","Double Tap","Pommel Strike+1"],"picked":"Singing Bowl","floor":24},{"not_picked":["Havoc","Rupture","Warcry"],"picked":"Shockwave+1","floor":28},{"not_picked":["Dropkick","Shockwave","Dual Wield","Sword Boomerang"],"picked":"Singing Bowl","floor":29},{"not_picked":["Bludgeon","Demon Form","Exhume"],"picked":"Offering","floor":33},{"not_picked":["Second Wind+1","Rupture","Anger+1","True Grit"],"picked":"Singing Bowl","floor":35},{"not_picked":["Havoc+1","Shrug It Off","Clash"],"picked":"Flame Barrier","floor":37},{"not_picked":["Redo+1","Compile Driver+1","Dodge and Roll+1"],"picked":"Steam+1","floor":39},{"not_picked":["Night Terror","Poisoned Stab","Dagger Throw+1","Coolheaded"],"picked":"Singing Bowl","floor":41},{"not_picked":["Havoc","Body Slam","Dagger Throw+1","Leap"],"picked":"Singing Bowl","floor":44},{"not_picked":["Transmutation","Underhanded Strike","Coolheaded","Predator+1"],"picked":"Singing Bowl","floor":45},{"not_picked":["Heatsinks+1","Blur","Redo"],"picked":"Panacea+1","floor":46},{"not_picked":["Mayhem","Dramatic Entrance","The Bomb","Impatience"],"picked":"Singing Bowl","floor":48}],"player_experience":515977,"relics_obtained":[{"floor":6,"key":"Question Card"},{"floor":9,"key":"Gremlin Horn"},{"floor":11,"key":"Singing Bowl"},{"floor":30,"key":"Enchiridion"},{"floor":43,"key":"Paper Frog"}],"event_choices":[{"damage_healed":0,"gold_gain":0,"player_choice":"Take Damage","damage_taken":20,"relics_obtained":["Golden Idol"],"max_hp_gain":0,"max_hp_loss":0,"event_name":"Golden Idol","floor":5,"gold_loss":0},{"cards_removed":["Strike_R"],"damage_healed":0,"gold_gain":0,"player_choice":"Card Removal","damage_taken":7,"max_hp_gain":0,"max_hp_loss":0,"event_name":"Golden Wing","floor":8,"gold_loss":0},{"damage_healed":0,"gold_gain":0,"player_choice":"Success","damage_taken":3,"relics_obtained":["Pantograph"],"max_hp_gain":0,"max_hp_loss":0,"event_name":"Scrap Ooze","floor":14,"gold_loss":0},{"cards_removed":["Flex"],"damage_healed":0,"gold_gain":0,"player_choice":"Upgrade and Remove","damage_taken":0,"max_hp_gain":0,"max_hp_loss":0,"event_name":"Designer","floor":21,"gold_loss":90,"cards_upgraded":["Cleave"]},{"damage_healed":0,"gold_gain":0,"player_choice":"Obtained Book","damage_taken":16,"max_hp_gain":0,"max_hp_loss":0,"event_name":"Cursed Tome","floor":30,"gold_loss":0},{"cards_removed":["Bash"],"damage_healed":0,"gold_gain":0,"player_choice":"Offered Basic","damage_taken":0,"max_hp_gain":0,"max_hp_loss":0,"event_name":"Bonfire Elementals","floor":36,"gold_loss":0},{"damage_healed":0,"gold_gain":0,"player_choice":"Memory 1","damage_taken":0,"max_hp_gain":0,"max_hp_loss":0,"event_name":"SensoryStone","floor":48,"gold_loss":0}],"is_beta":false,"boss_relics":[{"not_picked":["Ectoplasm","Eternal Feather"],"picked":"Pandora\u0027s Box"},{"not_picked":["Runic Cube","Black Star"],"picked":"Velvet Choker"}],"items_purged_floors":[2,19,31],"is_endless":false,"potions_floor_spawned":[1,4,16,20,29,33,37,39,41],"killed_by":"Shield and Spear","ascension_level":1}