{"gold_per_floor":[115,165,177,41,41,76,76,106,106,138,149,163,163,179,179,256,256,256,256,196,196,46,46,46,46,46,46,46,46,46,46,46,46,46,46,46,46,46,46,46,46,46,46,46,46,46,46,46,46,46,46],"floor_reached":51,"playtime":1816,"items_purged":["Defend_R"],"score":1640,"play_id":"5c1b845a-8aa8-4c53-869a-32fdc2f87dce","local_time":"20190623180412","is_ascension_mode":true,"campfire_choices":[{"data":"Perfected Strike","floor":7.0,"key":"SMITH"},{"data":"Perfected Strike","floor":15.0,"key":"SMITH"},{"data":"Perfected Strike","floor":24.0,"key":"SMITH"},{"data":"Disarm","floor":27.0,"key":"SMITH"},{"data":"Perfected Strike","floor":32.0,"key":"SMITH"},{"floor":49,"key":"REST"}],"neow_cost":"NONE","seed_source_timestamp":935512693914511,"circlet_count":0,"master_deck":["AscendersBane","Strike_R","Strike_R","Strike_R","Strike_R","Strike_R","Defend_R","Defend_R+1","Defend_R+1","Bash","Pommel Strike","Sever Soul","Immolate+1","Perfected Strike+1","Shrug It Off","Perfected Strike+1","Pommel Strike","Disarm+1","Perfected Strike+1","Pommel Strike","Feed","Disarm","Secret Weapon","Ghostly Armor","Pommel Strike","Perfected Strike+1","Battle Trance","Pommel Strike","Perfected Strike+1","Perfected Strike","Battle Trance","Writhe","Perfected Strike+1","Pommel Strike+1"],"special_seed":0,"relics":["Burning Blood","NeowsBlessing","Unceasing Top","The Courier","Prayer Wheel","Boot","Ectoplasm","Regal Pillow","Anchor","Pen Nib","Smiling Mask","Velvet Choker","Dodecahedron","War Paint","Bird Faced Urn","Art of War","Centennial Puzzle"],"potions_floor_usage":[50,51],"damage_taken":[{"damage":0.0,"enemies":"Small Slimes","floor":1.0,"turns":1.0},{"damage":0.0,"enemies":"Cultist","floor":3.0,"turns":1.0},{"damage":0.0,"enemies":"3 Sentries","floor":6.0,"turns":2.0},{"damage":40.0,"enemies":"Lagavulin","floor":8.0,"turns":4.0},{"damage":8.0,"enemies":"Gremlin Nob","floor":10.0,"turns":3.0},{"damage":0.0,"enemies":"2 Louse","floor":11.0,"turns":2.0},{"damage":0.0,"enemies":"Lots of Slimes","floor":12.0,"turns":1.0},{"damage":3.0,"enemies":"Looter","floor":14.0,"turns":2.0},{"damage":2.0,"enemies":"Slime Boss","floor":16.0,"turns":7.0},{"damage":10.0,"enemies":"Chosen","floor":18.0,"turns":3.0},{"damage":22.0,"enemies":"Gremlin Leader","floor":23.0,"turns":5.0},{"damage":0.0,"enemies":"3 Byrds","floor":25.0,"turns":2.0},{"damage":3.0,"enemies":"Centurion and Healer","floor":28.0,"turns":3.0},{"damage":14.0,"enemies":"Book of Stabbing","floor":29.0,"turns":4.0},{"damage":4.0,"enemies":"Snake Plant","floor":31.0,"turns":2.0},{"damage":48.0,"enemies":"Automaton","floor":33.0,"turns":5.0},{"damage":0.0,"enemies":"3 Darklings","floor":35.0,"turns":2.0},{"damage":1.0,"enemies":"Orb Walker","floor":36.0,"turns":2.0},{"damage":0.0,"enemies":"Jaw Worm Horde","floor":39.0,"turns":2.0},{"damage":38.0,"enemies":"Giant Head","floor":40.0,"turns":5.0},{"damage":23.0,"enemies":"Spire Growth","floor":41.0,"turns":3.0},{"damage":0,"enemies":"Transient","floor":42,"turns":6},{"damage":19,"enemies":"Mind Bloom Boss Battle","floor":44,"turns":3},{"damage":1,"enemies":"Nemesis","floor":45,"turns":3},{"damage":23,"enemies":"Reptomancer","floor":47,"turns":3},{"damage":0,"enemies":"Maw","floor":48,"turns":4},{"damage":80,"enemies":"Donu and Deca","floor":50,"turns":5},{"damage":20,"enemies":"Time Eater","floor":51,"turns":4}],"seed_played":"4834114024498971184","potions_obtained":[{"floor":6.0,"key":"AttackPotion"},{"floor":8.0,"key":"AttackPotion"},{"floor":11.0,"key":"LiquidBronze"},{"floor":16.0,"key":"LiquidBronze"},{"floor":29.0,"key":"SkillPotion"},{"floor":35.0,"key":"Block Potion"},{"floor":42,"key":"Explosive Potion"},{"floor":47,"key":"Strength Potion"}],"is_trial":false,"path_per_floor":["M","?","M","$","?","E","R","E","T","E","M","M","?","M","R","B",null,"M","T","$","?","$","E","R","M","T","R","M","E","?","M","R","B",null,"M","M","?","$","M","E","M","M","T","?","E","?","E","M","R","B","B"],"character_chosen":"IRONCLAD","items_purchased":["Immolate","Perfected Strike","Secret Weapon"],"campfire_rested":1,"item_purchase_floors":[4,4,22],"current_hp_per_floor":[74,67,73,73,73,75,75,41,41,39,45,51,85,85,85,85,85,81,81,81,81,81,65,65,74,74,74,77,72,63,65,65,26,77,83,88,88,88,94,62,45,51,51,38,43,62,45,51,94,20,0],"gold":46,"neow_bonus":"THREE_ENEMY_KILL","is_prod":false,"is_daily":false,"chose_seed":false,"campfire_upgraded":5,"win_rate":0,"timestamp":1561305852,"path_taken":["M","?","?","$","?","E","R","E","T","E","?","?","?","M","R","BOSS","M","?","$","?","$","E","R","M","T","R","M","E","?","?","R","BOSS","M","M","?","$","M","E","M","M","T","?","E","?","E","?","R","BOSS","BOSS"],"build_version":"2019-01-23","purchased_purges":1,"victory":false,"max_hp_per_floor":[75,75,75,75,75,75,75,75,75,75,75,75,85,85,85,85,85,85,85,85,85,85,85,85,88,88,88,88,91,91,91,91,94,94,94,94,94,94,94,94,94,94,94,94,94,94,94,94,94,94,94],"card_choices":[{"not_picked":["Wild Strike","True Grit"],"picked":"Pommel Strike","floor":1.0},{"not_picked":["Dropkick","Headbutt"],"picked":"Sever Soul","floor":3.0},{"not_picked":["Seeing Red","Body Slam"],"picked":"Shrug It Off","floor":6.0},{"not_picked":["Intimidate","Uppercut"],"picked":"Perfected Strike","floor":8.0},{"not_picked":["Pommel Strike","Dropkick"],"picked":"Fiend Fire","floor":10.0},{"not_picked":["Flex","Body Slam"],"picked":"Pommel Strike","floor":11.0},{"not_picked":["Reckless Charge","Carnage"],"picked":"Disarm","floor":11.0},{"not_picked":["Anger","Feel No Pain","True Grit"],"picked":"SKIP","floor":12.0},{"not_picked":["Rage","Demon Form","Iron Wave"],"picked":"SKIP","floor":12.0},{"not_picked":["Pommel Strike","Flex"],"picked":"Perfected Strike","floor":14.0},{"not_picked":["Warcry","Spot Weakness"],"picked":"Pommel Strike","floor":14.0},{"not_picked":["Reaper","Fiend Fire"],"picked":"Feed","floor":16.0},{"not_picked":["Whirlwind","Shockwave"],"picked":"Disarm","floor":18.0},{"not_picked":["Havoc","Clothesline","Clash"],"picked":"SKIP","floor":18.0},{"not_picked":["Rampage","Spot Weakness"],"picked":"Ghostly Armor","floor":23.0},{"not_picked":["Feel No Pain","Wild Strike"],"picked":"Pommel Strike","floor":25.0},{"not_picked":["Clothesline+1","Havoc","Headbutt"],"picked":"SKIP","floor":25.0},{"not_picked":["Flex","Second Wind"],"picked":"Perfected Strike","floor":28.0},{"not_picked":["Sword Boomerang+1","Clothesline"],"picked":"Battle Trance","floor":28.0},{"not_picked":["Blood for Blood","Barricade","Rupture"],"picked":"SKIP","floor":29.0},{"not_picked":["Rage","Bloodletting"],"picked":"Pommel Strike","floor":31.0},{"not_picked":["Warcry","Thunderclap"],"picked":"Perfected Strike+1","floor":31.0},{"not_picked":["Evolve","Sword Boomerang"],"picked":"Perfected Strike","floor":35.0},{"not_picked":["Power Through","Anger","Body Slam"],"picked":"SKIP","floor":35.0},{"not_picked":["True Grit+1","Rupture","Warcry"],"picked":"SKIP","floor":36.0},{"not_picked":["Pommel Strike","Cleave","Twin Strike"],"picked":"SKIP","floor":36.0},{"not_picked":["Flex+1","Thunderclap","Clash"],"picked":"SKIP","floor":39.0},{"not_picked":["Hemokinesis","Heavy Blade+1","Iron Wave"],"picked":"SKIP","floor":39.0},{"not_picked":["Bludgeon","Clothesline+1"],"picked":"Battle Trance","floor":40.0},{"not_picked":["Sword Boomerang+1","Dual Wield","Wild Strike"],"picked":"SKIP","floor":41.0},{"not_picked":["Battle Trance","Rage+1","Armaments"],"picked":"SKIP","floor":41.0},{"not_picked":["Dropkick","Wild Strike","Havoc"],"picked":"SKIP","floor":42},{"not_picked":["Anger","Combust","Flex"],"picked":"SKIP","floor":42},{"not_picked":["Sword Boomerang+1","Entrench+1","Havoc"],"picked":"SKIP","floor":45},{"not_picked":["Disarm","Rage+1","Demon Form"],"picked":"SKIP","floor":47},{"not_picked":["Wild Strike+1","Carnage"],"picked":"Perfected Strike+1","floor":48},{"not_picked":["Sever Soul+1","Shrug It Off"],"picked":"Pommel Strike+1","floor":48}],"player_experience":607163,"relics_obtained":[{"floor":6.0,"key":"Unceasing Top"},{"floor":8.0,"key":"The Courier"},{"floor":9.0,"key":"Prayer Wheel"},{"floor":10.0,"key":"Boot"},{"floor":19.0,"key":"Regal Pillow"},{"floor":23.0,"key":"Anchor"},{"floor":26.0,"key":"Pen Nib"},{"floor":29.0,"key":"Smiling Mask"},{"floor":40.0,"key":"Dodecahedron"},{"floor":43,"key":"War Paint"},{"floor":44,"key":"Bird Faced Urn"},{"floor":45,"key":"Art of War"},{"floor":47,"key":"Centennial Puzzle"}],"event_choices":[{"damage_healed":0.0,"max_hp_gain":0.0,"max_hp_loss":0.0,"gold_gain":50.0,"event_name":"FaceTrader","player_choice":"Touch","floor":2.0,"gold_loss":0.0,"damage_taken":7.0},{"damage_healed":0.0,"max_hp_gain":0.0,"max_hp_loss":0.0,"gold_gain":0.0,"event_name":"Accursed Blacksmith","player_choice":"Forge","floor":5.0,"gold_loss":0.0,"damage_taken":0.0,"cards_upgraded":["Immolate"]},{"cards_removed":["Fiend Fire"],"damage_healed":24.0,"max_hp_gain":10.0,"max_hp_loss":0.0,"gold_gain":0.0,"event_name":"Bonfire Elementals","player_choice":"Offered Rare","floor":13.0,"gold_loss":0.0,"damage_taken":0.0},{"damage_healed":0.0,"max_hp_gain":0.0,"max_hp_loss":0.0,"gold_gain":0.0,"event_name":"Vampires","player_choice":"Ignored","floor":21.0,"gold_loss":0.0,"damage_taken":0.0},{"damage_healed":0.0,"max_hp_gain":0.0,"max_hp_loss":0.0,"gold_gain":0.0,"event_name":"Knowing Skull","player_choice":"","floor":30.0,"potions_obtained":[],"gold_loss":0.0,"damage_taken":9.0,"cards_obtained":[]},{"damage_healed":0.0,"max_hp_gain":0.0,"max_hp_loss":0.0,"gold_gain":0.0,"event_name":"SensoryStone","player_choice":"Memory 1","floor":37.0,"gold_loss":0.0,"damage_taken":0.0},{"damage_healed":0,"gold_gain":0,"player_choice":"Fight","damage_taken":0,"max_hp_gain":0,"max_hp_loss":0,"event_name":"MindBloom","floor":44,"gold_loss":0},{"damage_healed":19,"gold_gain":0,"player_choice":"Writhe","damage_taken":0,"max_hp_gain":0,"max_hp_loss":0,"event_name":"Winding Halls","floor":46,"gold_loss":0,"cards_obtained":["Writhe"]}],"is_beta":false,"boss_relics":[{"not_picked":["Pandora\u0027s Box","Black Blood"],"picked":"Ectoplasm"},{"not_picked":["Runic Pyramid","Tiny House"],"picked":"Velvet Choker"}],"items_purged_floors":[20],"is_endless":false,"potions_floor_spawned":[6,8,11,16,29,35,36,42,47],"killed_by":"Time Eater","ascension_level":20}