{"gold_per_floor":[112,92,102,116,44,75,94,94,120,120,153,153,163,173,173,272,272,283,382,382,120,120,147,147,174,174,206,206,223,251,251,251,352,352,364,377,21,21,40,40,67,86,112,212,212,242,102,118,118,118,118,118,38,70,70],"floor_reached":55,"playtime":3110,"items_purged":["Strike_R","Anger"],"score":1058,"play_id":"cb6a6d4d-9d58-4d99-91e0-4277bf5f843c","local_time":"20190719011427","is_ascension_mode":true,"campfire_choices":[{"data":"Uppercut","floor":8.0,"key":"SMITH"},{"data":"True Grit","floor":10.0,"key":"SMITH"},{"data":"True Grit","floor":12.0,"key":"SMITH"},{"floor":15.0,"key":"REST"},{"floor":24.0,"key":"REST"},{"floor":32.0,"key":"REST"},{"data":"Demon Form","floor":40,"key":"SMITH"},{"floor":45,"key":"RECALL"},{"data":"Burning Pact","floor":49,"key":"SMITH"},{"data":"Juggernaut","floor":52,"key":"SMITH"}],"neow_cost":"PERCENT_DAMAGE","seed_source_timestamp":741139944920141,"circlet_count":0,"master_deck":["Bash","Reaper","Flame Barrier","Sword Boomerang","True Grit+1","Feel No Pain","True Grit+1","Uppercut+1","Clothesline","Disarm","Burning Pact+1","Fiend Fire","Thunderclap+1","Inflame","Necronomicurse","Dark Embrace","Impervious+1","Bludgeon","Impervious+1","Perfected Strike","Dual Wield+1","Evolve","Cleave","Feel No Pain","Evolve","Demon Form+1","Carnage+1","True Grit+1","Feel No Pain","Juggernaut+1","Feel No Pain"],"special_seed":0,"relics":["Burning Blood","Potion Belt","Juzu Bracelet","Bronze Scales","Snecko Eye","MutagenicStrength","Ancient Tea Set","Necronomicon","Art of War","Happy Flower","Self Forming Clay","Toxic Egg 2","Question Card","Pandora\u0027s Box","Pear","Gambling Chip","Mango","StoneCalendar","Mercury Hourglass"],"potions_floor_usage":[44,50,54,54,55],"damage_taken":[{"damage":1.0,"enemies":"Small Slimes","floor":1.0,"turns":4.0},{"damage":3.0,"enemies":"Cultist","floor":3.0,"turns":5.0},{"damage":8.0,"enemies":"Jaw Worm","floor":4.0,"turns":6.0},{"damage":8.0,"enemies":"Gremlin Nob","floor":6.0,"turns":3.0},{"damage":5.0,"enemies":"Exordium Wildlife","floor":7.0,"turns":3.0},{"damage":29.0,"enemies":"Lagavulin","floor":11.0,"turns":8.0},{"damage":16.0,"enemies":"Red Slaver","floor":13.0,"turns":5.0},{"damage":15.0,"enemies":"Looter","floor":14.0,"turns":4.0},{"damage":22.0,"enemies":"The Guardian","floor":16.0,"turns":17.0},{"damage":25.0,"enemies":"2 Thieves","floor":18.0,"turns":4.0},{"damage":28.0,"enemies":"Gremlin Leader","floor":23.0,"turns":5.0},{"damage":52.0,"enemies":"Slavers","floor":25.0,"turns":7.0},{"damage":1.0,"enemies":"Book of Stabbing","floor":27.0,"turns":3.0},{"damage":1.0,"enemies":"Spheric Guardian","floor":29.0,"turns":3.0},{"damage":24.0,"enemies":"Slavers","floor":30.0,"turns":4.0},{"damage":42.0,"enemies":"Automaton","floor":33.0,"turns":11.0},{"damage":20.0,"enemies":"3 Shapes","floor":35.0,"turns":6.0},{"damage":15.0,"enemies":"Orb Walker","floor":36.0,"turns":5.0},{"damage":12,"enemies":"3 Darklings","floor":39,"turns":4},{"damage":30,"enemies":"Nemesis","floor":41,"turns":5},{"damage":0,"enemies":"Maw","floor":42,"turns":5},{"damage":15,"enemies":"Mind Bloom Boss Battle","floor":44,"turns":5},{"damage":0,"enemies":"Giant Head","floor":46,"turns":7},{"damage":6,"enemies":"Spire Growth","floor":48,"turns":2},{"damage":44,"enemies":"Awakened One","floor":50,"turns":8},{"damage":26,"enemies":"Shield and Spear","floor":54,"turns":5},{"damage":106,"enemies":"The Heart","floor":55,"turns":6}],"seed_played":"4455350010246683929","potions_obtained":[{"floor":1.0,"key":"Fire Potion"},{"floor":2.0,"key":"FearPotion"},{"floor":3.0,"key":"Fire Potion"},{"floor":6.0,"key":"AttackPotion"},{"floor":14.0,"key":"LiquidBronze"},{"floor":23.0,"key":"SteroidPotion"},{"floor":27.0,"key":"Explosive Potion"},{"floor":30.0,"key":"SteroidPotion"},{"floor":33.0,"key":"Block Potion"},{"floor":39,"key":"GamblersBrew"},{"floor":54,"key":"Dexterity Potion"}],"is_trial":false,"path_per_floor":["M","?","M","M","$","E","M","R","T","R","E","R","M","M","R","B",null,"M","?","?","$","?","E","R","E","T","E","?","M","E","?","R","B",null,"M","M","$","?","M","R","E","M","T","?","R","E","$","M","R","B",null,"R","$","E","B"],"character_chosen":"IRONCLAD","items_purchased":["Feel No Pain","Ancient Tea Set","Inflame","Pear","Juggernaut","Feel No Pain"],"campfire_rested":3,"item_purchase_floors":[5,21,21,37,47,53],"current_hp_per_floor":[65,65,72,74,74,76,77,77,77,77,54,54,44,39,63,53,73,62,62,62,62,46,42,66,20,20,34,34,39,30,30,54,25,66,67,80,90,90,84,84,66,90,90,104,104,104,104,104,104,104,104,104,104,104,0],"gold":70,"neow_bonus":"THREE_RARE_CARDS","is_prod":false,"is_daily":false,"chose_seed":false,"campfire_upgraded":6,"win_rate":0,"timestamp":1563513267,"path_taken":["M","?","M","M","$","E","?","R","T","R","E","R","M","M","R","BOSS","M","?","?","?","?","E","R","E","T","E","?","M","E","?","R","BOSS","M","M","$","?","M","R","E","M","T","?","R","E","?","M","R","BOSS","R","$","E","BOSS"],"build_version":"2019-07-17","purchased_purges":2,"victory":false,"max_hp_per_floor":[80,80,80,80,80,80,80,80,80,80,80,80,80,80,80,80,80,80,80,80,80,80,80,80,80,80,80,80,80,80,80,80,80,80,80,80,90,90,90,90,90,90,90,104,104,104,104,104,104,104,104,104,104,104,104],"card_choices":[{"not_picked":["Barricade","Juggernaut"],"picked":"Reaper","floor":0.0},{"not_picked":["Burning Pact","True Grit"],"picked":"Flame Barrier","floor":1.0},{"not_picked":["Heavy Blade","Twin Strike"],"picked":"Sword Boomerang","floor":3.0},{"not_picked":["Power Through","Flex"],"picked":"True Grit","floor":4.0},{"not_picked":["Warcry","Armaments"],"picked":"True Grit","floor":6.0},{"not_picked":["Rupture","Body Slam"],"picked":"Uppercut","floor":7.0},{"not_picked":["Twin Strike","Perfected Strike"],"picked":"Clothesline","floor":11.0},{"not_picked":["Blood for Blood","Dual Wield"],"picked":"Disarm","floor":13.0},{"not_picked":["True Grit","Hemokinesis"],"picked":"Burning Pact","floor":14.0},{"not_picked":["Limit Break","Barricade"],"picked":"Fiend Fire","floor":16.0},{"not_picked":["Sword Boomerang","Wild Strike"],"picked":"Thunderclap+1","floor":18.0},{"not_picked":["Entrench","Iron Wave+1"],"picked":"Dark Embrace","floor":23.0},{"not_picked":["Cleave","Flex","Wild Strike"],"picked":"SKIP","floor":25.0},{"not_picked":["Cleave","Whirlwind","Warcry"],"picked":"SKIP","floor":27.0},{"not_picked":["Fire Breathing","Iron Wave"],"picked":"Impervious+1","floor":29.0},{"not_picked":["Heavy Blade","Twin Strike+1"],"picked":"Bludgeon","floor":30.0},{"not_picked":["Juggernaut","Fiend Fire","Bludgeon"],"picked":"Impervious+1","floor":33.0},{"not_picked":["Perfected Strike","Shrug It Off+1","Clothesline+1","Hemokinesis"],"picked":"SKIP","floor":35.0},{"not_picked":["Body Slam+1","Havoc+1","Perfected Strike","Cleave+1"],"picked":"SKIP","floor":36.0},{"not_picked":["Cleave","Shrug It Off+1","Twin Strike","Infernal Blade+1"],"picked":"SKIP","floor":39},{"not_picked":["Clash","Searing Blow+1","Blood for Blood"],"picked":"Carnage+1","floor":41},{"not_picked":["Rage+1","Rupture+1","Pommel Strike"],"picked":"True Grit+1","floor":42},{"not_picked":["Wild Strike","Impervious+1","Blood for Blood"],"picked":"Feel No Pain","floor":46},{"not_picked":["Havoc+1","Heavy Blade+1","Evolve","Ghostly Armor+1"],"picked":"SKIP","floor":48},{"not_picked":["Body Slam+1","Headbutt+1","Inflame","Cleave+1"],"picked":"SKIP","floor":54}],"player_experience":214604,"relics_obtained":[{"floor":6.0,"key":"Potion Belt"},{"floor":9.0,"key":"Juzu Bracelet"},{"floor":11.0,"key":"Bronze Scales"},{"floor":22.0,"key":"Necronomicon"},{"floor":23.0,"key":"Art of War"},{"floor":25.0,"key":"Happy Flower"},{"floor":26.0,"key":"Self Forming Clay"},{"floor":27.0,"key":"Toxic Egg 2"},{"floor":30.0,"key":"Question Card"},{"floor":41,"key":"Gambling Chip"},{"floor":44,"key":"Mango"},{"floor":46,"key":"StoneCalendar"},{"floor":54,"key":"Mercury Hourglass"}],"event_choices":[{"damage_healed":0.0,"max_hp_gain":0.0,"max_hp_loss":0.0,"gold_gain":0.0,"event_name":"The Woman in Blue","player_choice":"Bought 1 Potion","floor":2.0,"gold_loss":0.0,"damage_taken":0.0},{"damage_healed":0.0,"max_hp_gain":0.0,"max_hp_loss":0.0,"gold_gain":99.0,"event_name":"Nest","player_choice":"Stole From Cult","floor":19.0,"gold_loss":0.0,"damage_taken":0.0},{"damage_healed":0.0,"max_hp_gain":0.0,"max_hp_loss":0.0,"gold_gain":0.0,"event_name":"Drug Dealer","player_choice":"Inject Mutagens","floor":20.0,"gold_loss":0.0,"damage_taken":0.0,"relics_obtained":["MutagenicStrength"]},{"damage_healed":0.0,"max_hp_gain":0.0,"max_hp_loss":0.0,"gold_gain":0.0,"event_name":"Cursed Tome","player_choice":"Obtained Book","floor":22.0,"gold_loss":0.0,"damage_taken":16.0},{"damage_healed":0.0,"max_hp_gain":0.0,"max_hp_loss":0.0,"gold_gain":0.0,"event_name":"The Mausoleum","player_choice":"Ignored","floor":28.0,"gold_loss":0.0,"damage_taken":0.0},{"damage_healed":0.0,"max_hp_gain":0.0,"max_hp_loss":0.0,"gold_gain":0.0,"event_name":"Vampires","player_choice":"Ignored","floor":31.0,"gold_loss":0.0,"damage_taken":0.0},{"damage_healed":0.0,"max_hp_gain":0.0,"max_hp_loss":0.0,"gold_gain":0.0,"event_name":"SensoryStone","player_choice":"Memory 1","floor":38.0,"gold_loss":0.0,"damage_taken":0.0},{"damage_healed":0,"gold_gain":0,"player_choice":"Fight","damage_taken":0,"max_hp_gain":0,"max_hp_loss":0,"event_name":"MindBloom","floor":44,"gold_loss":0}],"is_beta":false,"boss_relics":[{"not_picked":["Runic Dome","White Beast Statue"],"picked":"Snecko Eye"},{"not_picked":["Philosopher\u0027s Stone","Runic Pyramid"],"picked":"Pandora\u0027s Box"}],"items_purged_floors":[21,37],"is_endless":false,"potions_floor_spawned":[1,3,6,14,23,27,30,33,39,42,54],"killed_by":"The Heart","ascension_level":5}