{"gold_per_floor":[213,69,19,19,19,19,29,29,75,109,121,137,137,198,198,198],"floor_reached":16,"playtime":678,"items_purged":["Strike_G"],"score":184,"play_id":"ca749b30-f9b9-42cb-b999-a32c632b8eae","local_time":"20181217151533","is_ascension_mode":true,"campfire_choices":[{"data":"Deadly Poison","floor":6,"key":"SMITH"},{"data":"Neutralize","floor":8,"key":"SMITH"},{"floor":13,"key":"REST"},{"floor":15,"key":"REST"}],"neow_cost":"NONE","seed_source_timestamp":146492975728686,"circlet_count":0,"master_deck":["AscendersBane","Defend_G","Defend_G","Defend_G","Defend_G","Defend_G","Strike_G","Strike_G","Strike_G","Survivor","Neutralize+1","Deadly Poison+1","Envenom+1","Infinite Blades","Catalyst","Backflip","Cloak And Dagger"],"relics":["Ring of the Snake","Dream Catcher","Boot","Tiny Chest"],"potions_floor_usage":[],"damage_taken":[{"damage":2,"enemies":"Jaw Worm","floor":1,"turns":7},{"damage":3,"enemies":"2 Louse","floor":7,"turns":4},{"damage":21,"enemies":"Gremlin Nob","floor":10,"turns":4},{"damage":0,"enemies":"Cultist","floor":11,"turns":3},{"damage":5,"enemies":"Exordium Thugs","floor":12,"turns":5},{"damage":39,"enemies":"3 Sentries","floor":14,"turns":12},{"damage":35,"enemies":"Slime Boss","floor":16,"turns":6}],"seed_played":"-115888805150142944","potions_obtained":[{"floor":7,"key":"Regen Potion"},{"floor":10,"key":"SpeedPotion"},{"floor":12,"key":"Swift Potion"}],"is_trial":false,"path_per_floor":["M","$","?","?","$","R","M","R","T","E","M","M","R","E","R","B"],"character_chosen":"THE_SILENT","items_purchased":["Envenom"],"campfire_rested":2,"item_purchase_floors":[2],"current_hp_per_floor":[57,57,57,57,57,57,54,54,54,33,33,28,47,8,27,0],"gold":198,"neow_bonus":"HUNDRED_GOLD","is_prod":false,"is_daily":false,"chose_seed":false,"campfire_upgraded":2,"win_rate":0,"timestamp":1545020133,"path_taken":["M","$","?","?","$","R","?","R","T","E","M","M","R","E","R","BOSS"],"build_version":"2018-12-13","purchased_purges":1,"victory":false,"max_hp_per_floor":[66,66,66,66,66,66,66,66,66,66,66,66,66,66,66,66],"card_choices":[{"not_picked":["Acrobatics","Bane"],"picked":"Deadly Poison","floor":1},{"not_picked":["Prepared","Flying Knee","Masterful Stab"],"picked":"SKIP","floor":7},{"not_picked":["Slice","Outmaneuver"],"picked":"Infinite Blades","floor":10},{"not_picked":["Sucker Punch","Backflip"],"picked":"Catalyst","floor":11},{"not_picked":["Endless Agony","Poisoned Stab","Quick Slash"],"picked":"SKIP","floor":12},{"not_picked":["Endless Agony","Poisoned Stab","Quick Slash"],"picked":"SKIP","floor":12},{"not_picked":["Flying Knee","Dagger Throw"],"picked":"Backflip","floor":13},{"not_picked":["Acrobatics","Expertise"],"picked":"Cloak And Dagger","floor":14}],"player_experience":484109,"relics_obtained":[{"floor":9,"key":"Dream Catcher"},{"floor":10,"key":"Boot"},{"floor":14,"key":"Tiny Chest"}],"event_choices":[{"cards_removed":["Strike_G"],"damage_healed":0,"gold_gain":0,"player_choice":"Card Removal","damage_taken":0,"max_hp_gain":0,"max_hp_loss":0,"event_name":"The Cleric","floor":3,"gold_loss":50},{"damage_healed":0,"gold_gain":0,"player_choice":"Forge","damage_taken":0,"max_hp_gain":0,"max_hp_loss":0,"event_name":"Accursed Blacksmith","floor":4,"gold_loss":0,"cards_upgraded":["Envenom"]}],"is_beta":true,"boss_relics":[],"items_purged_floors":[2],"is_endless":false,"potions_floor_spawned":[7,10,12],"killed_by":"Slime Boss","ascension_level":14}