{"gold_per_floor":[115,115,115,115,133,160,179,192,192,192,192,218,231,246,246,343,343,327,338,338,338,357,357,385,398,422,359,359,377,230,230,230,330,330,349,365,82,82,95,127,127,144,144,169,169,169,169,269,269,269],"floor_reached":51,"playtime":4851,"items_purged":["Strike_G"],"score":735,"play_id":"911b4b58-f47b-49ca-a1f9-95ba1372817a","local_time":"20190712014421","is_ascension_mode":false,"campfire_choices":[{"data":"Footwork","floor":11,"key":"SMITH"},{"data":"Neutralize","floor":15,"key":"SMITH"},{"floor":23,"key":"REST"},{"data":"Sucker Punch","floor":28,"key":"SMITH"},{"floor":32,"key":"REST"},{"floor":45,"key":"REST"},{"floor":47,"key":"REST"},{"data":"Dodge and Roll","floor":49,"key":"SMITH"}],"neow_cost":"NONE","seed_source_timestamp":136548476132880,"circlet_count":0,"master_deck":["Strike_G","Strike_G+1","Strike_G","Defend_G","Defend_G","Defend_G","Defend_G","Defend_G","Survivor","Neutralize+1","Dash+1","PiercingWail","Footwork+1","PiercingWail","Crippling Poison","Sucker Punch+1","Well Laid Plans+1","Adrenaline","Escape Plan","Dagger Throw+1","Backflip+1","Die Die Die","Dodge and Roll+1","After Image+1","Bouncing Flask","Poisoned Stab","Backflip+1","Slice","Endless Agony","Flechettes+1","Leg Sweep","Caltrops+1","Slice","Blade Dance+1","Good Instincts","Quick Slash+1","Dodge and Roll+1","Deflect"],"special_seed":0,"relics":["Ring of the Snake","Boot","Matryoshka","Art of War","Frozen Egg 2","StoneCalendar","Black Star","Mercury Hourglass","Anchor","MawBank","Whetstone","Ancient Tea Set","Orrery","Sling","Bag of Marbles","Bronze Scales","Strawberry","Pantograph","Gremlin Horn","Pocketwatch"],"potions_floor_usage":[12,16,29,30,36,39,39,50],"damage_taken":[{"damage":0.0,"enemies":"Jaw Worm","floor":1.0,"turns":7.0},{"damage":0.0,"enemies":"Small Slimes","floor":5.0,"turns":3.0},{"damage":25.0,"enemies":"Gremlin Nob","floor":6.0,"turns":5.0},{"damage":0.0,"enemies":"Cultist","floor":7.0,"turns":4.0},{"damage":1.0,"enemies":"Blue Slaver","floor":8.0,"turns":5.0},{"damage":1,"enemies":"Lagavulin","floor":12,"turns":14},{"damage":0,"enemies":"2 Fungi Beasts","floor":13,"turns":5},{"damage":0,"enemies":"Looter","floor":14,"turns":4},{"damage":15,"enemies":"Slime Boss","floor":16,"turns":9},{"damage":13,"enemies":"2 Thieves","floor":18,"turns":4},{"damage":21,"enemies":"Spheric Guardian","floor":19,"turns":7},{"damage":14,"enemies":"Shelled Parasite and Fungi","floor":22,"turns":7},{"damage":2,"enemies":"Book of Stabbing","floor":24,"turns":7},{"damage":0,"enemies":"Snake Plant","floor":25,"turns":5},{"damage":1,"enemies":"3 Cultists","floor":29,"turns":5},{"damage":55,"enemies":"Automaton","floor":33,"turns":19},{"damage":0,"enemies":"Orb Walker","floor":35,"turns":5},{"damage":0,"enemies":"3 Shapes","floor":36,"turns":4},{"damage":21,"enemies":"Transient","floor":39,"turns":5},{"damage":11,"enemies":"Nemesis","floor":40,"turns":7},{"damage":5,"enemies":"Maw","floor":42,"turns":8},{"damage":34,"enemies":"Reptomancer","floor":44,"turns":7},{"damage":0,"enemies":"Mind Bloom Boss Battle","floor":48,"turns":6},{"damage":37,"enemies":"Donu and Deca","floor":50,"turns":12}],"seed_played":"-2285284554273469632","potions_obtained":[{"floor":5.0,"key":"Dexterity Potion"},{"floor":6.0,"key":"Regen Potion"},{"floor":12,"key":"SkillPotion"},{"floor":14,"key":"SkillPotion"},{"floor":18,"key":"SteroidPotion"},{"floor":22,"key":"Fire Potion"},{"floor":25,"key":"Swift Potion"},{"floor":35,"key":"Poison Potion"},{"floor":36,"key":"Weak Potion"}],"is_trial":false,"path_per_floor":["M","?","?","?","M","E","M","M","T","?","R","E","M","M","R","B",null,"M","M","?","?","M","R","E","M","T","$","R","M","$","T","R","B",null,"M","M","$","?","M","E","?","M","T","E","R","?","R","?","R","B",null],"character_chosen":"THE_SILENT","items_purchased":["Fire Potion","Fruit Juice","Caltrops+1","Sling"],"campfire_rested":4,"item_purchase_floors":[30,30,37,37],"current_hp_per_floor":[70,75,75,75,75,50,50,63,63,63,63,62,62,62,62,47,75,62,41,66,52,38,62,60,60,60,60,60,59,64,64,85,30,85,85,85,85,85,64,53,53,48,55,21,48,48,74,87,87,50],"gold":269,"neow_bonus":"RANDOM_COMMON_RELIC","is_prod":false,"is_daily":false,"chose_seed":false,"campfire_upgraded":4,"win_rate":0.0,"timestamp":1562910261,"path_taken":["M","?","?","?","M","E","M","?","T","?","R","E","M","M","R","BOSS","M","?","?","?","M","R","E","M","T","$","R","M","?","?","R","BOSS","M","M","$","?","M","E","?","M","T","E","R","?","R","?","R","BOSS"],"build_version":"2019-07-05","purchased_purges":1,"victory":true,"max_hp_per_floor":[70,75,75,75,75,75,75,75,75,75,75,75,75,75,75,75,75,75,75,75,80,80,80,80,80,80,80,80,80,85,85,85,85,85,85,85,85,85,85,85,85,85,92,92,92,87,87,87,87,87],"card_choices":[{"not_picked":["Dagger Throw","Bane"],"picked":"Dash","floor":1.0},{"not_picked":["Masterful Stab","Heel Hook","Underhanded Strike"],"picked":"SKIP","floor":5.0},{"not_picked":["Prepared","Deadly Poison"],"picked":"PiercingWail","floor":6.0},{"not_picked":["Underhanded Strike","Quick Slash"],"picked":"Footwork","floor":7.0},{"not_picked":["Bane","Flying Knee"],"picked":"PiercingWail","floor":8.0},{"not_picked":["Prepared","Deflect"],"picked":"Crippling Poison","floor":12},{"not_picked":["Dagger Throw","Phantasmal Killer"],"picked":"Sucker Punch","floor":13},{"not_picked":["Finisher","Prepared"],"picked":"Well Laid Plans+1","floor":14},{"not_picked":["Glass Knife","A Thousand Cuts+1"],"picked":"Adrenaline","floor":16},{"not_picked":["Accuracy+1","Flying Knee"],"picked":"Escape Plan","floor":18},{"not_picked":["Acrobatics","Crippling Poison"],"picked":"Dagger Throw+1","floor":19},{"not_picked":["Deflect","Deadly Poison"],"picked":"Backflip+1","floor":22},{"not_picked":["Outmaneuver+1","Crippling Poison"],"picked":"Die Die Die","floor":24},{"not_picked":["Infinite Blades+1","Backflip","Outmaneuver"],"picked":"SKIP","floor":25},{"not_picked":["Eviscerate","Expertise"],"picked":"Dodge and Roll","floor":29},{"not_picked":["Tools of the Trade+1","Bullet Time"],"picked":"After Image+1","floor":33},{"not_picked":["Deflect","Heel Hook"],"picked":"Bouncing Flask","floor":34},{"not_picked":["Masterful Stab+1","Reflex"],"picked":"Poisoned Stab","floor":34},{"not_picked":["Reflex","Poisoned Stab"],"picked":"Backflip+1","floor":34},{"not_picked":["Terror","Underhanded Strike+1"],"picked":"Slice","floor":34},{"not_picked":["Deflect+1","Bane"],"picked":"Endless Agony","floor":34},{"not_picked":["Deadly Poison+1","Flying Knee"],"picked":"Flechettes+1","floor":35},{"not_picked":["Accuracy+1","Backflip+1"],"picked":"Leg Sweep","floor":36},{"not_picked":["Outmaneuver+1","Dash"],"picked":"Slice","floor":39},{"not_picked":["Deadly Poison","Tactician"],"picked":"Blade Dance+1","floor":40},{"not_picked":["Purity","Violence"],"picked":"Good Instincts","floor":41},{"not_picked":["Blade Dance","Acrobatics"],"picked":"Quick Slash+1","floor":42},{"not_picked":["Prepared","Blade Dance+1"],"picked":"Dodge and Roll+1","floor":44},{"not_picked":["Crippling Poison","Prepared"],"picked":"Deflect","floor":48}],"player_experience":92145,"relics_obtained":[{"floor":6.0,"key":"Matryoshka"},{"floor":9.0,"key":"Art of War"},{"floor":9.0,"key":"Frozen Egg 2"},{"floor":12,"key":"StoneCalendar"},{"floor":24,"key":"Mercury Hourglass"},{"floor":24,"key":"Anchor"},{"floor":26,"key":"MawBank"},{"floor":26,"key":"Whetstone"},{"floor":31,"key":"Ancient Tea Set"},{"floor":40,"key":"Bag of Marbles"},{"floor":40,"key":"Bronze Scales"},{"floor":43,"key":"Strawberry"},{"floor":44,"key":"Pantograph"},{"floor":44,"key":"Gremlin Horn"},{"floor":48,"key":"Pocketwatch"}],"event_choices":[{"damage_healed":0.0,"max_hp_gain":5.0,"max_hp_loss":0.0,"gold_gain":0.0,"event_name":"Big Fish","player_choice":"Donut","floor":2.0,"gold_loss":0.0,"damage_taken":0.0},{"damage_healed":0.0,"max_hp_gain":0.0,"max_hp_loss":0.0,"gold_gain":0.0,"event_name":"Liars Game","player_choice":"Ignored","floor":3.0,"gold_loss":0.0,"damage_taken":0.0},{"damage_healed":0.0,"max_hp_gain":0.0,"max_hp_loss":0.0,"gold_gain":0.0,"event_name":"Scrap Ooze","player_choice":"Fled","floor":4.0,"gold_loss":0.0,"damage_taken":0.0},{"damage_healed":0,"gold_gain":0,"player_choice":"Ignored","damage_taken":0,"max_hp_gain":0,"max_hp_loss":0,"event_name":"Purifier","floor":10,"gold_loss":0},{"damage_healed":25,"gold_gain":0,"player_choice":"Heal","damage_taken":0,"max_hp_gain":0,"max_hp_loss":0,"event_name":"The Library","floor":20,"gold_loss":0},{"damage_healed":0,"gold_gain":0,"player_choice":"Shed Blood","damage_taken":19,"max_hp_gain":5,"max_hp_loss":0,"event_name":"Forgotten Altar","floor":21,"gold_loss":0},{"cards_removed":["Strike_G"],"damage_healed":0,"gold_gain":0,"player_choice":"Removed Attack","damage_taken":0,"max_hp_gain":0,"max_hp_loss":0,"event_name":"Falling","floor":38,"gold_loss":0},{"damage_healed":0,"gold_gain":0,"player_choice":"Memory 1","damage_taken":0,"max_hp_gain":0,"max_hp_loss":0,"event_name":"SensoryStone","floor":41,"gold_loss":0},{"damage_healed":0,"gold_gain":0,"player_choice":"Max HP","damage_taken":0,"max_hp_gain":0,"max_hp_loss":5,"event_name":"Winding Halls","floor":46,"gold_loss":0},{"damage_healed":0,"gold_gain":0,"player_choice":"Fight","damage_taken":0,"max_hp_gain":0,"max_hp_loss":0,"event_name":"MindBloom","floor":48,"gold_loss":0}],"is_beta":false,"boss_relics":[{"not_picked":["Pandora\u0027s Box","Philosopher\u0027s Stone"],"picked":"Black Star"},{"not_picked":["Sozu","Empty Cage"],"picked":"Orrery"}],"items_purged_floors":[27],"is_endless":false,"potions_floor_spawned":[5,6,12,14,18,22,25,35,36],"ascension_level":0}