{"gold_per_floor":[115,75,75,86,34,69,24,24,24,24,42,68,68,82,82,179,179,194,47,47,62,72,72,99,114,186,215,215,247,247,247,247,247],"floor_reached":33,"playtime":1605,"items_purged":["Strike_G"],"score":358,"play_id":"e2802786-a559-4a73-a22a-d6282a6b2a9d","local_time":"20190715174430","is_ascension_mode":true,"campfire_choices":[{"data":"Dagger Spray","floor":8.0,"key":"SMITH"},{"floor":10.0,"key":"REST"},{"data":"Dagger Spray","floor":13.0,"key":"SMITH"},{"floor":15.0,"key":"REST"},{"floor":23.0,"key":"REST"},{"floor":30,"key":"REST"},{"floor":32,"key":"REST"}],"neow_cost":"PERCENT_DAMAGE","seed_source_timestamp":456493146530714,"circlet_count":0,"master_deck":["Strike_G","Strike_G","Strike_G","Strike_G","Defend_G","Defend_G","Defend_G","Defend_G","Defend_G","Survivor","Neutralize","Dagger Throw","Slice","Dagger Spray+1","Dagger Spray+1","Flying Knee","Cloak And Dagger","Adrenaline","Endless Agony","Malaise","Bouncing Flask","Well Laid Plans","Dodge and Roll","Dash","Dagger Spray","Malaise","PiercingWail","Wraith Form v2","PiercingWail+1"],"special_seed":0,"relics":["Ring of the Snake","Question Card","Art of War","Fusion Hammer","Bronze Scales","Ninja Scroll","Lantern","Frozen Egg 2"],"potions_floor_usage":[24,27,29,29,33],"damage_taken":[{"damage":8.0,"enemies":"Jaw Worm","floor":1.0,"turns":6.0},{"damage":0.0,"enemies":"Cultist","floor":4.0,"turns":4.0},{"damage":23.0,"enemies":"Gremlin Nob","floor":6.0,"turns":4.0},{"damage":0.0,"enemies":"2 Louse","floor":11.0,"turns":2.0},{"damage":27.0,"enemies":"Lagavulin","floor":12.0,"turns":7.0},{"damage":0.0,"enemies":"Large Slime","floor":14.0,"turns":4.0},{"damage":53.0,"enemies":"The Guardian","floor":16.0,"turns":17.0},{"damage":0.0,"enemies":"3 Byrds","floor":18.0,"turns":2.0},{"damage":25.0,"enemies":"Shell Parasite","floor":21.0,"turns":6.0},{"damage":21.0,"enemies":"Snake Plant","floor":22.0,"turns":5.0},{"damage":16,"enemies":"Gremlin Leader","floor":24,"turns":7},{"damage":17,"enemies":"Centurion and Healer","floor":25,"turns":6},{"damage":4,"enemies":"Book of Stabbing","floor":27,"turns":6},{"damage":11,"enemies":"Slavers","floor":29,"turns":5},{"damage":78,"enemies":"Collector","floor":33,"turns":12}],"seed_played":"7221486168342943978","potions_obtained":[{"floor":2.0,"key":"PowerPotion"},{"floor":2.0,"key":"Weak Potion"},{"floor":2.0,"key":"Strength Potion"},{"floor":11.0,"key":"Ancient Potion"},{"floor":12.0,"key":"PowerPotion"},{"floor":14.0,"key":"Strength Potion"},{"floor":16.0,"key":"Block Potion"},{"floor":22.0,"key":"Swift Potion"},{"floor":25,"key":"FearPotion"},{"floor":27,"key":"Dexterity Potion"},{"floor":29,"key":"Swift Potion"}],"is_trial":false,"path_per_floor":["M","?","$","M","$","E","$","R","T","R","M","E","R","M","R","B",null,"M","$","?","M","M","R","E","M","T","E","?","E","R","?","R","B"],"character_chosen":"THE_SILENT","items_purchased":["Dagger Spray","Flying Knee","Well Laid Plans"],"campfire_rested":5,"item_purchase_floors":[5,7,19],"current_hp_per_floor":[55,55,55,55,55,32,32,32,32,57,57,30,30,30,55,2,84,84,84,84,59,38,63,47,30,30,26,26,15,40,40,65,0],"gold":247,"neow_bonus":"TWENTY_PERCENT_HP_BONUS","is_prod":false,"is_daily":false,"chose_seed":false,"campfire_upgraded":2,"win_rate":0,"timestamp":1563227070,"path_taken":["M","?","?","?","$","E","$","R","T","R","M","E","R","M","R","BOSS","M","$","?","M","M","R","E","M","T","E","?","E","R","?","R","BOSS"],"build_version":"2019-07-05","purchased_purges":1,"victory":false,"max_hp_per_floor":[84,84,84,84,84,84,84,84,84,84,84,84,84,84,84,84,84,84,84,84,84,84,84,84,84,84,84,84,84,84,84,84,84],"card_choices":[{"not_picked":["Acrobatics","Deflect"],"picked":"Dagger Throw","floor":1.0},{"not_picked":["Terror","Concentrate"],"picked":"Slice","floor":4.0},{"not_picked":["PiercingWail","Noxious Fumes"],"picked":"Dagger Spray","floor":6.0},{"not_picked":["Dagger Spray","Dodge and Roll","Dagger Throw"],"picked":"Cloak And Dagger","floor":11.0},{"not_picked":["Dash","Terror","Riddle With Holes"],"picked":"Adrenaline","floor":12.0},{"not_picked":["Outmaneuver","Quick Slash","Terror"],"picked":"Endless Agony","floor":14.0},{"not_picked":["A Thousand Cuts","Corpse Explosion","Storm of Steel"],"picked":"Malaise","floor":16.0},{"not_picked":["Acrobatics+1","Underhanded Strike","Sucker Punch"],"picked":"Bouncing Flask","floor":18.0},{"not_picked":["Eviscerate","Deflect+1","Finisher+1"],"picked":"Dash","floor":21.0},{"not_picked":["Cloak And Dagger+1","Quick Slash","Setup+1"],"picked":"Dagger Spray","floor":22.0},{"not_picked":["Setup+1","Bane","Eviscerate+1"],"picked":"Malaise","floor":24},{"not_picked":["Blade Dance","Catalyst+1","Setup"],"picked":"PiercingWail","floor":25},{"not_picked":["Poisoned Stab","Eviscerate","Deadly Poison"],"picked":"Wraith Form v2","floor":27},{"not_picked":["Cloak And Dagger","Bane+1","Dagger Spray+1"],"picked":"PiercingWail+1","floor":29}],"player_experience":166916,"relics_obtained":[{"floor":6.0,"key":"Question Card"},{"floor":12.0,"key":"Art of War"},{"floor":24,"key":"Bronze Scales"},{"floor":26,"key":"Ninja Scroll"},{"floor":27,"key":"Lantern"},{"floor":29,"key":"Frozen Egg 2"}],"event_choices":[{"damage_healed":0.0,"max_hp_gain":0.0,"max_hp_loss":0.0,"gold_gain":0.0,"event_name":"The Woman in Blue","player_choice":"Bought 3 Potions","floor":2.0,"gold_loss":0.0,"damage_taken":0.0},{"damage_healed":0.0,"max_hp_gain":0.0,"max_hp_loss":0.0,"gold_gain":0.0,"event_name":"The Library","player_choice":"Read","floor":20.0,"gold_loss":0.0,"damage_taken":0.0,"cards_obtained":["Dodge and Roll"]},{"damage_healed":0,"gold_gain":0,"player_choice":"Ignored","damage_taken":0,"max_hp_gain":0,"max_hp_loss":0,"event_name":"The Mausoleum","floor":28,"gold_loss":0},{"damage_healed":0,"gold_gain":0,"player_choice":"Ignored","damage_taken":0,"max_hp_gain":0,"max_hp_loss":0,"event_name":"Cursed Tome","floor":31,"gold_loss":0}],"is_beta":false,"boss_relics":[{"not_picked":["WristBlade","Runic Dome"],"picked":"Fusion Hammer"}],"items_purged_floors":[19],"is_endless":false,"potions_floor_spawned":[11,12,14,16,22,25,27,29],"killed_by":"Collector","ascension_level":3}