{"gold_per_floor":[109,284,294,244,244,244,262,262,262,285,36,60,85,104,104,225,225,239,189,203,226,6,6,47,66,66,97,97,97,118,136,136,262,262,286,286,619,619,634,634,662,22,93,109,123,123,137,37,37,37],"floor_reached":51,"playtime":9961,"items_purged":["Doubt","Strike_R"],"score":761,"play_id":"02d2617b-2100-44d7-8a83-acb38c40ac64","local_time":"20190626214009","is_ascension_mode":false,"campfire_choices":[{"data":"Feel No Pain","floor":6,"key":"SMITH"},{"data":"Warcry","floor":8,"key":"SMITH"},{"floor":15,"key":"REST"},{"floor":23,"key":"REST"},{"data":"Bludgeon","floor":29,"key":"SMITH"},{"floor":32,"key":"REST"},{"floor":40,"key":"REST"},{"floor":46,"key":"REST"},{"floor":49,"key":"REST"}],"neow_cost":"","seed_source_timestamp":284484373979740,"circlet_count":0,"master_deck":["Strike_R","Strike_R","Strike_R","Strike_R","Defend_R","Defend_R","Defend_R","Bash","True Grit","Feel No Pain+1","Warcry+1","Sever Soul","Disarm+1","Ghostly Armor+1","True Grit+1","Impervious+1","Sever Soul","Clash","Clash","Armaments+1","Warcry+1","Second Wind+1","Reaper","Parasite","Bludgeon+1","Pommel Strike","True Grit+1","Fiend Fire","Apotheosis+1","Discovery+1","Clash+1","True Grit+1","Feel No Pain","Burning Pact+1","Parasite","Blood for Blood+1","Impervious+1"],"relics":["Burning Blood","Gremlin Horn","Toxic Egg 2","Mark of Pain","Medical Kit","Pen Nib","Mercury Hourglass","Bottled Flame","Fusion Hammer","Bronze Scales","Red Skull","Anchor","Paper Frog"],"potions_floor_usage":[16,27,31,41,41,41,50,50],"damage_taken":[{"damage":2,"enemies":"2 Louse","floor":1,"turns":4},{"damage":10,"enemies":"Small Slimes","floor":3,"turns":5},{"damage":5,"enemies":"Jaw Worm","floor":7,"turns":6},{"damage":17,"enemies":"Red Slaver","floor":10,"turns":7},{"damage":7,"enemies":"2 Fungi Beasts","floor":12,"turns":4},{"damage":8,"enemies":"Gremlin Gang","floor":13,"turns":6},{"damage":0,"enemies":"Blue Slaver","floor":14,"turns":4},{"damage":72,"enemies":"The Guardian","floor":16,"turns":16},{"damage":0,"enemies":"Shell Parasite","floor":18,"turns":8},{"damage":21,"enemies":"Spheric Guardian","floor":20,"turns":6},{"damage":22,"enemies":"3 Cultists","floor":21,"turns":6},{"damage":26,"enemies":"Book of Stabbing","floor":24,"turns":9},{"damage":5,"enemies":"Chosen and Byrds","floor":25,"turns":8},{"damage":0,"enemies":"Gremlin Leader","floor":27,"turns":8},{"damage":28,"enemies":"Centurion and Healer","floor":30,"turns":7},{"damage":7,"enemies":"Snake Plant","floor":31,"turns":4},{"damage":64,"enemies":"Champ","floor":33,"turns":10},{"damage":30,"enemies":"3 Shapes","floor":35,"turns":4},{"damage":3,"enemies":"Orb Walker","floor":39,"turns":3},{"damage":76,"enemies":"Reptomancer","floor":41,"turns":6},{"damage":0,"enemies":"Writhing Mass","floor":44,"turns":6},{"damage":1,"enemies":"4 Shapes","floor":45,"turns":4},{"damage":3,"enemies":"3 Darklings","floor":47,"turns":5},{"damage":70,"enemies":"Awakened One","floor":50,"turns":15}],"seed_played":"2695929266571303008","potions_obtained":[{"floor":1,"key":"Fire Potion"},{"floor":3,"key":"EssenceOfSteel"},{"floor":7,"key":"Ancient Potion"},{"floor":10,"key":"PowerPotion"},{"floor":20,"key":"Fire Potion"},{"floor":25,"key":"SteroidPotion"},{"floor":27,"key":"Poison Potion"},{"floor":39,"key":"GamblersBrew"},{"floor":44,"key":"AttackPotion"},{"floor":45,"key":"Energy Potion"}],"is_trial":false,"path_per_floor":["M","?","M","?","?","R","M","R","T","M","$","M","M","M","R","B",null,"M","?","M","M","$","R","E","M","T","E","?","R","M","M","R","B",null,"M","?","?","?","M","R","E","$","T","M","M","R","M","$","R","B",null],"character_chosen":"IRONCLAD","items_purchased":["Toxic Egg 2","Armaments+1","Medical Kit","Feel No Pain","FairyPotion","Red Skull","Anchor","Burning Pact+1","SkillPotion"],"campfire_rested":6,"item_purchase_floors":[11,22,22,42,42,42,42,42,42],"current_hp_per_floor":[80,80,76,76,56,56,57,57,57,46,46,45,43,49,73,7,80,80,80,65,49,49,73,53,54,54,60,60,60,48,47,71,13,80,56,56,56,51,58,80,10,10,10,24,53,77,80,80,80,16],"gold":37,"neow_bonus":"","is_prod":false,"is_daily":false,"chose_seed":false,"campfire_upgraded":3,"win_rate":0.0,"timestamp":1561556409,"path_taken":["M","?","M","?","?","R","M","R","T","M","$","?","M","M","R","BOSS","M","?","?","M","$","R","E","M","T","E","?","R","?","?","R","BOSS","M","?","?","?","M","R","E","?","T","?","M","R","M","$","R","BOSS"],"build_version":"2019-01-23","purchased_purges":2,"victory":true,"max_hp_per_floor":[80,80,80,80,80,80,80,80,80,80,80,80,80,80,80,80,80,80,80,80,80,80,80,80,80,80,80,80,80,80,80,80,80,80,80,80,80,80,80,80,80,80,80,80,80,80,80,80,80,80],"card_choices":[{"not_picked":["Entrench","Clothesline"],"picked":"True Grit","floor":1},{"not_picked":["Shockwave","True Grit"],"picked":"Feel No Pain","floor":3},{"not_picked":["Pummel","Iron Wave"],"picked":"Warcry","floor":7},{"not_picked":["Iron Wave","Thunderclap"],"picked":"Sever Soul","floor":10},{"not_picked":["Demon Form","Sword Boomerang"],"picked":"Disarm+1","floor":12},{"not_picked":["Blood for Blood","Carnage"],"picked":"Ghostly Armor+1","floor":13},{"not_picked":["Pummel","Combust"],"picked":"True Grit+1","floor":14},{"not_picked":["Dark Embrace","Demon Form"],"picked":"Impervious+1","floor":16},{"not_picked":["Searing Blow","Inflame"],"picked":"Sever Soul","floor":18},{"not_picked":["Perfected Strike","Anger"],"picked":"Clash","floor":20},{"not_picked":["Whirlwind+1","Anger"],"picked":"Clash","floor":21},{"not_picked":["Headbutt+1","Anger+1"],"picked":"Warcry+1","floor":24},{"not_picked":["Headbutt","Clothesline+1"],"picked":"Second Wind+1","floor":25},{"not_picked":["Twin Strike","Flex+1"],"picked":"Reaper","floor":27},{"not_picked":["Iron Wave","Twin Strike+1","Pommel Strike"],"picked":"SKIP","floor":30},{"not_picked":["Warcry+1","Flex+1"],"picked":"True Grit+1","floor":31},{"not_picked":["Reaper","Juggernaut"],"picked":"Fiend Fire","floor":33},{"not_picked":["Flex+1","Anger","Thunderclap"],"picked":"SKIP","floor":35},{"not_picked":["Finesse+1","Thinking Ahead+1"],"picked":"Apotheosis+1","floor":38},{"not_picked":["Trip+1","Impatience+1"],"picked":"Discovery+1","floor":38},{"not_picked":["Flex+1","Whirlwind"],"picked":"Clash+1","floor":39},{"not_picked":["Clash+1","Disarm+1"],"picked":"True Grit+1","floor":41},{"not_picked":["Inflame","Feel No Pain"],"picked":"Blood for Blood+1","floor":44},{"not_picked":["Pommel Strike+1","Shrug It Off+1"],"picked":"Impervious+1","floor":45},{"not_picked":["Warcry+1","Iron Wave+1","Thunderclap+1"],"picked":"SKIP","floor":47}],"player_experience":0,"relics_obtained":[{"floor":9,"key":"Gremlin Horn"},{"floor":24,"key":"Pen Nib"},{"floor":26,"key":"Mercury Hourglass"},{"floor":27,"key":"Bottled Flame"},{"floor":41,"key":"Bronze Scales"},{"floor":43,"key":"Paper Frog"}],"event_choices":[{"damage_healed":0,"gold_gain":175,"player_choice":"AGREE","damage_taken":0,"max_hp_gain":0,"max_hp_loss":0,"event_name":"Liars Game","floor":2,"gold_loss":0,"cards_obtained":["Doubt"]},{"cards_removed":["Defend_R"],"damage_healed":0,"gold_gain":0,"player_choice":"Card Removal","damage_taken":0,"max_hp_gain":0,"max_hp_loss":0,"event_name":"The Cleric","floor":4,"gold_loss":50},{"damage_healed":0,"gold_gain":0,"player_choice":"Take Damage","damage_taken":20,"relics_obtained":["Golden Idol"],"max_hp_gain":0,"max_hp_loss":0,"event_name":"Golden Idol","floor":5,"gold_loss":0},{"damage_healed":0,"gold_gain":0,"player_choice":"Bet on Owner","damage_taken":0,"max_hp_gain":0,"max_hp_loss":0,"event_name":"The Joust","floor":19,"gold_loss":50},{"damage_healed":0,"gold_gain":0,"player_choice":"4 cards matched","damage_taken":0,"max_hp_gain":0,"max_hp_loss":0,"event_name":"Match and Keep!","floor":28,"gold_loss":0,"cards_obtained":["Parasite","Bludgeon","Pommel Strike","Shockwave"]},{"cards_removed":["Shockwave"],"damage_healed":0,"gold_gain":0,"player_choice":"Removed Skill","damage_taken":0,"max_hp_gain":0,"max_hp_loss":0,"event_name":"Falling","floor":36,"gold_loss":0},{"damage_healed":0,"gold_gain":333,"player_choice":"Gave Idol","damage_taken":0,"max_hp_gain":0,"max_hp_loss":0,"event_name":"The Moai Head","floor":37,"relics_lost":["Golden Idol"],"gold_loss":0},{"damage_healed":0,"gold_gain":0,"player_choice":"Memory 2","damage_taken":5,"max_hp_gain":0,"max_hp_loss":0,"event_name":"SensoryStone","floor":38,"gold_loss":0}],"is_beta":false,"boss_relics":[{"not_picked":["Coffee Dripper","Runic Dome"],"picked":"Mark of Pain"},{"not_picked":["Runic Pyramid","Black Blood"],"picked":"Fusion Hammer"}],"items_purged_floors":[42,48],"is_endless":false,"potions_floor_spawned":[1,3,7,10,20,24,25,27,39,44,45],"ascension_level":0}