{"gold_per_floor":[116,116,41,92,106,140,140,154,154,170,185,185,203,221,221,324,324,341,11,0,10,27,27,38,38,63,63,81,128,143,68,68,166,166,179,279,189,203,222,222,249,262,262,262,280,11,11,28,28,28],"floor_reached":51,"playtime":6524,"items_purged":["Strike_B","Defend_B","Defend_B"],"score":658,"play_id":"3e242cfb-153a-461f-875d-f9f5c8ff2d3f","local_time":"20190629040139","is_ascension_mode":false,"campfire_choices":[{"data":"Fission","floor":7,"key":"SMITH"},{"floor":15,"key":"REST"},{"floor":23,"key":"REST"},{"data":"Conserve Battery","floor":25,"key":"SMITH"},{"data":"Thunder Strike","floor":27,"key":"SMITH"},{"floor":32,"key":"REST"},{"floor":40,"key":"REST"},{"data":"Conserve Battery","floor":44,"key":"SMITH"},{"floor":47,"key":"REST"},{"data":"Biased Cognition","floor":49,"key":"SMITH"}],"neow_cost":"NONE","seed_source_timestamp":483691714882791,"circlet_count":0,"master_deck":["Zap+1","Dualcast+1","Conserve Battery+1","Fission+1","Conserve Battery+1","Double Energy+1","Doom and Gloom","Compile Driver","Hologram+1","Defragment","Tempest+1","Biased Cognition+1","Thunder Strike+1","Static Discharge+1","Deep Breath+1","Skim+1","Ball Lightning","Tempest+1","Hologram+1","Coolheaded+1","Seek+1"],"relics":["Cracked Core","NeowsBlessing","War Paint","Toxic Egg 2","Pantograph","Dream Catcher","Sozu","Potion Belt","Art of War","Empty Cage","Ginger","Bronze Scales","Bottled Lightning","Ancient Tea Set"],"potions_floor_usage":[50,50],"damage_taken":[{"damage":0,"enemies":"Small Slimes","floor":1,"turns":1},{"damage":0,"enemies":"Cultist","floor":5,"turns":1},{"damage":0,"enemies":"Gremlin Nob","floor":6,"turns":1},{"damage":0,"enemies":"2 Louse","floor":8,"turns":1},{"damage":7,"enemies":"Blue Slaver","floor":10,"turns":3},{"damage":4,"enemies":"Exordium Wildlife","floor":11,"turns":3},{"damage":1,"enemies":"Gremlin Gang","floor":13,"turns":3},{"damage":3,"enemies":"3 Louse","floor":14,"turns":3},{"damage":9,"enemies":"Slime Boss","floor":16,"turns":6},{"damage":10,"enemies":"Chosen","floor":18,"turns":4},{"damage":1,"enemies":"2 Thieves","floor":21,"turns":3},{"damage":15,"enemies":"Sentry and Sphere","floor":22,"turns":4},{"damage":11,"enemies":"Snake Plant","floor":24,"turns":3},{"damage":13,"enemies":"3 Cultists","floor":28,"turns":3},{"damage":3,"enemies":"Snecko","floor":30,"turns":3},{"damage":38,"enemies":"Automaton","floor":33,"turns":5},{"damage":0,"enemies":"Orb Walker","floor":35,"turns":1},{"damage":3,"enemies":"Mind Bloom Boss Battle","floor":36,"turns":2},{"damage":9,"enemies":"3 Shapes","floor":38,"turns":2},{"damage":13,"enemies":"Spire Growth","floor":39,"turns":3},{"damage":13,"enemies":"Giant Head","floor":41,"turns":4},{"damage":0,"enemies":"Maw","floor":42,"turns":4},{"damage":6,"enemies":"3 Darklings","floor":45,"turns":3},{"damage":10,"enemies":"Writhing Mass","floor":48,"turns":2},{"damage":62,"enemies":"Donu and Deca","floor":50,"turns":4}],"seed_played":"-8823459163715356173","potions_obtained":[{"floor":5,"key":"Ancient Potion"},{"floor":6,"key":"Explosive Potion"},{"floor":10,"key":"Explosive Potion"},{"floor":16,"key":"SpeedPotion"}],"is_trial":false,"path_per_floor":["M","?","$","T","M","E","R","M","T","M","M","?","M","M","R","B",null,"M","$","?","M","M","R","M","R","T","R","M","T","M","?","R","B",null,"M","?","?","M","M","R","E","M","T","R","M","$","R","M","R","B",null],"character_chosen":"DEFECT","items_purchased":["Thunder Strike","Static Discharge","Deep Breath+1","Ancient Tea Set"],"campfire_rested":5,"item_purchase_floors":[19,19,19,46],"current_hp_per_floor":[75,75,75,75,75,75,75,75,75,68,64,46,45,42,64,66,75,65,65,65,64,49,71,60,60,60,60,47,47,44,44,66,37,75,75,72,72,63,50,72,59,59,59,59,53,53,75,65,65,13],"gold":28,"neow_bonus":"THREE_ENEMY_KILL","is_prod":false,"is_daily":false,"chose_seed":false,"campfire_upgraded":5,"win_rate":0.0,"timestamp":1561752099,"path_taken":["M","?","$","?","M","E","R","M","T","?","M","?","M","M","R","BOSS","M","$","?","M","M","R","M","R","T","R","M","?","?","?","R","BOSS","M","?","?","M","M","R","E","M","T","R","M","$","R","M","R","BOSS"],"build_version":"2019-01-23","purchased_purges":3,"victory":true,"max_hp_per_floor":[75,75,75,75,75,75,75,75,75,75,75,75,75,75,75,75,75,75,75,75,75,75,75,75,75,75,75,75,75,75,75,75,75,75,75,75,75,75,75,75,75,75,75,75,75,75,75,75,75,75],"card_choices":[{"not_picked":["Gash","Chill"],"picked":"Conserve Battery","floor":1},{"not_picked":["Barrage","Streamline"],"picked":"Conserve Battery","floor":5},{"not_picked":["Hologram","Aggregate","Thunder Strike"],"picked":"SKIP","floor":6},{"not_picked":["Darkness+1","Hologram+1"],"picked":"Double Energy+1","floor":8},{"not_picked":["Genetic Algorithm+1","Redo+1"],"picked":"Doom and Gloom","floor":10},{"not_picked":["Barrage","Scrape"],"picked":"Compile Driver","floor":11},{"not_picked":["Beam Cell","Go for the Eyes"],"picked":"Hologram+1","floor":13},{"not_picked":["Hologram+1","Genetic Algorithm+1"],"picked":"Defragment","floor":14},{"not_picked":["Rip and Tear","Loop"],"picked":"Tempest+1","floor":15},{"not_picked":["Creative AI","Amplify+1"],"picked":"Biased Cognition","floor":16},{"not_picked":["Blizzard","Leap+1","Steam+1"],"picked":"SKIP","floor":18},{"not_picked":["Chill+1","Storm+1","Chaos+1"],"picked":"SKIP","floor":21},{"not_picked":["Consume+1","Sweeping Beam"],"picked":"Skim+1","floor":22},{"not_picked":["Steam+1","Stack+1"],"picked":"Ball Lightning","floor":23},{"not_picked":["Static Discharge","Capacitor"],"picked":"Tempest+1","floor":24},{"not_picked":["Leap+1","Blizzard"],"picked":"Hologram+1","floor":28},{"not_picked":["Barrage","Hologram+1","Conserve Battery+1"],"picked":"SKIP","floor":30},{"not_picked":["Cold Snap","White Noise+1"],"picked":"Coolheaded+1","floor":32},{"not_picked":["Darkness+1","Go for the Eyes","Streamline+1"],"picked":"SKIP","floor":35},{"not_picked":["Hologram+1","Cold Snap","Static Discharge"],"picked":"SKIP","floor":38},{"not_picked":["Double Energy+1","Static Discharge+1"],"picked":"Seek+1","floor":39},{"not_picked":["Go for the Eyes+1","Gash+1","Loop"],"picked":"SKIP","floor":41},{"not_picked":["Streamline+1","Melter+1","Beam Cell+1"],"picked":"SKIP","floor":42},{"not_picked":["Streamline","Ball Lightning+1","Genetic Algorithm+1"],"picked":"SKIP","floor":45},{"not_picked":["Conserve Battery+1","Heatsinks","Storm+1"],"picked":"SKIP","floor":48}],"player_experience":61394,"relics_obtained":[{"floor":4,"key":"War Paint"},{"floor":6,"key":"Toxic Egg 2"},{"floor":9,"key":"Pantograph"},{"floor":26,"key":"Potion Belt"},{"floor":29,"key":"Art of War"},{"floor":36,"key":"Ginger"},{"floor":41,"key":"Bronze Scales"},{"floor":43,"key":"Bottled Lightning"}],"event_choices":[{"damage_healed":0,"gold_gain":0,"cards_transformed":["Defend_B"],"player_choice":"Transformed","damage_taken":0,"max_hp_gain":0,"max_hp_loss":0,"event_name":"Transmorgrifier","floor":2,"gold_loss":0,"cards_obtained":["Fission"]},{"damage_healed":0,"gold_gain":0,"player_choice":"Success","damage_taken":18,"relics_obtained":["Dream Catcher"],"max_hp_gain":0,"max_hp_loss":0,"event_name":"Scrap Ooze","floor":12,"gold_loss":0},{"damage_healed":0,"gold_gain":0,"player_choice":"Paid Fearfully","damage_taken":0,"max_hp_gain":0,"max_hp_loss":0,"event_name":"Masked Bandits","floor":20,"gold_loss":11},{"cards_removed":["Strike_B"],"damage_healed":0,"gold_gain":0,"player_choice":"Gave Gold","damage_taken":0,"max_hp_gain":0,"max_hp_loss":0,"event_name":"Beggar","floor":31,"gold_loss":75},{"damage_healed":0,"gold_gain":0,"player_choice":"Fight","damage_taken":0,"max_hp_gain":0,"max_hp_loss":0,"event_name":"MindBloom","floor":36,"gold_loss":0},{"cards_removed":["Strike_B"],"damage_healed":0,"gold_gain":0,"player_choice":"Upgrade and Remove","damage_taken":0,"max_hp_gain":0,"max_hp_loss":0,"event_name":"Designer","floor":37,"gold_loss":90,"cards_upgraded":["Static Discharge"]}],"is_beta":false,"boss_relics":[{"not_picked":["Runic Pyramid","Eternal Feather"],"picked":"Sozu"},{"not_picked":["Calling Bell","Orrery"],"picked":"Empty Cage"}],"items_purged_floors":[3,19,46],"is_endless":false,"potions_floor_spawned":[5,6,10,14,16,18,22,41,45,48],"ascension_level":0}