{"gold_per_floor":[117,117,42,54,64,89,101,148,185,162,174,18,18,52,52,178,178,202,216,316,336,18,18,59,77,77,77,9,9,9,34,34,155,155,180,194,194,80,80,80,93,93,93,93,106,61,61,74,74,74,74,74,74,112,112],"floor_reached":56,"playtime":2841,"items_purged":["Strike_R","Strike_R","Strike_R"],"score":1328,"play_id":"bb43d4e1-e9df-4160-803f-b9cb298644b9","local_time":"20190109212326","is_ascension_mode":true,"campfire_choices":[{"data":"Shockwave","floor":7.0,"key":"SMITH"},{"data":"Disarm","floor":15.0,"key":"SMITH"},{"data":"Feed","floor":23.0,"key":"SMITH"},{"data":"Rampage","floor":29.0,"key":"SMITH"},{"data":"Flame Barrier","floor":32.0,"key":"SMITH"},{"floor":40,"key":"RECALL"},{"data":"Entrench","floor":47,"key":"SMITH"},{"data":"Barricade","floor":49,"key":"SMITH"},{"data":"Evolve","floor":52,"key":"SMITH"}],"neow_cost":"NONE","seed_source_timestamp":209508403480805,"circlet_count":0,"master_deck":["Strike_R","Defend_R","Defend_R","Defend_R","Defend_R","Bash","Twin Strike","Clothesline","Flame Barrier+1","Shockwave+1","Disarm+1","Immolate","Feed+1","Evolve+1","Disarm+1","Pommel Strike","Rampage+1","Impervious","Headbutt","Shrug It Off+1","Pommel Strike+1","Entrench+1","Shrug It Off","Barricade+1","Body Slam+1"],"special_seed":0,"relics":["Burning Blood","MawBank","Centennial Puzzle","Oddly Smooth Stone","Orichalcum","Golden Idol","StoneCalendar","Sozu","DollysMirror","Gambling Chip","Kunai","Velvet Choker","Strawberry","Tiny Chest","Mercury Hourglass","Happy Flower"],"potions_floor_usage":[55],"damage_taken":[{"damage":8.0,"enemies":"2 Louse","floor":1.0,"turns":3.0},{"damage":5.0,"enemies":"Small Slimes","floor":4.0,"turns":3.0},{"damage":0.0,"enemies":"Cultist","floor":5.0,"turns":3.0},{"damage":39.0,"enemies":"3 Sentries","floor":6.0,"turns":13.0},{"damage":6.0,"enemies":"Lagavulin","floor":8.0,"turns":7.0},{"damage":7.0,"enemies":"3 Sentries","floor":14.0,"turns":10.0},{"damage":0.0,"enemies":"The Guardian","floor":16.0,"turns":10.0},{"damage":0.0,"enemies":"Shell Parasite","floor":18.0,"turns":6.0},{"damage":1.0,"enemies":"3 Byrds","floor":19.0,"turns":4.0},{"damage":9.0,"enemies":"Centurion and Healer","floor":21.0,"turns":6.0},{"damage":13.0,"enemies":"Slavers","floor":24.0,"turns":4.0},{"damage":13.0,"enemies":"Sentry and Sphere","floor":25.0,"turns":6.0},{"damage":2.0,"enemies":"Snake Plant","floor":31.0,"turns":7.0},{"damage":51,"enemies":"Champ","floor":33,"turns":15},{"damage":8,"enemies":"Orb Walker","floor":35,"turns":4},{"damage":0,"enemies":"3 Darklings","floor":36,"turns":5},{"damage":24,"enemies":"Writhing Mass","floor":41,"turns":6},{"damage":0,"enemies":"Spire Growth","floor":45,"turns":5},{"damage":7,"enemies":"Jaw Worm Horde","floor":48,"turns":3},{"damage":2,"enemies":"Awakened One","floor":50,"turns":20},{"damage":40,"enemies":"Shield and Spear","floor":54,"turns":10},{"damage":53,"enemies":"The Heart","floor":55,"turns":7}],"seed_played":"-9028369374824925777","potions_obtained":[{"floor":6.0,"key":"Energy Potion"},{"floor":16.0,"key":"LiquidBronze"}],"is_trial":false,"path_per_floor":["M","?","$","M","M","E","R","E","T","?","?","$","?","E","R","B",null,"M","M","?","M","$","R","E","M","T","?","$","R","?","M","R","B",null,"M","M","?","$","T","R","M","?","T","$","M","$","R","M","R","B",null,"R","$","E","B",null],"character_chosen":"IRONCLAD","items_purchased":["Disarm","DollysMirror","Rampage","Tiny Chest","Shrug It Off"],"campfire_rested":0,"item_purchase_floors":[12,22,28,38,46],"current_hp_per_floor":[78,71,71,72,78,45,45,45,45,65,65,65,65,64,64,70,74,77,80,80,80,80,80,77,74,74,74,74,74,74,78,78,37,95,97,103,110,110,110,110,96,96,96,96,106,106,106,109,109,117,123,123,123,89,42],"gold":112,"neow_bonus":"THREE_CARDS","is_prod":false,"is_daily":false,"chose_seed":false,"campfire_upgraded":8,"win_rate":0,"timestamp":1547029406,"path_taken":["M","?","$","M","M","E","R","E","T","?","?","$","?","E","R","BOSS","M","M","?","M","?","R","E","M","T","?","?","R","?","M","R","BOSS","M","M","?","$","?","R","?","?","T","$","M","?","R","?","R","BOSS","R","$","E","BOSS"],"build_version":"2019-01-03v4","purchased_purges":3,"victory":true,"max_hp_per_floor":[80,80,80,80,80,80,80,80,80,80,80,80,74,74,74,74,74,77,80,80,83,83,83,87,91,91,91,91,91,91,91,91,95,95,99,103,110,110,110,110,114,111,111,111,115,115,115,119,119,123,123,123,123,123,123],"card_choices":[{"not_picked":["Power Through","Seeing Red"],"picked":"Twin Strike","floor":0.0},{"not_picked":["Flex","Thunderclap"],"picked":"Twin Strike","floor":1.0},{"not_picked":["Thunderclap","Pommel Strike"],"picked":"Clothesline","floor":4.0},{"not_picked":["Anger","Sword Boomerang"],"picked":"Flame Barrier","floor":5.0},{"not_picked":["Combust","Twin Strike"],"picked":"Shockwave","floor":6.0},{"not_picked":["Clothesline","Body Slam","Dropkick"],"picked":"SKIP","floor":8.0},{"not_picked":["Double Tap","Thunderclap"],"picked":"Immolate","floor":14.0},{"not_picked":["Limit Break","Immolate"],"picked":"Feed","floor":16.0},{"not_picked":["Searing Blow","Flex","Hemokinesis"],"picked":"SKIP","floor":18.0},{"not_picked":["Warcry","Perfected Strike","Twin Strike"],"picked":"SKIP","floor":19.0},{"not_picked":["Anger","Warcry+1"],"picked":"Evolve","floor":21.0},{"not_picked":["Warcry","Flex","Perfected Strike"],"picked":"SKIP","floor":24.0},{"not_picked":["Clothesline","Reaper"],"picked":"Pommel Strike","floor":25.0},{"not_picked":["Shockwave","Warcry","Clothesline"],"picked":"SKIP","floor":31.0},{"not_picked":["Brutality","Feed"],"picked":"Impervious","floor":33},{"not_picked":["Dropkick+1","Combust"],"picked":"Headbutt","floor":35},{"not_picked":["Perfected Strike+1","True Grit"],"picked":"Shrug It Off+1","floor":36},{"not_picked":["Dropkick+1","Warcry"],"picked":"Pommel Strike+1","floor":41},{"not_picked":["Fire Breathing+1","Clothesline"],"picked":"Entrench","floor":45},{"not_picked":["Twin Strike","True Grit+1"],"picked":"Barricade","floor":48},{"not_picked":["Metallicize+1","Impervious"],"picked":"Body Slam+1","floor":54}],"player_experience":528911,"relics_obtained":[{"floor":6.0,"key":"MawBank"},{"floor":8.0,"key":"Centennial Puzzle"},{"floor":9.0,"key":"Oddly Smooth Stone"},{"floor":14.0,"key":"StoneCalendar"},{"floor":24.0,"key":"Gambling Chip"},{"floor":26.0,"key":"Kunai"},{"floor":43,"key":"Mercury Hourglass"},{"floor":54,"key":"Happy Flower"}],"event_choices":[{"cards_removed":["Strike_R"],"damage_healed":0.0,"max_hp_gain":0.0,"max_hp_loss":0.0,"gold_gain":0.0,"event_name":"Golden Wing","player_choice":"Card Removal","floor":2.0,"gold_loss":0.0,"damage_taken":7.0},{"damage_healed":20.0,"max_hp_gain":0.0,"max_hp_loss":0.0,"gold_gain":0.0,"event_name":"The Cleric","player_choice":"Healed","floor":10.0,"gold_loss":35.0,"damage_taken":0.0},{"damage_healed":0.0,"max_hp_gain":0.0,"max_hp_loss":0.0,"gold_gain":0.0,"event_name":"Dead Adventurer","player_choice":"Searched \u00271\u0027 times","floor":11.0,"gold_loss":0.0,"damage_taken":0.0,"relics_obtained":["Orichalcum"]},{"damage_healed":0.0,"max_hp_gain":0.0,"max_hp_loss":6.0,"gold_gain":0.0,"event_name":"Golden Idol","player_choice":"Lose Max HP","floor":13.0,"gold_loss":0.0,"damage_taken":0.0,"relics_obtained":["Golden Idol"]},{"damage_healed":0.0,"max_hp_gain":0.0,"max_hp_loss":0.0,"gold_gain":100.0,"event_name":"Golden Shrine","player_choice":"Pray","floor":20.0,"gold_loss":0.0,"damage_taken":0.0},{"damage_healed":0.0,"max_hp_gain":0.0,"max_hp_loss":0.0,"gold_gain":0.0,"event_name":"Match and Keep!","player_choice":"0 cards matched","floor":30.0,"gold_loss":0.0,"damage_taken":0.0,"cards_obtained":[]},{"cards_removed":["Twin Strike"],"damage_healed":0,"gold_gain":0,"player_choice":"Gave Card","damage_taken":0,"relics_obtained":["Strawberry"],"max_hp_gain":0,"max_hp_loss":0,"event_name":"WeMeetAgain","floor":37,"gold_loss":0},{"cards_removed":["Parasite"],"damage_healed":0,"gold_gain":0,"player_choice":"Purged","damage_taken":0,"max_hp_gain":0,"max_hp_loss":0,"event_name":"Purifier","floor":42,"gold_loss":0}],"is_beta":false,"boss_relics":[{"not_picked":["Cursed Key","Tiny House"],"picked":"Sozu"},{"not_picked":["Lizard Tail","White Beast Statue"],"picked":"Velvet Choker"}],"items_purged_floors":[3,12,22],"is_endless":false,"potions_floor_spawned":[6,16,19,21,31,33,41,48],"ascension_level":1}