{"gold_per_floor":[113,126,141,159,159,185,185,151,151,171,190,190,209,224,224,320,320,337,355,365,51,68,68,78,98,98,23,33,33,133,143,143,243,243,260,277,288,288,304,304,338,338,338,338,338,338,44,64,64,64,64,64,64,89,89],"floor_reached":55,"playtime":4117,"items_purged":["Strike_G","Strike_G"],"score":714,"play_id":"e134281c-7e3f-44a7-8f51-f0a04402fbfb","local_time":"20181216180853","is_ascension_mode":false,"campfire_choices":[{"floor":7.0,"key":"REST"},{"data":"Cloak And Dagger","floor":12.0,"key":"SMITH"},{"data":"Neutralize","floor":15.0,"key":"SMITH"},{"data":"Malaise","floor":23.0,"key":"SMITH"},{"data":"Acrobatics","floor":32.0,"key":"SMITH"},{"floor":40.0,"key":"RECALL"},{"floor":44.0,"key":"REST"},{"data":"Leg Sweep","floor":46.0,"key":"SMITH"},{"floor":49.0,"key":"REST"},{"data":"Sucker Punch","floor":52.0,"key":"SMITH"}],"neow_cost":"PERCENT_DAMAGE","seed_source_timestamp":66501409616797,"circlet_count":0,"master_deck":["Defend_G","Defend_G","Defend_G","Defend_G","Survivor","Neutralize+1","After Image","Sucker Punch+1","Cloak And Dagger+1","Dagger Throw","Backflip","Malaise+1","Leg Sweep+1","Bullet Time+1","Dagger Spray+1","Acrobatics+1","Noxious Fumes+1","Backstab","After Image","Crippling Poison+1","PiercingWail","Cloak And Dagger+1","Leg Sweep+1","Backflip+1"],"special_seed":0,"relics":["Ring of the Snake","FossilizedHelix","Letter Opener","Astrolabe","Mango","Singing Bowl","Lizard Tail","Happy Flower","Ice Cream","Chemical X","Nunchaku"],"potions_floor_usage":[55],"damage_taken":[{"damage":3.0,"enemies":"Jaw Worm","floor":1.0,"turns":7.0},{"damage":0.0,"enemies":"Cultist","floor":2.0,"turns":4.0},{"damage":0.0,"enemies":"Small Slimes","floor":3.0,"turns":6.0},{"damage":0.0,"enemies":"Blue Slaver","floor":4.0,"turns":4.0},{"damage":39.0,"enemies":"Gremlin Nob","floor":6.0,"turns":8.0},{"damage":0.0,"enemies":"Exordium Thugs","floor":8.0,"turns":5.0},{"damage":0.0,"enemies":"3 Louse","floor":10.0,"turns":5.0},{"damage":0.0,"enemies":"Looter","floor":11.0,"turns":4.0},{"damage":5.0,"enemies":"Lots of Slimes","floor":13.0,"turns":5.0},{"damage":0.0,"enemies":"Large Slime","floor":14.0,"turns":7.0},{"damage":18.0,"enemies":"The Guardian","floor":16.0,"turns":21.0},{"damage":6.0,"enemies":"Chosen","floor":18.0,"turns":8.0},{"damage":0.0,"enemies":"Shell Parasite","floor":19.0,"turns":8.0},{"damage":23.0,"enemies":"Cultist and Chosen","floor":20.0,"turns":12.0},{"damage":0.0,"enemies":"Centurion and Healer","floor":22.0,"turns":10.0},{"damage":0.0,"enemies":"Snake Plant","floor":24.0,"turns":10.0},{"damage":1.0,"enemies":"Snecko","floor":25.0,"turns":7.0},{"damage":0.0,"enemies":"Centurion and Healer","floor":28.0,"turns":8.0},{"damage":0.0,"enemies":"Shelled Parasite and Fungi","floor":31.0,"turns":7.0},{"damage":42.0,"enemies":"Automaton","floor":33.0,"turns":17.0},{"damage":2.0,"enemies":"3 Darklings","floor":35.0,"turns":7.0},{"damage":0.0,"enemies":"3 Shapes","floor":36.0,"turns":5.0},{"damage":0.0,"enemies":"Sphere and 2 Shapes","floor":37.0,"turns":5.0},{"damage":5.0,"enemies":"4 Shapes","floor":39.0,"turns":4.0},{"damage":62.0,"enemies":"Giant Head","floor":41.0,"turns":14.0},{"damage":3.0,"enemies":"Transient","floor":48.0,"turns":5.0},{"damage":53.0,"enemies":"Donu and Deca","floor":50.0,"turns":14.0},{"damage":24.0,"enemies":"Shield and Spear","floor":54.0,"turns":10.0},{"damage":124,"enemies":"The Heart","floor":55,"turns":14}],"seed_played":"-7885149027542132526","potions_obtained":[{"floor":2.0,"key":"Weak Potion"},{"floor":3.0,"key":"Regen Potion"},{"floor":11.0,"key":"Fire Potion"},{"floor":13.0,"key":"Fire Potion"},{"floor":22.0,"key":"Fire Potion"},{"floor":28.0,"key":"Fire Potion"},{"floor":31.0,"key":"FearPotion"},{"floor":45.0,"key":"Fruit Juice"},{"floor":45.0,"key":"Dexterity Potion"},{"floor":48.0,"key":"FearPotion"}],"is_trial":false,"path_per_floor":["M","M","M","M","?","E","R","M","T","M","M","R","M","M","R","B",null,"M","M","M","$","M","R","M","M","T","$","M","?","?","M","R","B",null,"M","M","M","?","M","R","E","?","T","R","?","R","$","M","R","B",null,"R","$","E","B"],"character_chosen":"THE_SILENT","items_purchased":["Mango","Chemical X"],"campfire_rested":3,"item_purchase_floors":[21,47],"current_hp_per_floor":[46,46,46,46,46,7,28,28,28,28,28,28,23,23,23,20,70,64,64,41,55,55,55,55,54,54,54,56,56,56,56,56,14,86,84,84,84,84,81,81,19,19,19,45,50,50,50,47,74,21,93,93,93,71,0],"gold":89,"neow_bonus":"ONE_RARE_RELIC","is_prod":false,"is_daily":false,"chose_seed":false,"campfire_upgraded":6,"win_rate":0,"timestamp":1544944133,"path_taken":["M","M","M","M","?","E","R","?","T","M","M","R","M","M","R","BOSS","M","M","M","$","M","R","M","M","T","$","M","?","?","?","R","BOSS","M","M","M","?","M","R","E","?","T","R","?","R","$","?","R","BOSS","R","$","E","BOSS"],"build_version":"2018-12-13","purchased_purges":2,"victory":false,"max_hp_per_floor":[70,70,70,70,70,70,70,70,70,70,70,70,70,70,70,70,70,70,70,70,84,84,84,84,84,84,84,86,86,86,86,86,86,86,86,86,86,86,88,88,88,88,88,88,93,93,93,93,93,93,93,93,93,95,95],"card_choices":[{"not_picked":["Deadly Poison","Infinite Blades","Blade Dance"],"picked":"SKIP","floor":1.0},{"not_picked":["Outmaneuver","Poisoned Stab"],"picked":"After Image","floor":2.0},{"not_picked":["Cloak And Dagger","PiercingWail"],"picked":"Sucker Punch","floor":3.0},{"not_picked":["Poisoned Stab","Sucker Punch"],"picked":"Cloak And Dagger","floor":4.0},{"not_picked":["Prepared","Wraith Form v2"],"picked":"Dagger Throw","floor":6.0},{"not_picked":["Slice","Prepared","Blade Dance"],"picked":"SKIP","floor":8.0},{"not_picked":["Heel Hook","Dagger Throw","Bane"],"picked":"SKIP","floor":10.0},{"not_picked":["Calculated Gamble","Cloak And Dagger","Heel Hook"],"picked":"SKIP","floor":11.0},{"not_picked":["Slice","Infinite Blades"],"picked":"Backflip","floor":13.0},{"not_picked":["Blade Dance","Bouncing Flask","Acrobatics"],"picked":"SKIP","floor":14.0},{"not_picked":["Wraith Form v2","Bullet Time"],"picked":"Malaise","floor":16.0},{"not_picked":["Eviscerate","Poisoned Stab+1","Tactician"],"picked":"SKIP","floor":18.0},{"not_picked":["Slice+1","Crippling Poison"],"picked":"Acrobatics","floor":19.0},{"not_picked":["Skewer","Flechettes+1","All Out Attack"],"picked":"SKIP","floor":20.0},{"not_picked":["Eviscerate","Flying Knee","Riddle With Holes+1"],"picked":"SKIP","floor":22.0},{"not_picked":["Dagger Throw","Calculated Gamble"],"picked":"Noxious Fumes+1","floor":24.0},{"not_picked":["Masterful Stab","Flying Knee+1","Dodge and Roll"],"picked":"SKIP","floor":25.0},{"not_picked":["Underhanded Strike","Bane","Dagger Throw"],"picked":"Singing Bowl","floor":28.0},{"not_picked":["Bouncing Flask","Backflip+1"],"picked":"Backstab","floor":31.0},{"not_picked":["Envenom","Phantasmal Killer"],"picked":"After Image","floor":33.0},{"not_picked":["Prepared","Calculated Gamble"],"picked":"Crippling Poison+1","floor":35.0},{"not_picked":["Terror+1","Bane"],"picked":"PiercingWail","floor":36.0},{"not_picked":["Endless Agony","Expertise"],"picked":"Cloak And Dagger+1","floor":37.0},{"not_picked":["Cloak And Dagger+1","Quick Slash+1","Underhanded Strike"],"picked":"Singing Bowl","floor":39.0},{"not_picked":["Escape Plan","Night Terror"],"picked":"Leg Sweep","floor":41.0},{"not_picked":["Cloak And Dagger","Flechettes+1"],"picked":"Backflip+1","floor":48.0},{"not_picked":["Dash","Acrobatics","Deflect"],"picked":"Singing Bowl","floor":54.0}],"player_experience":475845,"relics_obtained":[{"floor":6.0,"key":"Letter Opener"},{"floor":26.0,"key":"Singing Bowl"},{"floor":41.0,"key":"Happy Flower"},{"floor":43.0,"key":"Ice Cream"},{"floor":54.0,"key":"Nunchaku"}],"event_choices":[{"damage_healed":0.0,"max_hp_gain":0.0,"max_hp_loss":0.0,"gold_gain":0.0,"event_name":"Match and Keep!","player_choice":"0 cards matched","floor":5.0,"gold_loss":0.0,"damage_taken":0.0,"cards_obtained":[]},{"damage_healed":0.0,"max_hp_gain":0.0,"max_hp_loss":0.0,"gold_gain":0.0,"event_name":"Ghosts","player_choice":"Ignored","floor":29.0,"gold_loss":0.0,"damage_taken":0.0},{"damage_healed":0.0,"max_hp_gain":0.0,"max_hp_loss":0.0,"gold_gain":100.0,"event_name":"Golden Shrine","player_choice":"Pray","floor":30.0,"gold_loss":0.0,"damage_taken":0.0},{"cards_removed":["Strike_G"],"damage_healed":0.0,"max_hp_gain":0.0,"max_hp_loss":0.0,"gold_gain":0.0,"event_name":"Falling","player_choice":"Removed Attack","floor":38.0,"gold_loss":0.0,"damage_taken":0.0},{"damage_healed":0.0,"max_hp_gain":0.0,"max_hp_loss":0.0,"gold_gain":0.0,"event_name":"Tomb of Lord Red Mask","player_choice":"Ignored","floor":42.0,"gold_loss":0.0,"damage_taken":0.0},{"damage_healed":0.0,"max_hp_gain":0.0,"max_hp_loss":0.0,"gold_gain":0.0,"event_name":"Lab","player_choice":"Got Potions","floor":45.0,"gold_loss":0.0,"damage_taken":0.0}],"is_beta":true,"boss_relics":[{"not_picked":["Fusion Hammer","HoveringKite"],"picked":"Astrolabe"},{"not_picked":["White Beast Statue","Calling Bell"],"picked":"Lizard Tail"}],"items_purged_floors":[27,47],"is_endless":false,"potions_floor_spawned":[2,3,11,13,22,28,31,33,35,48],"killed_by":"The Heart","ascension_level":0}