{"gold_per_floor":[111,129,129,147,158,158,169,185,233,260,275,275,39,4,4,108,108,127,141,159,159,56,56,56,56,56,66,165,30,30,42,42,42],"floor_reached":33,"playtime":2056,"items_purged":["Amplify+1"],"score":299,"play_id":"e7885b5d-79c1-47ef-b0b9-24464d3969f4","local_time":"20190710183109","is_ascension_mode":false,"campfire_choices":[{"floor":6,"key":"REST"},{"floor":12,"key":"REST"},{"data":"Scrape","floor":15,"key":"SMITH"},{"data":"Electrodynamics","floor":23,"key":"SMITH"},{"data":"Conserve Battery","floor":25,"key":"SMITH"},{"floor":30,"key":"REST"},{"data":"Dark Shackles","floor":32,"key":"SMITH"}],"neow_cost":"NONE","seed_source_timestamp":26990958697294,"circlet_count":0,"master_deck":["Strike_B","Strike_B","Strike_B","Strike_B","Defend_B","Defend_B","Defend_B","Defend_B","Zap","Dualcast","Cold Snap","Scrape","Go for the Eyes","BootSequence","Compile Driver","Sweeping Beam","Coolheaded","Conserve Battery+1","Static Discharge","Scrape+1","Go for the Eyes","Electrodynamics+1","Streamline","Beam Cell","Gash","Ghostly","Ghostly","Ghostly","Ghostly","Ghostly","Streamline","Conserve Battery","Genetic Algorithm+1","FTL","Dark Shackles+1","Streamline+1"],"relics":["Cracked Core","Boot","Bronze Scales","Velvet Choker","WingedGreaves"],"potions_floor_usage":[10,10,10,33,33],"damage_taken":[{"damage":7,"enemies":"2 Louse","floor":1,"turns":3},{"damage":0,"enemies":"Cultist","floor":2,"turns":4},{"damage":9,"enemies":"Jaw Worm","floor":4,"turns":3},{"damage":5,"enemies":"Large Slime","floor":5,"turns":9},{"damage":13,"enemies":"Exordium Wildlife","floor":7,"turns":4},{"damage":2,"enemies":"Blue Slaver","floor":8,"turns":3},{"damage":21,"enemies":"3 Sentries","floor":10,"turns":6},{"damage":3,"enemies":"Looter","floor":11,"turns":3},{"damage":26,"enemies":"Hexaghost","floor":16,"turns":6},{"damage":3,"enemies":"3 Byrds","floor":18,"turns":2},{"damage":10,"enemies":"2 Thieves","floor":19,"turns":3},{"damage":1,"enemies":"Snecko","floor":20,"turns":4},{"damage":10,"enemies":"Snake Plant","floor":27,"turns":5},{"damage":5,"enemies":"Centurion and Healer","floor":31,"turns":6},{"damage":38,"enemies":"Automaton","floor":33,"turns":8}],"seed_played":"1139742599693434240","potions_obtained":[{"floor":2,"key":"EssenceOfSteel"},{"floor":4,"key":"Dexterity Potion"},{"floor":7,"key":"LiquidBronze"},{"floor":16,"key":"Strength Potion"},{"floor":19,"key":"Dexterity Potion"},{"floor":20,"key":"EssenceOfSteel"},{"floor":27,"key":"Block Potion"}],"is_trial":false,"path_per_floor":["M","M","?","M","M","R","M","M","T","E","M","R","$","?","R","B",null,"M","M","M","?","$","R","?","R","T","M","?","$","R","M","R","B"],"character_chosen":"DEFECT","items_purchased":["Static Discharge","Scrape","Go for the Eyes","Streamline","Conserve Battery","FTL","Dark Shackles"],"campfire_rested":3,"item_purchase_floors":[13,13,13,22,22,29,29],"current_hp_per_floor":[68,68,68,59,54,75,62,60,60,39,36,58,58,75,75,49,75,72,62,61,37,37,37,37,37,37,27,27,27,37,32,32,0],"gold":42,"neow_bonus":"ONE_RANDOM_RARE_CARD","is_prod":false,"is_daily":false,"chose_seed":false,"campfire_upgraded":4,"win_rate":0.0,"timestamp":1562797869,"path_taken":["M","M","?","M","M","R","M","?","T","E","M","R","$","?","R","BOSS","M","M","M","?","$","R","?","R","T","M","?","?","R","M","R","BOSS"],"build_version":"2019-07-05","purchased_purges":1,"victory":false,"max_hp_per_floor":[75,75,75,75,75,75,75,75,75,75,75,75,75,75,75,75,75,75,75,75,37,37,37,37,37,37,37,37,37,37,37,37,37],"card_choices":[{"not_picked":["Stack","Barrage"],"picked":"Cold Snap","floor":1},{"not_picked":["Reprogram","Steam"],"picked":"Scrape","floor":2},{"not_picked":["Double Energy","Conserve Battery"],"picked":"Go for the Eyes","floor":4},{"not_picked":["Sweeping Beam","Streamline"],"picked":"BootSequence","floor":5},{"not_picked":["Doom and Gloom","Rebound"],"picked":"Compile Driver","floor":7},{"not_picked":["Conserve Battery","Hologram"],"picked":"Sweeping Beam","floor":8},{"not_picked":["Rebound","Force Field"],"picked":"Coolheaded","floor":10},{"not_picked":["Redo","Reprogram"],"picked":"Conserve Battery","floor":11},{"not_picked":["Machine Learning","Rainbow"],"picked":"Electrodynamics","floor":16},{"not_picked":["BootSequence","Stack"],"picked":"Streamline","floor":18},{"not_picked":["Redo","Skim"],"picked":"Beam Cell","floor":19},{"not_picked":["Steam","Barrage"],"picked":"Gash","floor":20},{"not_picked":["Chaos","Hologram+1"],"picked":"Genetic Algorithm+1","floor":27},{"not_picked":["Sweeping Beam","Heatsinks"],"picked":"Streamline+1","floor":31}],"player_experience":48202,"relics_obtained":[{"floor":9,"key":"Boot"},{"floor":10,"key":"Bronze Scales"},{"floor":26,"key":"WingedGreaves"}],"event_choices":[{"damage_healed":0,"gold_gain":0,"player_choice":"Forge","damage_taken":0,"max_hp_gain":0,"max_hp_loss":0,"event_name":"Accursed Blacksmith","floor":3,"gold_loss":0,"cards_upgraded":["Amplify"]},{"damage_healed":18,"gold_gain":0,"player_choice":"Healed","damage_taken":0,"max_hp_gain":0,"max_hp_loss":0,"event_name":"The Cleric","floor":14,"gold_loss":35},{"damage_healed":0,"gold_gain":0,"player_choice":"Became a Ghost","damage_taken":0,"max_hp_gain":0,"max_hp_loss":38,"event_name":"Ghosts","floor":21,"gold_loss":0,"cards_obtained":["Ghostly","Ghostly","Ghostly","Ghostly","Ghostly"]},{"damage_healed":0,"gold_gain":99,"player_choice":"Stole From Cult","damage_taken":0,"max_hp_gain":0,"max_hp_loss":0,"event_name":"Nest","floor":28,"gold_loss":0}],"is_beta":false,"boss_relics":[{"not_picked":["Tiny House","Philosopher\u0027s Stone"],"picked":"Velvet Choker"}],"items_purged_floors":[13],"is_endless":false,"potions_floor_spawned":[2,4,7,8,16,19,20,27],"killed_by":"Automaton","ascension_level":0}