{"gold_per_floor":[114,133,58,76,388,388,388,388,388,421,421,449,449,480,480,554,554,572,572,572,360,371,371,429,429,429,454,245,345,345,378,378,456,456,468,442,442,471,481,481,507,507,507,542,208,234,4,31,31,109,109,120,144,144,164,196,196,196,196,220,249,70,70,70,99,99,174,174,188,78,78,67,99,99,99,133,163,180,180,212,212,241,241,328,390,417,429,304,329,357,357,357,357,384,170,183,183,70,0,0,78,78,92,111,111,111,111,111,111,111,145,145,176,29,57,85,85,162,162,179,279,279,229,247,247,81,81,107,107,137,137,166,116,116,190,190,202,202,202,202,218,218,218,218,244,260,292,292,292,327,327,403,403,417],"floor_reached":154,"playtime":3869,"items_purged":["Purity","Zap","Metamorphosis+1","Deep Breath+1"],"score":10553,"play_id":"256035d5-62ac-4094-8c17-9debaa081e65","local_time":"20181108180604","daily_mods":["SealedDeck","Vintage","Allstar","Colorless Cards","Heirloom","Flight","DeadlyEvents","Elite Swarm","Lethality","Terminal"],"is_ascension_mode":true,"campfire_choices":[{"data":"Gash","floor":6.0,"key":"SMITH"},{"data":"Go for the Eyes","floor":7.0,"key":"SMITH"},{"data":"Beam Cell","floor":8.0,"key":"SMITH"},{"data":"Panache","floor":13.0,"key":"SMITH"},{"data":"Dramatic Entrance","floor":15.0,"key":"SMITH"},{"data":"Panache","floor":23.0,"key":"SMITH"},{"data":"Panache","floor":25.0,"key":"SMITH"},{"data":"Gash","floor":30,"key":"SMITH"},{"data":"Beam Cell","floor":32,"key":"SMITH"},{"data":"Steam","floor":40,"key":"SMITH"},{"data":"Steam","floor":42,"key":"SMITH"},{"data":"Violence","floor":49,"key":"SMITH"},{"data":"Gash","floor":57,"key":"SMITH"},{"data":"Steam","floor":58,"key":"SMITH"},{"data":"Dark Shackles","floor":59,"key":"SMITH"},{"data":"BootSequence","floor":64,"key":"SMITH"},{"floor":66,"key":"DIG"},{"data":"Gash","floor":74,"key":"SMITH"},{"floor":75,"key":"DIG"},{"floor":79,"key":"DIG"},{"floor":81,"key":"DIG"},{"floor":83,"key":"DIG"},{"floor":91,"key":"DIG"},{"floor":92,"key":"DIG"},{"floor":93,"key":"DIG"},{"data":"Panache","floor":97,"key":"SMITH"},{"floor":100,"key":"DIG"},{"floor":108,"key":"DIG"},{"floor":109,"key":"DIG"},{"floor":112,"key":"DIG"},{"floor":117,"key":"DIG"},{"floor":125,"key":"DIG"},{"floor":129,"key":"DIG"},{"floor":131,"key":"DIG"},{"floor":134,"key":"DIG"},{"floor":142,"key":"DIG"},{"floor":143,"key":"DIG"},{"floor":144,"key":"DIG"},{"floor":149,"key":"DIG"},{"floor":151,"key":"DIG"}],"neow_cost":"","seed_source_timestamp":0,"circlet_count":6,"master_deck":["AscendersBane","Dark Shackles+1","Steam+1","Go for the Eyes+1","Beam Cell+1","Beam Cell+1","Dramatic Entrance+1","BootSequence+1","Gash+1","Panache+1","Panache+1","Gash+1","Panache+1","Gash+1","Violence+1","Steam+1","Gash+1","Steam+1","Gash+1","Panache+1","Trip+1"],"special_seed":0,"relics":["Unceasing Top","Prayer Wheel","Sundial","Shovel","Smiling Mask","Old Coin","Dream Catcher","Bottled Flame","Singing Bowl","Mercury Hourglass","Orrery","Vajra","HandDrill","Pear","Tiny Chest","Omamori","DollysMirror","Calipers","Meat on the Bone","Lantern","Eternal Feather","PreservedInsect","The Courier","Bottled Tornado","Darkstone Periapt","FossilizedHelix","Pocketwatch","Ice Cream","Bottled Lightning","Shuriken","Letter Opener","Lizard Tail","Anchor","Odd Mushroom","Boot","Bronze Scales","Membership Card","War Paint","White Beast Statue","Potion Belt","ClockworkSouvenir","Ancient Tea Set","Strawberry","Blue Candle","Pantograph","MawBank","Tiny House","Dodecahedron","Medical Kit","Bag of Preparation","Orichalcum","Oddly Smooth Stone","OrangePellets","Thread and Needle","Question Card","Kunai","Red Mask","Toxic Egg 2","Runic Pyramid","Peace Pipe","Whetstone","Art of War","Mummified Hand","Blood Vial","TheAbacus","Pen Nib","DataDisk","Coffee Dripper","Gremlin Horn","Bird Faced Urn","Cables","Ornamental Fan","Symbiotic Virus","Mango","Incense Burner","Emotion Chip","Fusion Hammer","Ginger","Circlet","Pandora\u0027s Box","Regal Pillow"],"potions_floor_usage":[46],"damage_taken":[{"damage":0.0,"enemies":"Cultist","floor":1.0,"turns":2.0},{"damage":0.0,"enemies":"2 Louse","floor":2.0,"turns":2.0},{"damage":0.0,"enemies":"Jaw Worm","floor":4.0,"turns":2.0},{"damage":0.0,"enemies":"Lots of Slimes","floor":5.0,"turns":2.0},{"damage":0.0,"enemies":"Gremlin Nob","floor":10.0,"turns":2.0},{"damage":0.0,"enemies":"Lagavulin","floor":12.0,"turns":2.0},{"damage":28.0,"enemies":"3 Sentries","floor":14.0,"turns":7.0},{"damage":0.0,"enemies":"Slime Boss","floor":16.0,"turns":2.0},{"damage":0.0,"enemies":"Shell Parasite","floor":18.0,"turns":2.0},{"damage":0.0,"enemies":"Chosen","floor":22.0,"turns":2.0},{"damage":0.0,"enemies":"Book of Stabbing","floor":24.0,"turns":2.0},{"damage":0.0,"enemies":"Gremlin Leader","floor":27.0,"turns":2.0},{"damage":0,"enemies":"Colosseum Slavers","floor":29,"turns":1},{"damage":0,"enemies":"Colosseum Nobs","floor":29,"turns":2},{"damage":0,"enemies":"Book of Stabbing","floor":31,"turns":2},{"damage":0,"enemies":"Collector","floor":33,"turns":2},{"damage":0,"enemies":"3 Darklings","floor":35,"turns":1},{"damage":0,"enemies":"Giant Head","floor":38,"turns":2},{"damage":0,"enemies":"3 Shapes","floor":39,"turns":1},{"damage":0,"enemies":"Nemesis","floor":41,"turns":1},{"damage":0,"enemies":"Reptomancer","floor":44,"turns":2},{"damage":19,"enemies":"Nemesis","floor":46,"turns":4},{"damage":0,"enemies":"Giant Head","floor":48,"turns":2},{"damage":0,"enemies":"Time Eater","floor":50,"turns":4},{"damage":0,"enemies":"Jaw Worm","floor":52,"turns":1},{"damage":0,"enemies":"The Mushroom Lair","floor":53,"turns":1},{"damage":0,"enemies":"2 Louse","floor":55,"turns":1},{"damage":0,"enemies":"Gremlin Nob","floor":56,"turns":1},{"damage":0,"enemies":"3 Sentries","floor":61,"turns":1},{"damage":0,"enemies":"Gremlin Nob","floor":65,"turns":1},{"damage":0,"enemies":"Hexaghost","floor":67,"turns":2},{"damage":0,"enemies":"3 Byrds","floor":69,"turns":2},{"damage":0,"enemies":"Slavers","floor":73,"turns":2},{"damage":0,"enemies":"Book of Stabbing","floor":76,"turns":2},{"damage":0,"enemies":"Gremlin Leader","floor":77,"turns":2},{"damage":0,"enemies":"2 Thieves","floor":78,"turns":2},{"damage":0,"enemies":"Book of Stabbing","floor":80,"turns":1},{"damage":0,"enemies":"Slavers","floor":82,"turns":1},{"damage":0,"enemies":"Collector","floor":84,"turns":1},{"damage":0,"enemies":"Orb Walker","floor":86,"turns":1},{"damage":0,"enemies":"Nemesis","floor":89,"turns":1},{"damage":0,"enemies":"Giant Head","floor":90,"turns":1},{"damage":0,"enemies":"Reptomancer","floor":94,"turns":1},{"damage":0,"enemies":"3 Darklings","floor":96,"turns":1},{"damage":0,"enemies":"Time Eater","floor":101,"turns":3},{"damage":0,"enemies":"Jaw Worm","floor":103,"turns":1},{"damage":0,"enemies":"Small Slimes","floor":104,"turns":1},{"damage":0,"enemies":"Lagavulin","floor":111,"turns":1},{"damage":0,"enemies":"Gremlin Nob","floor":113,"turns":1},{"damage":0,"enemies":"3 Sentries","floor":115,"turns":1},{"damage":0,"enemies":"Gremlin Nob","floor":116,"turns":1},{"damage":0,"enemies":"Hexaghost","floor":118,"turns":2},{"damage":0,"enemies":"Shell Parasite","floor":120,"turns":1},{"damage":0,"enemies":"Colosseum Slavers","floor":121,"turns":2},{"damage":0,"enemies":"Colosseum Nobs","floor":121,"turns":2},{"damage":0,"enemies":"3 Byrds","floor":124,"turns":1},{"damage":0,"enemies":"Book of Stabbing","floor":128,"turns":2},{"damage":0,"enemies":"Gremlin Leader","floor":130,"turns":1},{"damage":0,"enemies":"Book of Stabbing","floor":132,"turns":2},{"damage":0,"enemies":"Collector","floor":135,"turns":3},{"damage":0,"enemies":"3 Shapes","floor":137,"turns":2},{"damage":0,"enemies":"3 Darklings","floor":141,"turns":2},{"damage":0,"enemies":"Reptomancer","floor":145,"turns":2},{"damage":0,"enemies":"Sphere and 2 Shapes","floor":146,"turns":1},{"damage":0,"enemies":"Giant Head","floor":147,"turns":2},{"damage":22,"enemies":"Nemesis","floor":150,"turns":3},{"damage":0,"enemies":"Awakened One","floor":152,"turns":4},{"damage":0,"enemies":"Small Slimes","floor":154,"turns":1}],"seed_played":"-7201233813757161568","potions_obtained":[{"floor":2.0,"key":"Fire Potion"},{"floor":12.0,"key":"Block Potion"},{"floor":14.0,"key":"Explosive Potion"},{"floor":16.0,"key":"AttackPotion"},{"floor":48,"key":"SkillPotion"},{"floor":69,"key":"LiquidBronze"},{"floor":73,"key":"SpeedPotion"},{"floor":85,"key":"Regen Potion"},{"floor":152,"key":"AttackPotion"}],"is_trial":true,"path_per_floor":["M","M","$","M","M","R","R","R","T","E","$","E","R","E","R","B",null,"M","?","$","$","M","R","E","R","T","E","E","$","?","R","E","R","B",null,"M","$","?","E","M","R","E","R","T","E","$","E","$","E","R","B",null,"M","?","?","M","E","R","R","R","T","E","$","?","R","E","R","B",null,"M","$","?","$","E","R","R","E","E","M","R","E","R","E","R","B",null,"M","?","$","E","E","R","R","R","E","$","M","R","$","?","R","B",null,"M","M","?","?","$","R","R","$","E","R","E","$","E","E","R","B",null,"M","?","?","$","M","R","$","?","E","R","E","R","E","$","R","B",null,"M","$","$","?","M","R","R","R","E","M","E","$","R","E","R","B",null,"M"],"character_chosen":"DEFECT","items_purchased":["HandDrill","DollysMirror","Steam","Ice Cream","Gash","Steam","Shuriken","Membership Card","Gash","ClockworkSouvenir","Gash","Medical Kit","OrangePellets","Thread and Needle","Kunai","TheAbacus","Pen Nib","Mango","Trip+1"],"campfire_rested":0,"item_purchase_floors":[21,28,36,45,45,45,47,62,70,70,72,88,95,95,98,114,114,126,126],"current_hp_per_floor":[64,64,64,64,64,64,63,62,61,60,59,58,57,31,31,31,58,58,58,58,58,68,67,66,65,64,65,64,65,64,63,62,63,62,61,60,59,60,59,58,59,58,57,58,57,40,40,42,51,53,57,56,57,56,55,56,55,54,53,52,53,52,51,50,51,50,51,50,49,48,47,46,47,46,45,46,47,53,52,53,52,53,52,53,59,58,57,56,57,58,57,56,55,54,53,52,51,50,49,48,49,48,47,46,45,44,43,42,41,40,41,40,41,40,39,40,39,40,39,38,39,38,37,36,35,48,47,48,47,48,47,48,47,46,47,46,45,44,43,42,41,40,39,38,39,38,39,38,37,29,37,38,37,37],"gold":417,"neow_bonus":"","is_prod":false,"is_daily":false,"chose_seed":false,"campfire_upgraded":18,"win_rate":0,"timestamp":1541660764,"path_taken":["M","M","$","M","M","R","R","R","T","E","$","E","R","E","R","BOSS","M","?","$","$","M","R","E","R","T","E","$","?","R","E","R","BOSS","M","$","?","?","?","R","E","R","T","?","$","?","$","E","R","BOSS","M","?","?","M","?","R","R","R","T","E","$","?","R","E","R","BOSS","M","$","?","$","?","R","R","E","E","?","R","?","R","E","R","BOSS","M","?","$","?","?","R","R","R","E","$","?","R","?","?","R","BOSS","M","M","?","?","$","R","R","$","E","R","?","$","?","E","R","BOSS","M","?","?","$","M","R","$","?","E","R","?","R","E","$","R","BOSS","M","$","$","?","?","R","R","R","E","?","?","$","R","E","R","BOSS","M"],"build_version":"2018-11-06","purchased_purges":4,"victory":false,"max_hp_per_floor":[69,68,67,66,65,64,63,62,61,60,59,58,57,58,57,56,63,62,61,60,59,68,67,66,65,64,65,64,65,64,63,62,63,62,61,60,59,60,59,58,59,58,57,58,57,58,57,58,57,58,57,56,57,56,55,56,55,54,53,52,53,52,51,50,51,50,51,50,49,48,47,46,47,46,45,46,47,53,52,53,52,53,52,53,59,58,57,56,57,58,57,56,55,54,53,52,51,50,49,48,49,48,47,46,45,44,43,42,41,40,41,40,41,40,39,40,39,40,39,38,39,38,37,36,35,48,47,48,47,48,47,48,47,46,47,46,45,44,43,42,41,40,39,38,39,38,39,38,37,38,37,38,37,37],"card_choices":[{"not_picked":["Transmutation","Hyperbeam","Creative AI"],"picked":"SKIP","floor":10.0},{"not_picked":["Master of Strategy","Secret Technique"],"picked":"Panache","floor":12.0},{"not_picked":["Seek","All For One","Apotheosis"],"picked":"Singing Bowl","floor":14.0},{"not_picked":["Echo Form","Apotheosis"],"picked":"Panache","floor":16.0},{"not_picked":["Turbo","Hello World"],"picked":"Gash","floor":17.0},{"not_picked":["Steam","Streamline","Biased Cognition"],"picked":"Singing Bowl","floor":17.0},{"not_picked":["Self Repair","Turbo","Go for the Eyes"],"picked":"Singing Bowl","floor":17.0},{"not_picked":["Coolheaded","Stack","Ball Lightning"],"picked":"Singing Bowl","floor":17.0},{"not_picked":["BootSequence","Fusion","Conserve Battery"],"picked":"Singing Bowl","floor":17.0},{"not_picked":["Metamorphosis","Thinking Ahead"],"picked":"Panache","floor":24.0},{"not_picked":["Magnetism","Creative AI","Machine Learning"],"picked":"Singing Bowl","floor":27},{"not_picked":["Steam","Coolheaded","Reinforced Body+1"],"picked":"Singing Bowl","floor":29},{"not_picked":["Thinking Ahead","Creative AI"],"picked":"Violence","floor":31},{"not_picked":["Core Surge","Secret Technique","Hyperbeam"],"picked":"Singing Bowl","floor":33},{"not_picked":["Apotheosis","Master of Strategy","Mayhem"],"picked":"Singing Bowl","floor":38},{"not_picked":["Rainbow","Magnetism","Apotheosis"],"picked":"Singing Bowl","floor":41},{"not_picked":["Rainbow","Chrysalis","HandOfGreed"],"picked":"Singing Bowl","floor":44},{"not_picked":["Electrodynamics","Fission","Hyperbeam"],"picked":"Singing Bowl","floor":46},{"not_picked":["Meteor Strike","Master of Strategy","Hyperbeam"],"picked":"Singing Bowl","floor":48},{"not_picked":["Fission","All For One","Secret Weapon"],"picked":"Singing Bowl","floor":50},{"not_picked":["Coolheaded","Compile Driver","Redo"],"picked":"Singing Bowl","floor":53},{"not_picked":["All For One","Metamorphosis","Chrysalis"],"picked":"Singing Bowl","floor":56},{"not_picked":["Thinking Ahead","Secret Weapon","Multi-Cast"],"picked":"Singing Bowl","floor":61},{"not_picked":["Violence","Apotheosis","The Bomb"],"picked":"Singing Bowl","floor":65},{"not_picked":["Violence","Transmutation","Thinking Ahead"],"picked":"Singing Bowl","floor":67},{"not_picked":["Secret Weapon","Biased Cognition","Transmutation"],"picked":"Singing Bowl","floor":73},{"not_picked":["Core Surge","Metamorphosis","Thunder Strike"],"picked":"Singing Bowl","floor":76},{"not_picked":["Violence","Biased Cognition","Magnetism"],"picked":"Singing Bowl","floor":77},{"not_picked":["Core Surge","HandOfGreed","Secret Weapon"],"picked":"Singing Bowl","floor":80},{"not_picked":["Master of Strategy","Fission","Biased Cognition"],"picked":"Singing Bowl","floor":82},{"not_picked":["Secret Technique","Meteor Strike","Amplify"],"picked":"Singing Bowl","floor":84},{"not_picked":["Compile Driver","Cold Snap+1","Coolheaded"],"picked":"Singing Bowl","floor":85},{"not_picked":["Magnetism","HandOfGreed","Apotheosis"],"picked":"Singing Bowl","floor":89},{"not_picked":["Thunder Strike","Transmutation","Machine Learning"],"picked":"Singing Bowl","floor":90},{"not_picked":["Master of Strategy","Secret Technique"],"picked":"Panache","floor":94},{"not_picked":["Creative AI","Echo Form","Thinking Ahead+1","All For One"],"picked":"Singing Bowl","floor":101},{"not_picked":["Core Surge","Rainbow+1","Multi-Cast+1","Hyperbeam"],"picked":"Singing Bowl","floor":111},{"not_picked":["Rainbow+1","Core Surge","Thunder Strike","Buffer"],"picked":"Singing Bowl","floor":113},{"not_picked":["Transmutation+1","Meteor Strike","Mayhem"],"picked":"Metamorphosis+1","floor":115},{"not_picked":["The Bomb+1","HandOfGreed","Magnetism","Reboot+1"],"picked":"Singing Bowl","floor":116},{"not_picked":["Apotheosis+1","Electrodynamics","Machine Learning","Secret Weapon+1"],"picked":"Singing Bowl","floor":118},{"not_picked":["Enlightenment+1","Cold Snap","Ball Lightning+1","Trip+1"],"picked":"Singing Bowl","floor":121},{"not_picked":["Sadistic Nature","Echo Form","Creative AI","Buffer"],"picked":"Singing Bowl","floor":128},{"not_picked":["The Bomb+1","Machine Learning","Electrodynamics","Fission+1"],"picked":"Singing Bowl","floor":130},{"not_picked":["All For One","Apotheosis+1","Meteor Strike","Chrysalis+1"],"picked":"Singing Bowl","floor":132},{"not_picked":["Secret Weapon+1","Thinking Ahead+1","Machine Learning","Creative AI"],"picked":"Singing Bowl","floor":135},{"not_picked":["Metamorphosis+1","Transmutation+1","Meteor Strike","Magnetism"],"picked":"Singing Bowl","floor":145},{"not_picked":["Reboot+1","Mayhem","All For One","Transmutation+1"],"picked":"Singing Bowl","floor":147},{"not_picked":["Electrodynamics","Chrysalis+1","Master of Strategy+1","Machine Learning"],"picked":"Singing Bowl","floor":150},{"not_picked":["Sadistic Nature","Transmutation+1","Buffer","Echo Form"],"picked":"Singing Bowl","floor":152}],"player_experience":441082,"relics_obtained":[{"floor":1.0,"key":"Sundial"},{"floor":2.0,"key":"Shovel"},{"floor":4.0,"key":"Smiling Mask"},{"floor":5.0,"key":"Old Coin"},{"floor":9.0,"key":"Dream Catcher"},{"floor":10.0,"key":"Bottled Flame"},{"floor":12.0,"key":"Singing Bowl"},{"floor":14.0,"key":"Mercury Hourglass"},{"floor":18.0,"key":"Vajra"},{"floor":22.0,"key":"Pear"},{"floor":24.0,"key":"Tiny Chest"},{"floor":26.0,"key":"Omamori"},{"floor":29,"key":"Calipers"},{"floor":29,"key":"Meat on the Bone"},{"floor":31,"key":"Lantern"},{"floor":35,"key":"PreservedInsect"},{"floor":38,"key":"The Courier"},{"floor":39,"key":"Bottled Tornado"},{"floor":41,"key":"Darkstone Periapt"},{"floor":43,"key":"FossilizedHelix"},{"floor":44,"key":"Pocketwatch"},{"floor":46,"key":"Bottled Lightning"},{"floor":48,"key":"Letter Opener"},{"floor":52,"key":"Anchor"},{"floor":53,"key":"Odd Mushroom"},{"floor":55,"key":"Boot"},{"floor":60,"key":"Bronze Scales"},{"floor":66,"key":"War Paint"},{"floor":69,"key":"Potion Belt"},{"floor":75,"key":"Ancient Tea Set"},{"floor":78,"key":"Strawberry"},{"floor":79,"key":"Blue Candle"},{"floor":81,"key":"Pantograph"},{"floor":83,"key":"MawBank"},{"floor":86,"key":"Dodecahedron"},{"floor":91,"key":"Bag of Preparation"},{"floor":92,"key":"Orichalcum"},{"floor":93,"key":"Oddly Smooth Stone"},{"floor":96,"key":"Question Card"},{"floor":100,"key":"Toxic Egg 2"},{"floor":103,"key":"Peace Pipe"},{"floor":104,"key":"Whetstone"},{"floor":108,"key":"Art of War"},{"floor":109,"key":"Mummified Hand"},{"floor":112,"key":"Blood Vial"},{"floor":117,"key":"DataDisk"},{"floor":120,"key":"Gremlin Horn"},{"floor":121,"key":"Bird Faced Urn"},{"floor":121,"key":"Cables"},{"floor":124,"key":"Ornamental Fan"},{"floor":125,"key":"Symbiotic Virus"},{"floor":129,"key":"Incense Burner"},{"floor":131,"key":"Emotion Chip"},{"floor":137,"key":"Ginger"},{"floor":142,"key":"Circlet"},{"floor":143,"key":"Circlet"},{"floor":144,"key":"Circlet"},{"floor":146,"key":"Circlet"},{"floor":149,"key":"Circlet"},{"floor":151,"key":"Circlet"},{"floor":154,"key":"Regal Pillow"}],"event_choices":[{"damage_healed":0.0,"max_hp_gain":0.0,"max_hp_loss":0.0,"gold_gain":0.0,"event_name":"Vampires","player_choice":"Ignored","floor":19.0,"gold_loss":0.0,"damage_taken":0.0},{"damage_healed":0,"gold_gain":0,"player_choice":"Fight","damage_taken":0,"max_hp_gain":0,"max_hp_loss":0,"event_name":"Colosseum","floor":29,"gold_loss":0},{"damage_healed":0,"gold_gain":0,"player_choice":"Fought Nobs","damage_taken":0,"max_hp_gain":0,"max_hp_loss":0,"event_name":"Colosseum","floor":29,"gold_loss":0},{"damage_healed":0,"gold_gain":0,"player_choice":"1 cards matched","damage_taken":0,"max_hp_gain":0,"max_hp_loss":0,"event_name":"Match and Keep!","floor":37,"gold_loss":0,"cards_obtained":["Decay"]},{"damage_healed":0,"gold_gain":0,"player_choice":"Fought Mushrooms","damage_taken":0,"max_hp_gain":0,"max_hp_loss":0,"event_name":"Mushrooms","floor":53,"gold_loss":0},{"damage_healed":0,"gold_gain":0,"player_choice":"Ignored","damage_taken":0,"max_hp_gain":0,"max_hp_loss":0,"event_name":"Purifier","floor":54,"gold_loss":0},{"damage_healed":0,"gold_gain":0,"player_choice":"Grow","damage_taken":0,"max_hp_gain":0,"max_hp_loss":0,"event_name":"Living Wall","floor":63,"gold_loss":0,"cards_upgraded":["Deep Breath"]},{"cards_removed":["Gash"],"damage_healed":5,"gold_gain":0,"player_choice":"Offered Common","damage_taken":0,"max_hp_gain":0,"max_hp_loss":0,"event_name":"Bonfire Elementals","floor":71,"gold_loss":0},{"cards_removed":["Gash"],"damage_healed":5,"gold_gain":0,"player_choice":"Offered Special","damage_taken":0,"max_hp_gain":0,"max_hp_loss":0,"event_name":"Bonfire Elementals","floor":71,"gold_loss":0},{"damage_healed":0,"gold_gain":0,"player_choice":"2 cards matched","damage_taken":0,"max_hp_gain":0,"max_hp_loss":0,"event_name":"Match and Keep!","floor":87,"gold_loss":0,"cards_obtained":["Parasite","Zap"]},{"damage_healed":0,"gold_gain":0,"player_choice":"Paid","damage_taken":0,"relics_obtained":["Red Mask"],"max_hp_gain":0,"max_hp_loss":0,"event_name":"Tomb of Lord Red Mask","floor":99,"gold_loss":70},{"damage_healed":0,"gold_gain":0,"player_choice":"Leave","damage_taken":0,"max_hp_gain":0,"max_hp_loss":0,"event_name":"The Cleric","floor":105,"gold_loss":0},{"damage_healed":0,"gold_gain":0,"player_choice":"Ignored","damage_taken":0,"max_hp_gain":0,"max_hp_loss":0,"event_name":"Upgrade Shrine","floor":106,"gold_loss":0},{"damage_healed":0,"gold_gain":0,"player_choice":"Fight","damage_taken":0,"max_hp_gain":0,"max_hp_loss":0,"event_name":"Colosseum","floor":121,"gold_loss":0},{"damage_healed":0,"gold_gain":0,"player_choice":"Fought Nobs","damage_taken":0,"max_hp_gain":0,"max_hp_loss":0,"event_name":"Colosseum","floor":121,"gold_loss":0},{"damage_healed":0,"gold_gain":0,"player_choice":"Ignored","damage_taken":0,"max_hp_gain":0,"max_hp_loss":0,"event_name":"Vampires","floor":122,"gold_loss":0},{"damage_healed":10,"gold_gain":0,"player_choice":"Heal","damage_taken":0,"max_hp_gain":0,"max_hp_loss":0,"event_name":"The Library","floor":127,"gold_loss":0},{"damage_healed":0,"gold_gain":0,"player_choice":"Ignored","damage_taken":0,"max_hp_gain":0,"max_hp_loss":0,"event_name":"Accursed Blacksmith","floor":140,"gold_loss":0}],"is_beta":true,"boss_relics":[{"not_picked":["Tiny House","Black Star"],"picked":"Orrery"},{"not_picked":["Empty Cage","Calling Bell"],"picked":"Eternal Feather"},{"not_picked":["Cursed Key","Runic Dome"],"picked":"Lizard Tail"},{"not_picked":["Calling Bell","Runic Dome"],"picked":"White Beast Statue"},{"not_picked":["Inserter","Cursed Key"],"picked":"Tiny House"},{"not_picked":["Snecko Eye","Sozu"],"picked":"Runic Pyramid"},{"not_picked":["Runic Dome","Nuclear Battery"],"picked":"Coffee Dripper"},{"not_picked":["Velvet Choker","Empty Cage"],"picked":"Fusion Hammer"},{"not_picked":["Snecko Eye","Inserter"],"picked":"Pandora\u0027s Box"}],"items_purged_floors":[3,88,123,133],"is_endless":true,"potions_floor_spawned":[2,12,14,16,22,27,29,33,35,38,44,48,55,56,67,69,73,76,77,78,80,82,84,86,89,90,94,96,101,103,104,111,113,115,116,118,120,121,121,124,128,130,132,135,137,141,145,146,147,150,152,154],"killed_by":"Small Slimes","ascension_level":20}