{"gold_per_floor":[14,33,33,46,70,110,110,143,143,143,182,182],"floor_reached":12,"playtime":726,"items_purged":[],"score":152,"play_id":"a36c147a-0195-428b-8cc0-de1b7c04c964","local_time":"20190710130509","is_ascension_mode":true,"campfire_choices":[{"data":"Consume","floor":7.0,"key":"SMITH"}],"neow_cost":"NO_GOLD","seed_source_timestamp":96687595294999,"circlet_count":0,"master_deck":["AscendersBane","Strike_B","Strike_B","Strike_B","Strike_B","Defend_B","Defend_B","Defend_B","Defend_B","Zap","Dualcast","Master of Strategy","Thinking Ahead","Consume+1","Conserve Battery","Ball Lightning","Skim","Loop","Hologram"],"special_seed":0,"relics":["Cracked Core","Golden Idol","Prayer Wheel","Shuriken","Ice Cream","StoneCalendar"],"potions_floor_usage":[],"damage_taken":[{"damage":0.0,"enemies":"Cultist","floor":1.0,"turns":3.0},{"damage":8.0,"enemies":"2 Louse","floor":2.0,"turns":3.0},{"damage":4.0,"enemies":"Small Slimes","floor":4.0,"turns":4.0},{"damage":5.0,"enemies":"Red Slaver","floor":5.0,"turns":4.0},{"damage":10.0,"enemies":"Gremlin Nob","floor":6.0,"turns":3.0},{"damage":15.0,"enemies":"Lagavulin","floor":8.0,"turns":7.0},{"damage":27.0,"enemies":"Gremlin Nob","floor":11.0,"turns":4.0},{"damage":15,"enemies":"Gremlin Gang","floor":12,"turns":3}],"seed_played":"-7029438100525604625","potions_obtained":[{"floor":2.0,"key":"Fire Potion"},{"floor":4.0,"key":"Regen Potion"},{"floor":6.0,"key":"Weak Potion"},{"floor":10.0,"key":"Weak Potion"},{"floor":11.0,"key":"Dexterity Potion"}],"is_trial":false,"path_per_floor":["M","M","?","M","M","E","R","E","T","?","E","M"],"character_chosen":"DEFECT","items_purchased":[],"campfire_rested":0,"item_purchase_floors":[],"current_hp_per_floor":[68,60,60,56,51,41,41,26,26,26,11,0],"gold":182,"neow_bonus":"RANDOM_COLORLESS_2","is_prod":false,"is_daily":false,"chose_seed":false,"campfire_upgraded":1,"win_rate":0,"timestamp":1562727909,"path_taken":["M","M","?","M","M","E","R","E","T","?","E","?"],"build_version":"2019-07-05","purchased_purges":0,"victory":false,"max_hp_per_floor":[75,75,69,69,69,69,69,69,69,69,69,69],"card_choices":[{"not_picked":["Capacitor","Stack"],"picked":"Consume","floor":1.0},{"not_picked":["White Noise","Storm"],"picked":"Conserve Battery","floor":2.0},{"not_picked":["Coolheaded","Go for the Eyes"],"picked":"Ball Lightning","floor":4.0},{"not_picked":["Redo","Beam Cell","Stack"],"picked":"SKIP","floor":5.0},{"not_picked":["Beam Cell","Scrape"],"picked":"Skim","floor":6.0},{"not_picked":["Meteor Strike","Steam Power"],"picked":"Loop","floor":8.0},{"not_picked":["Gash","Streamline"],"picked":"Hologram","floor":11.0}],"player_experience":618278,"relics_obtained":[{"floor":6.0,"key":"Prayer Wheel"},{"floor":8.0,"key":"Shuriken"},{"floor":9.0,"key":"Ice Cream"},{"floor":11.0,"key":"StoneCalendar"}],"event_choices":[{"damage_healed":0.0,"max_hp_gain":0.0,"max_hp_loss":6.0,"gold_gain":0.0,"event_name":"Golden Idol","player_choice":"Lose Max HP","floor":3.0,"gold_loss":0.0,"damage_taken":0.0,"relics_obtained":["Golden Idol"]},{"damage_healed":0.0,"max_hp_gain":0.0,"max_hp_loss":0.0,"gold_gain":0.0,"event_name":"Lab","player_choice":"Got Potions","floor":10.0,"gold_loss":0.0,"damage_taken":0.0}],"is_beta":false,"boss_relics":[],"items_purged_floors":[],"is_endless":false,"potions_floor_spawned":[2,4,6,11],"killed_by":"Gremlin Gang","ascension_level":11}