{"gold_per_floor":[115,126,126,126,50,77,77,89,89,89,104,19,52,67,67,67],"floor_reached":16,"playtime":574,"items_purged":[],"score":215,"play_id":"d5ba4069-df24-4c17-b46e-ce7102a04c64","local_time":"20190625203628","is_ascension_mode":true,"campfire_choices":[{"floor":7,"key":"REST"},{"data":"Glass Knife","floor":10,"key":"SMITH"},{"floor":15,"key":"REST"}],"neow_cost":"NONE","seed_source_timestamp":300169715927449,"circlet_count":0,"master_deck":["AscendersBane","Defend_G","Defend_G","Defend_G","Defend_G","Defend_G","Strike_G","Strike_G","Strike_G","Strike_G","Survivor","Neutralize","Slice","Glass Knife+1","After Image","PiercingWail","Dash","Quick Slash","Backstab"],"relics":["Ring of the Snake","Oddly Smooth Stone","Pear","Bag of Marbles"],"potions_floor_usage":[6,13],"damage_taken":[{"damage":1,"enemies":"Cultist","floor":1,"turns":4},{"damage":0,"enemies":"2 Louse","floor":2,"turns":4},{"damage":38,"enemies":"Gremlin Nob","floor":6,"turns":5},{"damage":0,"enemies":"Small Slimes","floor":8,"turns":3},{"damage":0,"enemies":"Looter","floor":11,"turns":3},{"damage":11,"enemies":"3 Sentries","floor":13,"turns":10},{"damage":0,"enemies":"Blue Slaver","floor":14,"turns":3},{"damage":68,"enemies":"Slime Boss","floor":16,"turns":11}],"seed_played":"3145120530051748327","potions_obtained":[{"floor":0,"key":"Block Potion"},{"floor":0,"key":"FairyPotion"},{"floor":0,"key":"Dexterity Potion"},{"floor":8,"key":"SpeedPotion"}],"is_trial":false,"path_per_floor":["M","M","?","?","$","E","R","M","T","R","M","$","E","M","R","B"],"character_chosen":"THE_SILENT","items_purchased":["Glass Knife","Dash"],"campfire_rested":2,"item_purchase_floors":[5,12],"current_hp_per_floor":[58,58,58,58,58,20,39,39,49,49,49,49,38,38,60,0],"gold":67,"neow_bonus":"THREE_SMALL_POTIONS","is_prod":false,"is_daily":false,"chose_seed":false,"campfire_upgraded":1,"win_rate":0,"timestamp":1561458988,"path_taken":["M","M","?","?","$","E","R","?","T","R","M","$","E","M","R","BOSS"],"build_version":"2019-01-23","purchased_purges":0,"victory":false,"max_hp_per_floor":[66,66,66,66,66,66,66,66,76,76,76,76,76,76,76,76],"card_choices":[{"not_picked":["Noxious Fumes","Heel Hook"],"picked":"Slice","floor":1},{"not_picked":["Dodge and Roll","Concentrate","Prepared"],"picked":"SKIP","floor":2},{"not_picked":["Dodge and Roll","Concentrate","Prepared"],"picked":"SKIP","floor":2},{"not_picked":["Noxious Fumes","Blade Dance"],"picked":"After Image","floor":6},{"not_picked":["Deflect","Concentrate"],"picked":"PiercingWail","floor":8},{"not_picked":["Distraction","Flechettes","Outmaneuver"],"picked":"SKIP","floor":11},{"not_picked":["Slice","Concentrate"],"picked":"Quick Slash","floor":13},{"not_picked":["Backflip","Concentrate"],"picked":"Backstab","floor":14}],"player_experience":585327,"relics_obtained":[{"floor":6,"key":"Oddly Smooth Stone"},{"floor":9,"key":"Pear"},{"floor":13,"key":"Bag of Marbles"}],"event_choices":[{"damage_healed":0,"gold_gain":0,"player_choice":"Leave","damage_taken":0,"max_hp_gain":0,"max_hp_loss":0,"event_name":"The Cleric","floor":3,"gold_loss":0},{"cards_removed":["Strike_G"],"damage_healed":0,"gold_gain":0,"player_choice":"Purged","damage_taken":0,"max_hp_gain":0,"max_hp_loss":0,"event_name":"Purifier","floor":4,"gold_loss":0}],"is_beta":false,"boss_relics":[],"items_purged_floors":[],"is_endless":false,"potions_floor_spawned":[8,11],"killed_by":"Slime Boss","ascension_level":19}