{"gold_per_floor":[111,111,12,30,46,77,27,27,77,140,140,140,155,172,172,269,269,281,381,133,119,194,194],"floor_reached":23,"playtime":6100,"items_purged":["Regret","Night Terror"],"score":189,"play_id":"a679bced-0ea0-4c74-8732-5b70f31ff670","local_time":"20190719162008","is_ascension_mode":false,"campfire_choices":[{"floor":11,"key":"REST"},{"data":"Calculated Gamble","floor":15,"key":"SMITH"}],"neow_cost":"NONE","seed_source_timestamp":836773661031606,"circlet_count":0,"master_deck":["Strike_G","Strike_G","Strike_G","Defend_G","Defend_G","Defend_G","Defend_G+1","Survivor+1","Neutralize","Slice","Quick Slash","Calculated Gamble+1","Blade Dance","Prepared","Footwork","Terror","Footwork","Expertise","Envenom","Footwork","Escape Plan","PiercingWail"],"relics":["Ring of the Snake","War Paint","Happy Flower","Regal Pillow","Bag of Marbles","Black Star"],"potions_floor_usage":[10,10,16,23],"damage_taken":[{"damage":4,"enemies":"2 Louse","floor":1,"turns":2},{"damage":0,"enemies":"Jaw Worm","floor":4,"turns":3},{"damage":0,"enemies":"Small Slimes","floor":5,"turns":3},{"damage":22,"enemies":"3 Sentries","floor":6,"turns":9},{"damage":14,"enemies":"Lagavulin Event","floor":10,"turns":8},{"damage":0,"enemies":"Exordium Wildlife","floor":13,"turns":3},{"damage":0,"enemies":"Exordium Thugs","floor":14,"turns":4},{"damage":39,"enemies":"Slime Boss","floor":16,"turns":18},{"damage":2,"enemies":"Shell Parasite","floor":18,"turns":8},{"damage":26,"enemies":"2 Thieves","floor":21,"turns":4},{"damage":37,"enemies":"Slavers","floor":23,"turns":14}],"seed_played":"7253210737158185992","potions_obtained":[{"floor":1,"key":"EssenceOfSteel"},{"floor":4,"key":"Fire Potion"},{"floor":10,"key":"PowerPotion"},{"floor":21,"key":"GhostInAJar"}],"is_trial":false,"path_per_floor":["M","?","$","M","M","E","?","$","T","?","R","?","M","M","R","B",null,"M","?","$","M","?","E"],"character_chosen":"THE_SILENT","items_purchased":["Quick Slash","Footwork","Escape Plan"],"campfire_rested":1,"item_purchase_floors":[3,20,20],"current_hp_per_floor":[66,66,66,66,66,44,44,44,44,30,66,66,66,66,66,27,70,68,68,68,42,35,0],"gold":194,"neow_bonus":"TRANSFORM_CARD","is_prod":false,"is_daily":false,"chose_seed":false,"campfire_upgraded":1,"win_rate":0.0,"timestamp":1563567608,"path_taken":["M","?","$","M","M","E","?","$","T","?","R","?","M","M","R","BOSS","M","?","?","M","?","E"],"build_version":"2019-06-28","purchased_purges":2,"victory":false,"max_hp_per_floor":[70,70,70,70,70,70,70,70,70,70,70,70,70,70,70,70,70,70,70,70,70,70,70],"card_choices":[{"not_picked":["Tactician","Underhanded Strike"],"picked":"Slice","floor":1},{"not_picked":["Masterful Stab","Underhanded Strike"],"picked":"Calculated Gamble","floor":4},{"not_picked":["Flying Knee","Riddle With Holes"],"picked":"Blade Dance","floor":5},{"not_picked":["Underhanded Strike","Bane"],"picked":"Prepared","floor":6},{"not_picked":["All Out Attack","Tools of the Trade"],"picked":"Footwork","floor":10},{"not_picked":["Dash","Choke"],"picked":"Footwork","floor":13},{"not_picked":["Deadly Poison","Outmaneuver"],"picked":"Expertise","floor":14},{"not_picked":["Bullet Time","Venomology"],"picked":"Envenom","floor":16},{"not_picked":["Dagger Throw","Caltrops","Underhanded Strike"],"picked":"SKIP","floor":18},{"not_picked":["All Out Attack","Slice"],"picked":"PiercingWail","floor":21}],"player_experience":52503,"relics_obtained":[{"floor":6,"key":"Happy Flower"},{"floor":9,"key":"Regal Pillow"},{"floor":10,"key":"Bag of Marbles"}],"event_choices":[{"damage_healed":0,"gold_gain":0,"player_choice":"Box","damage_taken":0,"relics_obtained":["War Paint"],"max_hp_gain":0,"max_hp_loss":0,"event_name":"Big Fish","floor":2,"gold_loss":0,"cards_obtained":["Regret"]},{"cards_removed":["Strike_G"],"damage_healed":0,"gold_gain":0,"player_choice":"Card Removal","damage_taken":0,"max_hp_gain":0,"max_hp_loss":0,"event_name":"The Cleric","floor":7,"gold_loss":50},{"damage_healed":0,"gold_gain":0,"player_choice":"Searched \u00271\u0027 times","damage_taken":0,"max_hp_gain":0,"max_hp_loss":0,"event_name":"Dead Adventurer","floor":10,"gold_loss":0},{"damage_healed":0,"gold_gain":0,"cards_transformed":["Strike_G"],"player_choice":"Change","damage_taken":0,"max_hp_gain":0,"max_hp_loss":0,"event_name":"Living Wall","floor":12,"gold_loss":0,"cards_obtained":["Terror"]},{"damage_healed":0,"gold_gain":100,"player_choice":"Pray","damage_taken":0,"max_hp_gain":0,"max_hp_loss":0,"event_name":"Golden Shrine","floor":19,"gold_loss":0},{"damage_healed":0,"gold_gain":75,"player_choice":"Touch","damage_taken":7,"max_hp_gain":0,"max_hp_loss":0,"event_name":"FaceTrader","floor":22,"gold_loss":0}],"is_beta":true,"boss_relics":[{"not_picked":["Velvet Choker","Eternal Feather"],"picked":"Black Star"}],"items_purged_floors":[3,20],"is_endless":false,"potions_floor_spawned":[1,4,10,21],"killed_by":"Slavers","ascension_level":0}