{"gold_per_floor":[117,117,117,117,67,67,67,99,99,116,126,155,175,189,189,293,293,306,317,317,416,427,427,439,457,457,468,468],"floor_reached":28,"playtime":3074,"items_purged":[],"score":282,"play_id":"e8dedbc2-e5ce-4e8c-8b7d-fec6bceef75b","local_time":"20190629021026","is_ascension_mode":false,"campfire_choices":[{"data":"Self Repair","floor":6,"key":"SMITH"},{"data":"Redo","floor":15,"key":"SMITH"},{"data":"Creative AI","floor":23,"key":"SMITH"}],"neow_cost":"NONE","seed_source_timestamp":480515694609989,"circlet_count":0,"master_deck":["Strike_B","Strike_B","Strike_B","Defend_B+1","Defend_B","Defend_B","Zap","Dualcast+1","Self Repair+1","Melter","Doom and Gloom","Go for the Eyes","Defragment","Redo+1","Defragment","Creative AI+1","Defragment","Static Discharge","Chaos","Leap","Defragment+1","Glacier"],"relics":["Cracked Core","NeowsBlessing","Gambling Chip","Bag of Preparation","Kunai","Sozu","Frozen Egg 2"],"potions_floor_usage":[28,28,28],"damage_taken":[{"damage":0,"enemies":"2 Louse","floor":1,"turns":1},{"damage":0,"enemies":"3 Sentries","floor":8,"turns":1},{"damage":0,"enemies":"Jaw Worm","floor":10,"turns":1},{"damage":0,"enemies":"Small Slimes","floor":11,"turns":2},{"damage":16,"enemies":"Lagavulin","floor":12,"turns":5},{"damage":10,"enemies":"2 Fungi Beasts","floor":13,"turns":2},{"damage":0,"enemies":"Exordium Wildlife","floor":14,"turns":2},{"damage":25,"enemies":"The Guardian","floor":16,"turns":7},{"damage":24,"enemies":"3 Byrds","floor":18,"turns":4},{"damage":5,"enemies":"Chosen","floor":19,"turns":5},{"damage":23,"enemies":"Snake Plant","floor":22,"turns":3},{"damage":19,"enemies":"Sentry and Sphere","floor":24,"turns":3},{"damage":17,"enemies":"3 Cultists","floor":25,"turns":4},{"damage":23,"enemies":"Snake Plant","floor":27,"turns":2},{"damage":14,"enemies":"Centurion and Healer","floor":28,"turns":2}],"seed_played":"948557729164340485","potions_obtained":[{"floor":8,"key":"Explosive Potion"},{"floor":12,"key":"Ancient Potion"},{"floor":14,"key":"Fire Potion"}],"is_trial":false,"path_per_floor":["M","?","?","?","?","R","$","E","T","M","M","E","M","M","R","B",null,"M","M","?","?","M","R","M","M","T","M","M"],"character_chosen":"DEFECT","items_purchased":[],"campfire_rested":0,"item_purchase_floors":[],"current_hp_per_floor":[75,80,64,64,64,64,64,64,64,64,74,68,68,68,68,53,80,66,71,71,71,58,58,39,32,32,9,0],"gold":468,"neow_bonus":"THREE_ENEMY_KILL","is_prod":false,"is_daily":false,"chose_seed":false,"campfire_upgraded":3,"win_rate":0.0,"timestamp":1561745426,"path_taken":["M","?","?","?","?","R","?","E","T","M","M","E","M","M","R","BOSS","M","M","?","?","M","R","M","M","T","M","M"],"build_version":"2019-01-23","purchased_purges":0,"victory":false,"max_hp_per_floor":[75,80,80,80,80,80,80,80,80,80,80,80,80,80,80,80,80,80,80,80,80,80,80,80,80,80,80,80],"card_choices":[{"not_picked":["Leap","Coolheaded"],"picked":"Self Repair","floor":1},{"not_picked":["Darkness","Multi-Cast"],"picked":"Doom and Gloom","floor":8},{"not_picked":["Steam Power","Cold Snap"],"picked":"Go for the Eyes","floor":10},{"not_picked":["Gash","Barrage"],"picked":"Defragment","floor":11},{"not_picked":["Barrage","Gash"],"picked":"Redo","floor":12},{"not_picked":["Amplify","Compile Driver"],"picked":"Defragment","floor":13},{"not_picked":["Redo","Compile Driver","Go for the Eyes"],"picked":"SKIP","floor":14},{"not_picked":["Fission","Reboot"],"picked":"Creative AI","floor":16},{"not_picked":["White Noise","Glacier"],"picked":"Defragment","floor":18},{"not_picked":["Barrage","Melter"],"picked":"Static Discharge","floor":19},{"not_picked":["Stack+1","Gash"],"picked":"Chaos","floor":22},{"not_picked":["Beam Cell","Gash"],"picked":"Leap","floor":24},{"not_picked":["Steam","Coolheaded"],"picked":"Defragment+1","floor":25},{"not_picked":["Melter","Cold Snap"],"picked":"Glacier","floor":27}],"player_experience":58263,"relics_obtained":[{"floor":8,"key":"Gambling Chip"},{"floor":9,"key":"Bag of Preparation"},{"floor":12,"key":"Kunai"},{"floor":26,"key":"Frozen Egg 2"}],"event_choices":[{"damage_healed":0,"gold_gain":0,"player_choice":"Donut","damage_taken":0,"max_hp_gain":5,"max_hp_loss":0,"event_name":"Big Fish","floor":2,"gold_loss":0},{"damage_healed":0,"gold_gain":0,"player_choice":"Entered Light","damage_taken":16,"max_hp_gain":0,"max_hp_loss":0,"event_name":"Shining Light","floor":3,"gold_loss":0,"cards_upgraded":["Dualcast","Defend_B"]},{"damage_healed":0,"gold_gain":0,"cards_transformed":["Strike_B"],"player_choice":"Change","damage_taken":0,"max_hp_gain":0,"max_hp_loss":0,"event_name":"Living Wall","floor":4,"gold_loss":0,"cards_obtained":["Melter"]},{"cards_removed":["Defend_B"],"damage_healed":0,"gold_gain":0,"player_choice":"Card Removal","damage_taken":0,"max_hp_gain":0,"max_hp_loss":0,"event_name":"The Cleric","floor":5,"gold_loss":50},{"damage_healed":0,"gold_gain":0,"player_choice":"Ignored","damage_taken":0,"max_hp_gain":0,"max_hp_loss":0,"event_name":"Ghosts","floor":20,"gold_loss":0},{"damage_healed":0,"gold_gain":99,"player_choice":"Stole From Cult","damage_taken":0,"max_hp_gain":0,"max_hp_loss":0,"event_name":"Nest","floor":21,"gold_loss":0}],"is_beta":false,"boss_relics":[{"not_picked":["Orrery","White Beast Statue"],"picked":"Sozu"}],"items_purged_floors":[],"is_endless":false,"potions_floor_spawned":[8,12,14,16,18,19,27],"killed_by":"Centurion and Healer","ascension_level":0}