{"gold_per_floor":[115,132,82,32,132,132,151,184,184,203,203,220,220,200,200,297,297,313,345,357,357],"floor_reached":21,"playtime":841,"items_purged":[],"score":179,"play_id":"fcbbc9d4-2168-4949-aaf7-b4c5c6d494b4","local_time":"20181213115216","is_ascension_mode":false,"campfire_choices":[{"data":"Uppercut","floor":6,"key":"SMITH"},{"data":"True Grit","floor":11,"key":"SMITH"},{"data":"Armaments","floor":13,"key":"SMITH"},{"data":"Spot Weakness","floor":15,"key":"SMITH"}],"neow_cost":"PERCENT_DAMAGE","seed_source_timestamp":11492996582187,"circlet_count":0,"master_deck":["Strike_R","Strike_R","Strike_R","Defend_R","Defend_R","Bash","Flash of Steel","Chrysalis","Uppercut+1","True Grit+1","Armaments+1","Twin Strike","Spot Weakness+1","Juggernaut","Immolate+1","Clothesline+1","Berserk+1","Anger+1","Twin Strike+1"],"relics":["Burning Blood","Sundial","Happy Flower","Astrolabe","Red Mask"],"potions_floor_usage":[18,21],"damage_taken":[{"damage":0,"enemies":"Small Slimes","floor":1,"turns":3},{"damage":1,"enemies":"Jaw Worm","floor":2,"turns":3},{"damage":0,"enemies":"Cultist","floor":7,"turns":3},{"damage":12,"enemies":"Gremlin Nob","floor":8,"turns":4},{"damage":5,"enemies":"Looter","floor":10,"turns":3},{"damage":16,"enemies":"Exordium Thugs","floor":12,"turns":6},{"damage":38,"enemies":"Slime Boss","floor":16,"turns":12},{"damage":23,"enemies":"2 Thieves","floor":18,"turns":4},{"damage":37,"enemies":"Masked Bandits","floor":19,"turns":4},{"damage":24,"enemies":"Spheric Guardian","floor":20,"turns":4},{"damage":14,"enemies":"Shelled Parasite and Fungi","floor":21,"turns":2}],"seed_played":"8551188774826181069","potions_obtained":[{"floor":1,"key":"Poison Potion"},{"floor":10,"key":"SpeedPotion"},{"floor":14,"key":"GamblersBrew"},{"floor":18,"key":"Weak Potion"}],"is_trial":false,"path_per_floor":["M","M","?","$","?","R","M","E","T","M","R","M","R","?","R","B",null,"M","?","M","M"],"character_chosen":"IRONCLAD","items_purchased":["Armaments"],"campfire_rested":0,"item_purchase_floors":[4],"current_hp_per_floor":[62,67,67,67,67,67,73,67,67,68,68,58,58,58,58,26,80,63,32,14,0],"gold":357,"neow_bonus":"RANDOM_COLORLESS_2","is_prod":false,"is_daily":false,"chose_seed":false,"campfire_upgraded":4,"win_rate":0,"timestamp":1544662336,"path_taken":["M","M","?","$","?","R","M","E","T","M","R","?","R","?","R","BOSS","M","?","M","M"],"build_version":"2018-12-11","purchased_purges":0,"victory":false,"max_hp_per_floor":[80,80,80,80,80,80,80,80,80,80,80,80,80,80,80,80,80,80,80,80,80],"card_choices":[{"not_picked":["Shrug It Off","Metallicize"],"picked":"Uppercut","floor":1},{"not_picked":["Dropkick","Clothesline"],"picked":"True Grit","floor":2},{"not_picked":["Heavy Blade","Cleave"],"picked":"Twin Strike","floor":7},{"not_picked":["Fire Breathing","Body Slam","True Grit"],"picked":"SKIP","floor":8},{"not_picked":["Twin Strike","Rampage","Barricade"],"picked":"SKIP","floor":10},{"not_picked":["Warcry","Havoc"],"picked":"Spot Weakness","floor":12},{"not_picked":["Brutality","Exhume"],"picked":"Juggernaut","floor":16},{"not_picked":["Headbutt","Havoc"],"picked":"Anger+1","floor":18},{"not_picked":["Spot Weakness","Intimidate"],"picked":"Twin Strike+1","floor":19},{"not_picked":["Cleave","Entrench","Flex+1"],"picked":"SKIP","floor":20}],"player_experience":475004,"relics_obtained":[{"floor":8,"key":"Sundial"},{"floor":9,"key":"Happy Flower"},{"floor":19,"key":"Red Mask"}],"event_choices":[{"cards_removed":["Defend_R"],"damage_healed":0,"gold_gain":0,"player_choice":"Card Removal","damage_taken":0,"max_hp_gain":0,"max_hp_loss":0,"event_name":"The Cleric","floor":3,"gold_loss":50},{"damage_healed":0,"gold_gain":100,"player_choice":"Pray","damage_taken":0,"max_hp_gain":0,"max_hp_loss":0,"event_name":"Golden Shrine","floor":5,"gold_loss":0},{"damage_healed":0,"gold_gain":0,"player_choice":"Bought 1 Potion","damage_taken":0,"max_hp_gain":0,"max_hp_loss":0,"event_name":"The Woman in Blue","floor":14,"gold_loss":0},{"damage_healed":0,"gold_gain":0,"player_choice":"Fought Bandits","damage_taken":0,"max_hp_gain":0,"max_hp_loss":0,"event_name":"Masked Bandits","floor":19,"gold_loss":0}],"is_beta":true,"boss_relics":[{"not_picked":["Eternal Feather","Fusion Hammer"],"picked":"Astrolabe"}],"items_purged_floors":[],"is_endless":false,"potions_floor_spawned":[1,10,18,20],"killed_by":"Shelled Parasite and Fungi","ascension_level":0}