{"gold_per_floor":[214,33,33,48,67,67,98,98,175,175,189,189,189,202,202,274,274,274,274,28,28,28,28,28,28,28,28,28,28,28,28,28,28,28,28,28,28,28,28,28,28,28,28,28,28,28,28,28,28,28,28],"floor_reached":52,"playtime":2724,"items_purged":["Strike_B"],"score":1943,"play_id":"a1cd670f-7e7a-42a0-86c8-83b9e00102e2","local_time":"20190720143420","is_ascension_mode":true,"campfire_choices":[{"data":"Genetic Algorithm","floor":6.0,"key":"SMITH"},{"data":"Electrodynamics","floor":8.0,"key":"SMITH"},{"floor":13.0,"key":"REST"},{"data":"Go for the Eyes","floor":15.0,"key":"SMITH"},{"data":"Static Discharge","floor":25.0,"key":"SMITH"},{"data":"Tempest","floor":29.0,"key":"SMITH"},{"data":"Finesse","floor":32.0,"key":"SMITH"},{"floor":41.0,"key":"REST"},{"floor":49,"key":"REST"}],"neow_cost":"NONE","seed_source_timestamp":0,"circlet_count":0,"master_deck":["AscendersBane","Strike_B+1","Strike_B","Strike_B","Defend_B","Defend_B","Defend_B","Defend_B","Zap+1","Dualcast+1","Genetic Algorithm+1","Rip and Tear","Go for the Eyes+1","Glacier","Electrodynamics+1","Redo","Ball Lightning","Echo Form","Hologram+1","Go for the Eyes+1","Static Discharge+1","Finesse+1","Tempest+1","Echo Form","Hologram+1","Thunder Strike","Writhe","Loop+1","Force Field","Loop+1","Defragment","Storm+1"],"special_seed":0,"relics":["Cracked Core","Tiny Chest","Bag of Marbles","Meat on the Bone","Calipers","Ectoplasm","Gambling Chip","Anchor","Art of War","Mummified Hand","Emotion Chip","Letter Opener","Fusion Hammer","Du-Vu Doll","Blood Vial","Kunai","Dodecahedron","The Courier","Omamori"],"potions_floor_usage":[],"damage_taken":[{"damage":5.0,"enemies":"Small Slimes","floor":1.0,"turns":4.0},{"damage":1.0,"enemies":"2 Louse","floor":4.0,"turns":3.0},{"damage":0.0,"enemies":"Cultist","floor":5.0,"turns":3.0},{"damage":23.0,"enemies":"Gremlin Nob","floor":7.0,"turns":4.0},{"damage":13.0,"enemies":"Exordium Thugs","floor":11.0,"turns":2.0},{"damage":8.0,"enemies":"Looter","floor":14.0,"turns":2.0},{"damage":34.0,"enemies":"Hexaghost","floor":16.0,"turns":11.0},{"damage":0.0,"enemies":"Chosen","floor":18.0,"turns":5.0},{"damage":0.0,"enemies":"Spheric Guardian","floor":19.0,"turns":3.0},{"damage":3.0,"enemies":"Centurion and Healer","floor":21.0,"turns":3.0},{"damage":22.0,"enemies":"Shelled Parasite and Fungi","floor":22.0,"turns":4.0},{"damage":10.0,"enemies":"Book of Stabbing","floor":23.0,"turns":5.0},{"damage":0.0,"enemies":"Snecko","floor":24.0,"turns":3.0},{"damage":10.0,"enemies":"Snake Plant","floor":27.0,"turns":4.0},{"damage":5.0,"enemies":"Slavers","floor":28.0,"turns":3.0},{"damage":0.0,"enemies":"Colosseum Slavers","floor":31.0,"turns":2.0},{"damage":0.0,"enemies":"Colosseum Nobs","floor":31.0,"turns":3.0},{"damage":14.0,"enemies":"Collector","floor":33.0,"turns":8.0},{"damage":0.0,"enemies":"Orb Walker","floor":35.0,"turns":3.0},{"damage":0.0,"enemies":"3 Shapes","floor":37.0,"turns":2.0},{"damage":3.0,"enemies":"Nemesis","floor":40.0,"turns":7.0},{"damage":0.0,"enemies":"Giant Head","floor":42.0,"turns":7.0},{"damage":12.0,"enemies":"Reptomancer","floor":44.0,"turns":4.0},{"damage":0.0,"enemies":"Writhing Mass","floor":45.0,"turns":6.0},{"damage":0,"enemies":"Sphere and 2 Shapes","floor":46,"turns":4},{"damage":9,"enemies":"3 Darklings","floor":47,"turns":3},{"damage":2,"enemies":"Maw","floor":48,"turns":3},{"damage":18,"enemies":"Donu and Deca","floor":50,"turns":4},{"damage":4,"enemies":"Awakened One","floor":51,"turns":13}],"seed_played":"-2522421442120265072","potions_obtained":[{"floor":4.0,"key":"Fire Potion"},{"floor":7.0,"key":"GamblersBrew"},{"floor":11.0,"key":"AttackPotion"},{"floor":16.0,"key":"Fire Potion"},{"floor":18.0,"key":"Energy Potion"},{"floor":31.0,"key":"Dexterity Potion"},{"floor":33.0,"key":"PowerPotion"},{"floor":44.0,"key":"Weak Potion"}],"is_trial":false,"path_per_floor":["M","$","?","M","M","R","E","R","T","?","M","?","R","M","R","B",null,"M","M","$","M","M","E","M","R","T","M","E","R","T","?","R","B",null,"M","?","M","T","T","E","R","E","T","E","M","M","M","M","R","B","B",null],"character_chosen":"DEFECT","items_purchased":["Tiny Chest","Rip and Tear","Static Discharge","Finesse"],"campfire_rested":3,"item_purchase_floors":[2,2,20,20],"current_hp_per_floor":[59,59,38,37,37,37,14,14,14,14,13,13,34,38,38,16,57,57,57,57,54,44,46,46,46,46,36,43,43,43,43,43,41,64,64,71,71,71,71,68,71,71,71,59,61,63,56,56,71,53,51],"gold":28,"neow_bonus":"HUNDRED_GOLD","is_prod":false,"is_daily":false,"chose_seed":false,"campfire_upgraded":6,"win_rate":0,"timestamp":1563626060,"path_taken":["M","$","?","M","M","R","E","R","T","?","M","?","R","?","R","BOSS","M","M","$","M","M","E","M","R","T","M","E","R","?","?","R","BOSS","M","?","M","?","?","E","R","E","T","E","M","M","M","M","R","BOSS","BOSS"],"build_version":"2019-07-17","purchased_purges":1,"victory":true,"max_hp_per_floor":[71,71,71,71,71,71,71,71,71,71,71,71,71,71,71,71,71,71,71,71,71,71,71,71,71,71,71,71,71,71,71,71,71,71,71,71,71,71,71,71,71,71,71,71,71,71,71,71,71,71,71],"card_choices":[{"not_picked":["Stack","Barrage"],"picked":"Genetic Algorithm","floor":1.0},{"not_picked":["Coolheaded","Leap"],"picked":"Go for the Eyes","floor":4.0},{"not_picked":["Steam","Buffer"],"picked":"Glacier","floor":5.0},{"not_picked":["Steam","Rip and Tear"],"picked":"Electrodynamics","floor":7.0},{"not_picked":["Recycle","Steam"],"picked":"Redo","floor":11.0},{"not_picked":["Force Field","Gash"],"picked":"Ball Lightning","floor":14.0},{"not_picked":["Machine Learning","Amplify"],"picked":"Echo Form","floor":16.0},{"not_picked":["Streamline","Rebound"],"picked":"Hologram+1","floor":18.0},{"not_picked":["Coolheaded","Turbo"],"picked":"Go for the Eyes+1","floor":19.0},{"not_picked":["Leap","Steam+1"],"picked":"Tempest","floor":21.0},{"not_picked":["Cold Snap+1","Heatsinks"],"picked":"Echo Form","floor":22.0},{"not_picked":["Storm","Rip and Tear+1","Beam Cell+1"],"picked":"SKIP","floor":23.0},{"not_picked":["Steam","Consume"],"picked":"Hologram+1","floor":24.0},{"not_picked":["Turbo","Conserve Battery","Heatsinks+1"],"picked":"SKIP","floor":27.0},{"not_picked":["Electrodynamics","Double Energy","Beam Cell"],"picked":"SKIP","floor":28.0},{"not_picked":["All For One","Multi-Cast"],"picked":"Thunder Strike","floor":33.0},{"not_picked":["Compile Driver","Rebound","Blizzard"],"picked":"SKIP","floor":35.0},{"not_picked":["FTL","Stack","Sunder"],"picked":"SKIP","floor":37.0},{"not_picked":["Reprogram","Hologram+1"],"picked":"Loop+1","floor":40.0},{"not_picked":["Chaos","Go for the Eyes","Reprogram"],"picked":"SKIP","floor":42.0},{"not_picked":["Compile Driver","Rebound"],"picked":"Force Field","floor":44.0},{"not_picked":["Beam Cell","Reboot"],"picked":"Loop+1","floor":45},{"not_picked":["Cold Snap","Undo"],"picked":"Defragment","floor":46},{"not_picked":["Leap","Doom and Gloom"],"picked":"Storm+1","floor":47},{"not_picked":["Go for the Eyes","Rebound","Steam"],"picked":"SKIP","floor":48}],"player_experience":631392,"relics_obtained":[{"floor":7.0,"key":"Bag of Marbles"},{"floor":9.0,"key":"Meat on the Bone"},{"floor":23.0,"key":"Gambling Chip"},{"floor":26.0,"key":"Anchor"},{"floor":28.0,"key":"Art of War"},{"floor":30.0,"key":"Mummified Hand"},{"floor":31.0,"key":"Emotion Chip"},{"floor":31.0,"key":"Letter Opener"},{"floor":38.0,"key":"Du-Vu Doll"},{"floor":39.0,"key":"Blood Vial"},{"floor":40.0,"key":"Kunai"},{"floor":42.0,"key":"Dodecahedron"},{"floor":43.0,"key":"The Courier"},{"floor":44.0,"key":"Omamori"}],"event_choices":[{"damage_healed":0.0,"max_hp_gain":0.0,"max_hp_loss":0.0,"gold_gain":0.0,"event_name":"Shining Light","player_choice":"Entered Light","floor":3.0,"gold_loss":0.0,"damage_taken":21.0,"cards_upgraded":["Strike_B","Dualcast"]},{"damage_healed":0.0,"max_hp_gain":0.0,"max_hp_loss":0.0,"gold_gain":0.0,"event_name":"Living Wall","player_choice":"Grow","floor":10.0,"gold_loss":0.0,"damage_taken":0.0,"cards_upgraded":["Zap"]},{"damage_healed":0.0,"max_hp_gain":0.0,"max_hp_loss":0.0,"gold_gain":0.0,"event_name":"WeMeetAgain","player_choice":"Gave Potion","floor":12.0,"gold_loss":0.0,"damage_taken":0.0,"relics_obtained":["Calipers"]},{"damage_healed":0.0,"max_hp_gain":0.0,"max_hp_loss":0.0,"gold_gain":0.0,"event_name":"Colosseum","player_choice":"Fight","floor":31.0,"gold_loss":0.0,"damage_taken":0.0},{"damage_healed":0.0,"max_hp_gain":0.0,"max_hp_loss":0.0,"gold_gain":0.0,"event_name":"Colosseum","player_choice":"Fought Nobs","floor":31.0,"gold_loss":0.0,"damage_taken":0.0},{"damage_healed":14.0,"max_hp_gain":0.0,"max_hp_loss":0.0,"gold_gain":0.0,"event_name":"Winding Halls","player_choice":"Writhe","floor":36.0,"gold_loss":0.0,"damage_taken":0.0,"cards_obtained":["Writhe"]}],"is_beta":false,"boss_relics":[{"not_picked":["Black Star","Coffee Dripper"],"picked":"Ectoplasm"},{"not_picked":["Pandora\u0027s Box","Velvet Choker"],"picked":"Fusion Hammer"}],"items_purged_floors":[20],"is_endless":false,"potions_floor_spawned":[4,7,11,16,18,19,22,23,27,31,33,42,44,45,46,47],"ascension_level":20}