{"gold_per_floor":[111,131,141,160,160,160,191,191,191,191,205,234,257,283,283,384,384,397,397,270,270,287,320,320,355,355,454,466,476,476,508,508,603,603,615,615,629,293,293,293,324,334,334,51,0,0,19,19,19,19],"floor_reached":51,"playtime":3834,"items_purged":["Strike_R","Strike_R","Strike_R"],"score":970,"play_id":"288edd52-a50b-484b-9f0a-ccdeee5762ba","local_time":"20190709002613","is_ascension_mode":true,"campfire_choices":[{"data":"Inflame","floor":6,"key":"SMITH"},{"data":"Heavy Blade","floor":8,"key":"SMITH"},{"data":"Bash","floor":10,"key":"SMITH"},{"data":"Flex","floor":15,"key":"SMITH"},{"data":"1","floor":24,"key":"LIFT"},{"data":"2","floor":30,"key":"LIFT"},{"data":"3","floor":32,"key":"LIFT"},{"data":"Disarm","floor":40,"key":"SMITH"},{"data":"Berserk","floor":49,"key":"SMITH"}],"neow_cost":"NONE","seed_source_timestamp":380043689440668,"circlet_count":0,"master_deck":["Strike_R","Defend_R","Defend_R+1","Defend_R","Defend_R","Bash+1","Inflame+1","Thunderclap","Iron Wave","Whirlwind+1","Clash","Heavy Blade+1","Rupture","Infernal Blade+1","True Grit","Flex+1","Immolate","Shockwave","Clash+1","Combust+1","Clothesline+1","Shrug It Off+1","Limit Break","Reaper","True Grit+1","Limit Break","Disarm+1","Battle Trance+1","Headbutt+1","Berserk+1"],"relics":["Burning Blood","Bottled Tornado","Pantograph","War Paint","Odd Mushroom","Question Card","Black Star","Girya","Juzu Bracelet","Ornamental Fan","Lantern","Gremlin Horn","Sundial","Smiling Mask","Velvet Choker","Gambling Chip","Bottled Lightning","PreservedInsect","Nunchaku","Meat on the Bone","Red Mask"],"potions_floor_usage":[7,7,7,7,12,14,14,18,25,29,29,50],"damage_taken":[{"damage":14,"enemies":"Jaw Worm","floor":1,"turns":5},{"damage":7,"enemies":"Small Slimes","floor":2,"turns":4},{"damage":0,"enemies":"2 Louse","floor":3,"turns":2},{"damage":16,"enemies":"Blue Slaver","floor":4,"turns":3},{"damage":15,"enemies":"3 Sentries","floor":7,"turns":5},{"damage":0,"enemies":"Gremlin Gang","floor":11,"turns":3},{"damage":18,"enemies":"Lagavulin","floor":12,"turns":5},{"damage":4,"enemies":"The Mushroom Lair","floor":13,"turns":3},{"damage":10,"enemies":"3 Sentries","floor":14,"turns":7},{"damage":0,"enemies":"Slime Boss","floor":16,"turns":5},{"damage":1,"enemies":"Spheric Guardian","floor":18,"turns":3},{"damage":22,"enemies":"3 Byrds","floor":22,"turns":4},{"damage":18,"enemies":"Gremlin Leader","floor":23,"turns":3},{"damage":30,"enemies":"Book of Stabbing","floor":25,"turns":4},{"damage":0,"enemies":"Snecko","floor":28,"turns":2},{"damage":0,"enemies":"Snake Plant","floor":29,"turns":2},{"damage":6,"enemies":"Gremlin Leader","floor":31,"turns":3},{"damage":42,"enemies":"Collector","floor":33,"turns":6},{"damage":3,"enemies":"Orb Walker","floor":35,"turns":2},{"damage":4,"enemies":"3 Shapes","floor":37,"turns":2},{"damage":27,"enemies":"Nemesis","floor":41,"turns":7},{"damage":3,"enemies":"Transient","floor":42,"turns":5},{"damage":8,"enemies":"Jaw Worm Horde","floor":47,"turns":2},{"damage":49,"enemies":"Awakened One","floor":50,"turns":7}],"seed_played":"-4110016710517217795","potions_obtained":[{"floor":0,"key":"SkillPotion"},{"floor":0,"key":"EntropicBrew"},{"floor":0,"key":"Block Potion"},{"floor":7,"key":"Regen Potion"},{"floor":12,"key":"Swift Potion"},{"floor":14,"key":"PowerPotion"},{"floor":22,"key":"Explosive Potion"},{"floor":23,"key":"Weak Potion"},{"floor":33,"key":"Energy Potion"},{"floor":37,"key":"Explosive Potion"},{"floor":47,"key":"BloodPotion"}],"is_trial":false,"path_per_floor":["M","M","M","M","?","R","E","R","T","R","M","E","?","E","R","B",null,"M","?","$","?","M","E","R","E","T","?","M","M","R","E","R","B",null,"M","?","M","$","T","R","E","M","T","$","?","$","M","?","R","B",null],"character_chosen":"IRONCLAD","items_purchased":["Explosive Potion","Gambling Chip","Berserk","BloodPotion"],"campfire_rested":0,"item_purchase_floors":[20,38,44,44],"current_hp_per_floor":[72,71,77,67,67,67,58,58,58,58,64,52,54,65,65,80,80,80,80,80,80,64,52,52,28,28,28,34,40,40,40,40,29,67,80,80,80,80,80,80,77,80,80,80,80,80,78,78,78,80],"gold":19,"neow_bonus":"THREE_SMALL_POTIONS","is_prod":false,"is_daily":false,"chose_seed":false,"campfire_upgraded":6,"win_rate":0,"timestamp":1562603173,"path_taken":["M","M","M","M","?","R","E","R","T","R","M","E","?","E","R","BOSS","M","?","$","?","M","E","R","E","T","?","M","M","R","E","R","BOSS","M","?","M","$","?","R","E","M","T","$","?","?","M","?","R","BOSS"],"build_version":"2019-07-05","purchased_purges":3,"victory":true,"max_hp_per_floor":[80,80,80,80,80,80,80,80,80,80,80,80,80,80,80,80,80,80,80,80,80,80,80,80,80,80,80,80,80,80,80,80,80,80,80,80,80,80,80,80,80,80,80,80,80,80,80,80,80,80],"card_choices":[{"not_picked":["Burning Pact","Corruption"],"picked":"Inflame","floor":1},{"not_picked":["Rage","Perfected Strike"],"picked":"Thunderclap","floor":2},{"not_picked":["Entrench","Sword Boomerang"],"picked":"Iron Wave","floor":3},{"not_picked":["Searing Blow","Shrug It Off"],"picked":"Whirlwind","floor":4},{"not_picked":["Dark Embrace","Warcry"],"picked":"Heavy Blade","floor":7},{"not_picked":["Corruption","Second Wind"],"picked":"Rupture","floor":11},{"not_picked":["Thunderclap","Exhume"],"picked":"Infernal Blade","floor":12},{"not_picked":["Sword Boomerang","Shrug It Off"],"picked":"True Grit","floor":13},{"not_picked":["Wild Strike","Clash"],"picked":"Flex","floor":14},{"not_picked":["Dark Embrace","Impervious","Barricade"],"picked":"Immolate","floor":16},{"not_picked":["Armaments","Thunderclap+1","Whirlwind"],"picked":"Shockwave","floor":18},{"not_picked":["Hemokinesis","Shockwave","Pommel Strike"],"picked":"Clash+1","floor":22},{"not_picked":["Entrench+1","Exhume","Anger"],"picked":"Combust+1","floor":23},{"not_picked":["Warcry","Rampage+1","Sword Boomerang+1"],"picked":"Clothesline+1","floor":25},{"not_picked":["Blood for Blood+1","Headbutt+1","Uppercut"],"picked":"Shrug It Off+1","floor":28},{"not_picked":["Infernal Blade","Uppercut","Rampage","Whirlwind+1"],"picked":"SKIP","floor":29},{"not_picked":["Power Through","Disarm","Corruption"],"picked":"Limit Break","floor":31},{"not_picked":["Limit Break","Impervious","Demon Form"],"picked":"Reaper","floor":33},{"not_picked":["Headbutt","Iron Wave","Sword Boomerang"],"picked":"True Grit+1","floor":35},{"not_picked":["Body Slam","Headbutt+1","Juggernaut"],"picked":"Disarm","floor":37},{"not_picked":["Anger","Havoc","Power Through"],"picked":"Battle Trance+1","floor":41},{"not_picked":["Metallicize+1","Evolve","Corruption+1"],"picked":"Headbutt+1","floor":42},{"not_picked":["Armaments+1","Sword Boomerang+1","Uppercut+1","Pommel Strike+1"],"picked":"SKIP","floor":47}],"player_experience":238446,"relics_obtained":[{"floor":7,"key":"Bottled Tornado"},{"floor":9,"key":"Pantograph"},{"floor":12,"key":"War Paint"},{"floor":13,"key":"Odd Mushroom"},{"floor":14,"key":"Question Card"},{"floor":23,"key":"Girya"},{"floor":23,"key":"Juzu Bracelet"},{"floor":25,"key":"Ornamental Fan"},{"floor":25,"key":"Lantern"},{"floor":26,"key":"Gremlin Horn"},{"floor":31,"key":"Sundial"},{"floor":31,"key":"Smiling Mask"},{"floor":39,"key":"Bottled Lightning"},{"floor":41,"key":"PreservedInsect"},{"floor":41,"key":"Nunchaku"},{"floor":43,"key":"Meat on the Bone"}],"event_choices":[{"damage_healed":0,"gold_gain":0,"cards_transformed":["Strike_R"],"player_choice":"Change","damage_taken":0,"max_hp_gain":0,"max_hp_loss":0,"event_name":"Living Wall","floor":5,"gold_loss":0,"cards_obtained":["Clash"]},{"damage_healed":0,"gold_gain":0,"player_choice":"Fought Mushrooms","damage_taken":0,"max_hp_gain":0,"max_hp_loss":0,"event_name":"Mushrooms","floor":13,"gold_loss":0},{"damage_healed":0,"gold_gain":0,"player_choice":"Ignored","damage_taken":0,"max_hp_gain":0,"max_hp_loss":0,"event_name":"Ghosts","floor":19,"gold_loss":0},{"damage_healed":0,"gold_gain":0,"player_choice":"Forge","damage_taken":0,"max_hp_gain":0,"max_hp_loss":0,"event_name":"Accursed Blacksmith","floor":21,"gold_loss":0,"cards_upgraded":["Whirlwind"]},{"damage_healed":0,"gold_gain":99,"player_choice":"Stole From Cult","damage_taken":0,"max_hp_gain":0,"max_hp_loss":0,"event_name":"Nest","floor":27,"gold_loss":0},{"damage_healed":0,"gold_gain":0,"player_choice":"Copied","damage_taken":0,"max_hp_gain":0,"max_hp_loss":0,"event_name":"Duplicator","floor":36,"gold_loss":0,"cards_obtained":["Limit Break"]},{"damage_healed":0,"gold_gain":0,"player_choice":"Paid","damage_taken":0,"relics_obtained":["Red Mask"],"max_hp_gain":0,"max_hp_loss":0,"event_name":"Tomb of Lord Red Mask","floor":45,"gold_loss":51},{"damage_healed":0,"gold_gain":0,"player_choice":"Memory 1","damage_taken":0,"max_hp_gain":0,"max_hp_loss":0,"event_name":"SensoryStone","floor":48,"gold_loss":0}],"is_beta":false,"boss_relics":[{"not_picked":["Orrery","Runic Dome"],"picked":"Black Star"},{"not_picked":["Cursed Key","Pandora\u0027s Box"],"picked":"Velvet Choker"}],"items_purged_floors":[20,38,44],"is_endless":false,"potions_floor_spawned":[4,7,11,12,14,22,23,33,37,47],"ascension_level":5}