{"gold_per_floor":[116,41,54,54,67,67,101,101,124,136,42,68,68,88,88,88],"floor_reached":16,"playtime":699,"items_purged":["Clumsy"],"score":180,"play_id":"63b9edc8-f712-450c-8473-e8a0a69608c0","local_time":"20190112125612","is_ascension_mode":true,"campfire_choices":[{"data":"Crippling Poison","floor":6,"key":"SMITH"},{"data":"Survivor","floor":8,"key":"SMITH"},{"floor":15,"key":"REST"}],"neow_cost":"CURSE","seed_source_timestamp":2698967860493,"circlet_count":0,"master_deck":["AscendersBane","Defend_G","Defend_G","Defend_G","Defend_G","Defend_G","Strike_G","Strike_G","Strike_G","Strike_G","Strike_G","Survivor+1","Neutralize+1","After Image","Escape Plan","Crippling Poison+1","Escape Plan","Poisoned Stab","Poisoned Stab"],"relics":["Ring of the Snake","Anchor","Blood Vial","Snake Skull"],"potions_floor_usage":[7,16],"damage_taken":[{"damage":2,"enemies":"Jaw Worm","floor":1,"turns":4},{"damage":2,"enemies":"Cultist","floor":3,"turns":5},{"damage":1,"enemies":"2 Louse","floor":5,"turns":3},{"damage":14,"enemies":"Lagavulin","floor":7,"turns":10},{"damage":9,"enemies":"Lots of Slimes","floor":10,"turns":3},{"damage":0,"enemies":"Looter","floor":14,"turns":4},{"damage":57,"enemies":"Slime Boss","floor":16,"turns":10}],"seed_played":"-8743141710526391097","potions_obtained":[{"floor":1,"key":"EssenceOfSteel"},{"floor":5,"key":"AttackPotion"}],"is_trial":false,"path_per_floor":["M","$","M","?","M","R","E","R","T","M","$","T","$","M","R","B"],"character_chosen":"THE_SILENT","items_purchased":["Escape Plan","Poisoned Stab"],"campfire_rested":1,"item_purchase_floors":[11,11],"current_hp_per_floor":[57,57,55,55,54,54,40,40,40,33,33,33,33,35,54,0],"gold":88,"neow_bonus":"THREE_RARE_CARDS","is_prod":false,"is_daily":false,"chose_seed":false,"campfire_upgraded":2,"win_rate":0,"timestamp":1547258172,"path_taken":["M","$","M","?","M","R","E","R","T","M","$","?","?","?","R","BOSS"],"build_version":"2019-01-10","purchased_purges":1,"victory":false,"max_hp_per_floor":[66,66,66,66,66,66,66,66,66,66,66,66,66,66,66,66],"card_choices":[{"not_picked":["Corpse Explosion","A Thousand Cuts"],"picked":"After Image","floor":0},{"not_picked":["Slice","Poisoned Stab"],"picked":"Escape Plan","floor":1},{"not_picked":["Dodge and Roll","Prepared","Bane"],"picked":"SKIP","floor":3},{"not_picked":["Infinite Blades","Deadly Poison"],"picked":"Crippling Poison","floor":5},{"not_picked":["Prepared","Flying Knee","Outmaneuver"],"picked":"SKIP","floor":7},{"not_picked":["Finisher","Underhanded Strike","Heel Hook"],"picked":"SKIP","floor":10},{"not_picked":["Finisher","Underhanded Strike","Heel Hook"],"picked":"SKIP","floor":10},{"not_picked":["Bane","Masterful Stab"],"picked":"Poisoned Stab","floor":14}],"player_experience":535555,"relics_obtained":[{"floor":7,"key":"Anchor"},{"floor":9,"key":"Blood Vial"},{"floor":12,"key":"Snake Skull"}],"event_choices":[{"damage_healed":0,"gold_gain":0,"player_choice":"Forge","damage_taken":0,"max_hp_gain":0,"max_hp_loss":0,"event_name":"Accursed Blacksmith","floor":4,"gold_loss":0,"cards_upgraded":["Neutralize"]}],"is_beta":false,"boss_relics":[],"items_purged_floors":[2],"is_endless":false,"potions_floor_spawned":[1,5],"killed_by":"Slime Boss","ascension_level":16}