{"gold_per_floor":[114,13,33,49,49,49,79,89,89,115,115,148,148,167,167,265,265,277,292,118,134,152,152,178,178,204,231,231,247,247,264,264,362,362,377,390,404,417,431,431,445,74,74,91,91,91,91,91,91,91,91,91,43,70,70],"floor_reached":55,"playtime":10622,"items_purged":["Strike_G","Strike_G","Strike_G"],"score":997,"play_id":"8de2a74a-f904-4af4-8115-5c9ef085e7ae","local_time":"20190706040534","is_ascension_mode":true,"campfire_choices":[{"data":"Neutralize","floor":6,"key":"SMITH"},{"data":"Adrenaline","floor":13,"key":"SMITH"},{"data":"Dash","floor":15,"key":"SMITH"},{"data":"Cloak And Dagger","floor":23,"key":"SMITH"},{"data":"Blade Dance","floor":25,"key":"SMITH"},{"data":"Blade Dance","floor":28,"key":"SMITH"},{"data":"Finisher","floor":30,"key":"SMITH"},{"data":"Finisher","floor":32,"key":"SMITH"},{"floor":40,"key":"REST"},{"data":"Adrenaline","floor":45,"key":"SMITH"},{"floor":47,"key":"REST"},{"floor":49,"key":"RECALL"},{"data":"PiercingWail","floor":52,"key":"SMITH"}],"neow_cost":"NONE","seed_source_timestamp":127049328550139,"circlet_count":0,"master_deck":["Strike_G","Strike_G","Defend_G","Defend_G","Defend_G","Defend_G","Defend_G","Survivor","Neutralize+1","Flying Knee","Blade Dance+1","Dash+1","Cloak And Dagger+1","Endless Agony","Adrenaline+1","Escape Plan","Cloak And Dagger+1","Footwork+1","A Thousand Cuts+1","Escape Plan","Blade Dance+1","PiercingWail+1","Flying Knee","Finisher+1","Well Laid Plans+1","Finisher+1","Tools of the Trade+1","Concentrate+1","Adrenaline+1","Outmaneuver+1","Blade Dance+1","Acrobatics+1","Underhanded Strike+1","Reflex+1"],"special_seed":0,"relics":["Ring of the Serpent","Question Card","Frozen Egg 2","Ornamental Fan","Orrery","Bottled Flame","Boot","Calipers","Shuriken","Sundial","Tough Bandages"],"potions_floor_usage":[7,10,12,12,24,24,31,31,33,50,50,55,55],"damage_taken":[{"damage":0.0,"enemies":"Cultist","floor":1.0,"turns":5.0},{"damage":3.0,"enemies":"2 Louse","floor":3.0,"turns":4.0},{"damage":0.0,"enemies":"Small Slimes","floor":4.0,"turns":4.0},{"damage":0,"enemies":"3 Sentries","floor":7,"turns":10},{"damage":2,"enemies":"2 Fungi Beasts","floor":8,"turns":3},{"damage":32,"enemies":"Gremlin Nob","floor":10,"turns":6},{"damage":0,"enemies":"Lagavulin","floor":12,"turns":6},{"damage":0,"enemies":"Red Slaver","floor":14,"turns":2},{"damage":0,"enemies":"The Guardian","floor":16,"turns":15},{"damage":0,"enemies":"3 Byrds","floor":18,"turns":6},{"damage":0,"enemies":"Chosen","floor":19,"turns":4},{"damage":0,"enemies":"3 Cultists","floor":21,"turns":4},{"damage":0,"enemies":"Shelled Parasite and Fungi","floor":22,"turns":4},{"damage":4,"enemies":"Slavers","floor":24,"turns":4},{"damage":3,"enemies":"Book of Stabbing","floor":27,"turns":6},{"damage":4,"enemies":"Centurion and Healer","floor":29,"turns":4},{"damage":0,"enemies":"Chosen and Byrds","floor":31,"turns":5},{"damage":32,"enemies":"Collector","floor":33,"turns":9},{"damage":0,"enemies":"3 Darklings","floor":35,"turns":4},{"damage":4,"enemies":"Orb Walker","floor":36,"turns":2},{"damage":36,"enemies":"Spire Growth","floor":37,"turns":5},{"damage":10,"enemies":"Sphere and 2 Shapes","floor":38,"turns":4},{"damage":0,"enemies":"4 Shapes","floor":39,"turns":5},{"damage":9,"enemies":"Spire Growth","floor":41,"turns":4},{"damage":2,"enemies":"Maw","floor":44,"turns":4},{"damage":0,"enemies":"Awakened One","floor":50,"turns":8},{"damage":11,"enemies":"Shield and Spear","floor":54,"turns":5},{"damage":63,"enemies":"The Heart","floor":55,"turns":8}],"seed_played":"-4578481917142588750","potions_obtained":[{"floor":0.0,"key":"LiquidBronze"},{"floor":0.0,"key":"FairyPotion"},{"floor":0.0,"key":"Block Potion"},{"floor":3.0,"key":"Dexterity Potion"},{"floor":8,"key":"GhostInAJar"},{"floor":11,"key":"AttackPotion"},{"floor":11,"key":"SkillPotion"},{"floor":19,"key":"AttackPotion"},{"floor":22,"key":"Swift Potion"},{"floor":24,"key":"SpeedPotion"},{"floor":29,"key":"Explosive Potion"},{"floor":31,"key":"Regen Potion"},{"floor":39,"key":"Block Potion"},{"floor":44,"key":"Dexterity Potion"}],"is_trial":false,"path_per_floor":["M","$","M","M","?","R","E","M","T","E","?","E","R","M","R","B",null,"M","M","$","M","M","R","E","R","T","E","R","M","R","M","R","B",null,"M","M","M","M","M","R","M","$","T","M","R","$","R","?","R","B",null,"R","$","E","B"],"character_chosen":"THE_SILENT","items_purchased":["Blade Dance","Well Laid Plans+1","Shuriken","Dexterity Potion"],"campfire_rested":2,"item_purchase_floors":[2,20,42,53],"current_hp_per_floor":[70,70,67,67,67,67,67,65,65,33,33,33,33,33,33,33,70,70,70,70,70,70,70,66,66,66,63,63,59,59,59,59,42,70,70,66,30,20,20,41,32,32,32,30,30,30,51,51,51,51,70,70,70,59,0],"gold":70,"neow_bonus":"THREE_SMALL_POTIONS","is_prod":false,"is_daily":false,"chose_seed":false,"campfire_upgraded":10,"win_rate":0,"timestamp":1562357134,"path_taken":["M","?","M","M","?","R","E","M","T","E","?","E","R","M","R","BOSS","M","M","$","M","M","R","E","R","T","E","R","M","R","M","R","BOSS","M","?","?","M","M","R","M","?","T","M","R","$","R","?","R","BOSS","R","$","E","BOSS"],"build_version":"2019-07-01","purchased_purges":3,"victory":false,"max_hp_per_floor":[70,70,70,70,70,70,70,70,70,70,70,70,70,70,70,70,70,70,70,70,70,70,70,70,70,70,70,70,70,70,70,70,70,70,70,70,70,70,70,70,70,70,70,70,70,70,70,70,70,70,70,70,70,70,70],"card_choices":[{"not_picked":["Heel Hook","Calculated Gamble"],"picked":"Flying Knee","floor":1.0},{"not_picked":["Choke","Slice"],"picked":"Dash","floor":3.0},{"not_picked":["Slice","Flechettes"],"picked":"Cloak And Dagger","floor":4.0},{"not_picked":["Dagger Spray","Masterful Stab"],"picked":"Endless Agony","floor":7},{"not_picked":["Deflect","Bane","Distraction"],"picked":"Adrenaline","floor":8},{"not_picked":["Skewer","Terror","Outmaneuver"],"picked":"Escape Plan","floor":10},{"not_picked":["Choke","Quick Slash","Terror"],"picked":"Cloak And Dagger","floor":12},{"not_picked":["Concentrate","Well Laid Plans+1","Tactician"],"picked":"Footwork+1","floor":14},{"not_picked":["Unload","Glass Knife","Storm of Steel"],"picked":"A Thousand Cuts+1","floor":16},{"not_picked":["Dagger Throw","Catalyst","PiercingWail"],"picked":"Escape Plan","floor":17},{"not_picked":["Deflect","Endless Agony","Skewer"],"picked":"Blade Dance","floor":17},{"not_picked":["Dagger Throw","Masterful Stab","Terror"],"picked":"PiercingWail","floor":17},{"not_picked":["Night Terror","Dodge and Roll","Calculated Gamble"],"picked":"Flying Knee","floor":17},{"not_picked":["Sucker Punch","Dagger Spray","Underhanded Strike+1"],"picked":"Finisher","floor":18},{"not_picked":["Blur","Poisoned Stab+1","Doppelganger","Deflect"],"picked":"SKIP","floor":19},{"not_picked":["Dagger Spray","Blur+1","Underhanded Strike","Flying Knee"],"picked":"SKIP","floor":21},{"not_picked":["Heel Hook+1","Deflect","Dagger Throw","Poisoned Stab"],"picked":"SKIP","floor":22},{"not_picked":["Distraction+1","Heel Hook","Acrobatics"],"picked":"Finisher","floor":24},{"not_picked":["Expertise+1","Concentrate","Deadly Poison+1","Slice+1"],"picked":"SKIP","floor":27},{"not_picked":["Acrobatics+1","Underhanded Strike","Tactician"],"picked":"Tools of the Trade+1","floor":29},{"not_picked":["Quick Slash+1","Dodge and Roll+1","Masterful Stab"],"picked":"Concentrate+1","floor":31},{"not_picked":["Night Terror","Venomology","Corpse Explosion"],"picked":"Adrenaline","floor":33},{"not_picked":["Endless Agony+1","Sucker Punch","Bouncing Flask+1"],"picked":"Outmaneuver+1","floor":35},{"not_picked":["Dodge and Roll+1","Poisoned Stab","Backflip+1"],"picked":"Blade Dance","floor":36},{"not_picked":["Catalyst","Prepared","Skewer+1","Slice+1"],"picked":"SKIP","floor":37},{"not_picked":["Sucker Punch","Dagger Throw+1","Dagger Spray","Flechettes+1"],"picked":"SKIP","floor":38},{"not_picked":["Setup","Flying Knee","Blur+1","Caltrops+1"],"picked":"SKIP","floor":39},{"not_picked":["Calculated Gamble+1","Masterful Stab+1","Footwork+1"],"picked":"Acrobatics+1","floor":41},{"not_picked":["Expertise","Slice+1","Poisoned Stab+1"],"picked":"Underhanded Strike+1","floor":44},{"not_picked":["Corpse Explosion","Slice+1","Riddle With Holes+1"],"picked":"Reflex+1","floor":54}],"player_experience":190087,"relics_obtained":[{"floor":7,"key":"Question Card"},{"floor":10,"key":"Frozen Egg 2"},{"floor":12,"key":"Ornamental Fan"},{"floor":24,"key":"Bottled Flame"},{"floor":26,"key":"Boot"},{"floor":27,"key":"Calipers"},{"floor":43,"key":"Sundial"},{"floor":54,"key":"Tough Bandages"}],"event_choices":[{"damage_healed":0,"gold_gain":0,"player_choice":"Grow","damage_taken":0,"max_hp_gain":0,"max_hp_loss":0,"event_name":"Living Wall","floor":5,"gold_loss":0,"cards_upgraded":["Cloak And Dagger"]},{"damage_healed":0,"gold_gain":0,"player_choice":"Got Potions","damage_taken":0,"max_hp_gain":0,"max_hp_loss":0,"event_name":"Lab","floor":11,"gold_loss":0},{"damage_healed":0,"gold_gain":0,"player_choice":"Upgraded","damage_taken":0,"max_hp_gain":0,"max_hp_loss":0,"event_name":"Upgrade Shrine","floor":48,"gold_loss":0,"cards_upgraded":["Blade Dance"]}],"is_beta":false,"boss_relics":[{"not_picked":["Coffee Dripper","Tiny House"],"picked":"Orrery"},{"not_picked":["Astrolabe","Black Star"],"picked":"Ring of the Serpent"}],"items_purged_floors":[2,20,42],"is_endless":false,"potions_floor_spawned":[1,3,8,19,22,24,29,31,39,44],"killed_by":"The Heart","ascension_level":4}