{"gold_per_floor":[115,129,129,148,166,166,192,192,266,266,284,284,348,395,407,514,526,555,482,419,450,462,474,516,546,584,625,652,664,676,702,714,726],"floor_reached":33,"playtime":2668,"items_purged":[],"score":409,"play_id":"25a40b7b-5fa8-48fa-9a06-3b95567c3171","local_time":"20190719233400","is_ascension_mode":true,"campfire_choices":[{"data":"Uppercut","floor":6,"key":"SMITH"},{"data":"Bash","floor":8,"key":"SMITH"},{"data":"Battle Trance","floor":10,"key":"SMITH"},{"data":"Strike_R","floor":12,"key":"PURGE"},{"data":"Defend_R","floor":15,"key":"PURGE"},{"data":"Feed","floor":23,"key":"SMITH"},{"data":"Dark Embrace","floor":29,"key":"SMITH"},{"floor":32,"key":"REST"}],"neow_cost":"NONE","seed_source_timestamp":25533763472562,"circlet_count":0,"master_deck":["Strike_R","Strike_R","Defend_R","Defend_R","Defend_R","Bash+1","Hemokinesis","Wild Strike","Uppercut+1","Battle Trance+1","Power Through","Dropkick","Evolve","Feed+1","Warcry+1","Corruption+1","Sentinel+1","Dark Embrace+1","True Grit+1","Warcry"],"relics":["Burning Blood","Potion Belt","Peace Pipe","Self Forming Clay","MawBank","Lantern","Runic Cube","Bronze Scales","Girya","Anchor","Juzu Bracelet","StoneCalendar"],"potions_floor_usage":[7,16,16,16,21,24,28],"damage_taken":[{"damage":1,"enemies":"Cultist","floor":1,"turns":3},{"damage":4,"enemies":"Jaw Worm","floor":2,"turns":4},{"damage":3,"enemies":"Small Slimes","floor":4,"turns":3},{"damage":12,"enemies":"Blue Slaver","floor":5,"turns":2},{"damage":23,"enemies":"3 Sentries","floor":7,"turns":8},{"damage":9,"enemies":"Exordium Thugs","floor":11,"turns":4},{"damage":29,"enemies":"Gremlin Nob","floor":13,"turns":4},{"damage":13,"enemies":"Gremlin Nob","floor":14,"turns":4},{"damage":11,"enemies":"The Guardian","floor":16,"turns":11},{"damage":9,"enemies":"3 Byrds","floor":18,"turns":7},{"damage":14,"enemies":"2 Thieves","floor":21,"turns":3},{"damage":13,"enemies":"Slavers","floor":24,"turns":3},{"damage":18,"enemies":"Snake Plant","floor":25,"turns":3},{"damage":30,"enemies":"Book of Stabbing","floor":27,"turns":5},{"damage":18,"enemies":"Snecko","floor":28,"turns":4},{"damage":15,"enemies":"Centurion and Healer","floor":31,"turns":5},{"damage":41,"enemies":"Champ","floor":33,"turns":6}],"seed_played":"7797584127084030252","potions_obtained":[{"floor":4,"key":"Strength Potion"},{"floor":7,"key":"Dexterity Potion"},{"floor":11,"key":"EntropicBrew"},{"floor":16,"key":"AttackPotion"},{"floor":24,"key":"FearPotion"},{"floor":27,"key":"SteroidPotion"},{"floor":31,"key":"Ancient Potion"}],"is_trial":false,"path_per_floor":["M","M","?","M","M","R","E","R","T","R","M","R","?","E","R","B",null,"M","?","?","M","?","R","E","M","T","E","M","R","$","M","R","B"],"character_chosen":"IRONCLAD","items_purchased":[],"campfire_rested":1,"item_purchase_floors":[],"current_hp_per_floor":[77,79,72,75,69,69,52,52,52,52,49,49,26,19,19,14,64,61,61,61,56,56,56,53,41,41,21,13,13,13,8,37,0],"gold":726,"neow_bonus":"RANDOM_COMMON_RELIC","is_prod":false,"is_daily":false,"chose_seed":false,"campfire_upgraded":5,"win_rate":0,"timestamp":1563550440,"path_taken":["M","M","?","M","M","R","E","R","T","R","M","R","?","E","R","BOSS","M","?","?","M","?","R","E","M","T","E","M","R","$","M","R","BOSS"],"build_version":"2019-07-17","purchased_purges":0,"victory":false,"max_hp_per_floor":[80,80,80,80,80,80,80,80,80,80,80,80,80,80,80,80,80,80,80,80,83,83,83,87,87,87,91,95,95,95,99,99,99],"card_choices":[{"not_picked":["Wild Strike","Shrug It Off"],"picked":"Hemokinesis","floor":1},{"not_picked":["Headbutt","Pommel Strike"],"picked":"Wild Strike","floor":2},{"not_picked":["Perfected Strike","Exhume"],"picked":"Uppercut","floor":4},{"not_picked":["Body Slam","Burning Pact"],"picked":"Battle Trance","floor":5},{"not_picked":["Blood for Blood","Carnage"],"picked":"Power Through","floor":7},{"not_picked":["Pommel Strike","Shockwave"],"picked":"Dropkick","floor":11},{"not_picked":["Flex","Wild Strike"],"picked":"Evolve","floor":13},{"not_picked":["Sentinel","Havoc","Inflame"],"picked":"SKIP","floor":14},{"not_picked":["Exhume","Bludgeon"],"picked":"Feed","floor":16},{"not_picked":["Clash","Cleave"],"picked":"Warcry+1","floor":18},{"not_picked":["Cleave+1","Clothesline"],"picked":"Corruption+1","floor":21},{"not_picked":["Flex","Anger","Blood for Blood"],"picked":"SKIP","floor":24},{"not_picked":["Entrench","Wild Strike+1"],"picked":"Sentinel+1","floor":25},{"not_picked":["Intimidate+1","Wild Strike"],"picked":"Dark Embrace","floor":27},{"not_picked":["Twin Strike","Armaments"],"picked":"True Grit+1","floor":28},{"not_picked":["Twin Strike","Clash+1"],"picked":"Warcry","floor":31}],"player_experience":257040,"relics_obtained":[{"floor":7,"key":"Peace Pipe"},{"floor":9,"key":"Self Forming Clay"},{"floor":13,"key":"MawBank"},{"floor":14,"key":"Lantern"},{"floor":24,"key":"Anchor"},{"floor":26,"key":"Juzu Bracelet"},{"floor":27,"key":"StoneCalendar"}],"event_choices":[{"cards_removed":["Strike_R"],"damage_healed":0,"gold_gain":0,"player_choice":"Card Removal","damage_taken":7,"max_hp_gain":0,"max_hp_loss":0,"event_name":"Golden Wing","floor":3,"gold_loss":0},{"damage_healed":0,"gold_gain":30,"player_choice":"Searched \u00272\u0027 times","damage_taken":0,"max_hp_gain":0,"max_hp_loss":0,"event_name":"Dead Adventurer","floor":13,"gold_loss":0},{"damage_healed":0,"gold_gain":0,"player_choice":"Obtained Relic","damage_taken":0,"relics_obtained":["Bronze Scales"],"max_hp_gain":0,"max_hp_loss":0,"event_name":"Addict","floor":19,"gold_loss":85},{"cards_removed":["Strike_R"],"damage_healed":0,"gold_gain":0,"player_choice":"Gave Gold","damage_taken":0,"max_hp_gain":0,"max_hp_loss":0,"event_name":"Beggar","floor":20,"gold_loss":75},{"damage_healed":0,"gold_gain":0,"player_choice":"Gave Potion","damage_taken":0,"relics_obtained":["Girya"],"max_hp_gain":0,"max_hp_loss":0,"event_name":"WeMeetAgain","floor":22,"gold_loss":0}],"is_beta":false,"boss_relics":[{"not_picked":["Snecko Eye","Calling Bell"],"picked":"Runic Cube"}],"items_purged_floors":[],"is_endless":false,"potions_floor_spawned":[4,7,11,16,24,27,31],"killed_by":"Champ","ascension_level":6}