{"gold_per_floor":[117,42,192,192,203,236,236,255,255,2,2,36,36,60,60,151,151,175,198,221,121,121,121,154,154,154,154],"floor_reached":27,"playtime":736,"items_purged":["Regret","Normality"],"score":528,"play_id":"49e981d3-a9e9-467d-80d1-ef03a4d15f00","local_time":"20190711224643","is_ascension_mode":true,"campfire_choices":[{"data":"Doom and Gloom","floor":7.0,"key":"SMITH"},{"data":"Darkness","floor":15.0,"key":"SMITH"},{"floor":23.0,"key":"REST"},{"floor":25.0,"key":"REST"}],"neow_cost":"NONE","seed_source_timestamp":140311797492804,"circlet_count":0,"master_deck":["AscendersBane","Strike_B+1","Strike_B+1","Strike_B+1","Defend_B+1","Defend_B+1","Defend_B+1","Defend_B+1","Zap","Dualcast","Doom and Gloom+1","Doubt","Darkness+1","Go for the Eyes","Doom and Gloom","Loop+1","Leap","Melter","Go for the Eyes","Leap","Echo Form","Writhe","Injury","Glacier+1","Redo+1"],"special_seed":0,"relics":["Cracked Core","NeowsBlessing","Cables","Pantograph","Centennial Puzzle","Golden Idol","Boot","Calling Bell","Pen Nib","Mercury Hourglass","WingedGreaves","Question Card","Meat on the Bone"],"potions_floor_usage":[],"damage_taken":[{"damage":0.0,"enemies":"Jaw Worm","floor":1.0,"turns":1.0},{"damage":0.0,"enemies":"Small Slimes","floor":5.0,"turns":1.0},{"damage":0.0,"enemies":"3 Sentries","floor":6.0,"turns":1.0},{"damage":4.0,"enemies":"2 Louse","floor":8.0,"turns":3.0},{"damage":16.0,"enemies":"Lagavulin","floor":12.0,"turns":5.0},{"damage":1.0,"enemies":"2 Fungi Beasts","floor":14.0,"turns":2.0},{"damage":24.0,"enemies":"Slime Boss","floor":16.0,"turns":4.0},{"damage":0.0,"enemies":"Spheric Guardian","floor":18.0,"turns":1.0},{"damage":23.0,"enemies":"2 Thieves","floor":19.0,"turns":4.0},{"damage":29.0,"enemies":"Sentry and Sphere","floor":20.0,"turns":5.0},{"damage":21.0,"enemies":"Book of Stabbing","floor":24.0,"turns":8.0},{"damage":41,"enemies":"Gremlin Leader","floor":27,"turns":6}],"seed_played":"-8529908213293717328","potions_obtained":[{"floor":1.0,"key":"SkillPotion"},{"floor":6.0,"key":"Swift Potion"},{"floor":8.0,"key":"FocusPotion"},{"floor":16.0,"key":"SteroidPotion"},{"floor":24.0,"key":"Ancient Potion"}],"is_trial":false,"path_per_floor":["M","?","?","?","M","E","R","M","T","$","?","E","?","M","R","B",null,"M","M","M","$","?","R","E","R","T","E"],"character_chosen":"DEFECT","items_purchased":["Loop","Leap","Melter"],"campfire_rested":2,"item_purchase_floors":[10,10,10],"current_hp_per_floor":[64,64,64,64,64,64,64,60,60,60,36,20,20,19,19,20,58,58,35,6,6,6,27,6,27,27,0],"gold":154,"neow_bonus":"THREE_ENEMY_KILL","is_prod":false,"is_daily":false,"chose_seed":false,"campfire_upgraded":2,"win_rate":0,"timestamp":1562878003,"path_taken":["M","?","?","?","M","E","R","?","T","$","?","E","?","M","R","BOSS","M","M","M","$","?","R","E","R","T","E"],"build_version":"2019-07-05","purchased_purges":2,"victory":false,"max_hp_per_floor":[71,71,71,71,71,71,71,71,71,71,71,71,71,71,71,71,71,71,71,71,71,71,71,71,71,71,71],"card_choices":[{"not_picked":["Aggregate","Blizzard"],"picked":"Doom and Gloom","floor":1.0},{"not_picked":["Gash","Steam"],"picked":"Darkness","floor":5.0},{"not_picked":["Redo","Sweeping Beam"],"picked":"Go for the Eyes","floor":6.0},{"not_picked":["Hologram","Leap"],"picked":"Doom and Gloom","floor":8.0},{"not_picked":["Double Energy","Skim"],"picked":"Go for the Eyes","floor":12.0},{"not_picked":["Redo","Aggregate"],"picked":"Leap","floor":14.0},{"not_picked":["Hyperbeam","Biased Cognition"],"picked":"Echo Form","floor":16.0},{"not_picked":["Sunder","Coolheaded","Barrage"],"picked":"SKIP","floor":18.0},{"not_picked":["Doom and Gloom","Streamline"],"picked":"Glacier+1","floor":19.0},{"not_picked":["Conserve Battery","Compile Driver","Cold Snap"],"picked":"SKIP","floor":20.0},{"not_picked":["Turbo","Steam"],"picked":"Redo+1","floor":24.0}],"player_experience":618589,"relics_obtained":[{"floor":6.0,"key":"Pantograph"},{"floor":9.0,"key":"Centennial Puzzle"},{"floor":12.0,"key":"Boot"},{"floor":17.0,"key":"Pen Nib"},{"floor":17.0,"key":"Mercury Hourglass"},{"floor":17.0,"key":"WingedGreaves"},{"floor":24.0,"key":"Question Card"},{"floor":26.0,"key":"Meat on the Bone"}],"event_choices":[{"cards_removed":["Strike_B"],"damage_healed":0.0,"max_hp_gain":0.0,"max_hp_loss":0.0,"gold_gain":0.0,"event_name":"The Cleric","player_choice":"Card Removal","floor":2.0,"gold_loss":75.0,"damage_taken":0.0},{"damage_healed":0.0,"max_hp_gain":0.0,"max_hp_loss":0.0,"gold_gain":150.0,"event_name":"Liars Game","player_choice":"AGREE","floor":3.0,"gold_loss":0.0,"damage_taken":0.0,"cards_obtained":["Doubt"]},{"damage_healed":0.0,"max_hp_gain":0.0,"max_hp_loss":0.0,"gold_gain":0.0,"event_name":"Big Fish","player_choice":"Box","floor":4.0,"gold_loss":0.0,"damage_taken":0.0,"relics_obtained":["Cables"],"cards_obtained":["Regret"]},{"damage_healed":0.0,"max_hp_gain":0.0,"max_hp_loss":0.0,"gold_gain":0.0,"event_name":"Golden Idol","player_choice":"Take Damage","floor":11.0,"gold_loss":0.0,"damage_taken":24.0,"relics_obtained":["Golden Idol"]},{"damage_healed":0.0,"max_hp_gain":0.0,"max_hp_loss":0.0,"gold_gain":0.0,"event_name":"Living Wall","player_choice":"Grow","floor":13.0,"gold_loss":0.0,"damage_taken":0.0,"cards_upgraded":["Loop"]},{"damage_healed":0.0,"max_hp_gain":0.0,"max_hp_loss":0.0,"gold_gain":0.0,"event_name":"Back to Basics","player_choice":"Simplicity","floor":22.0,"gold_loss":0.0,"damage_taken":0.0,"cards_upgraded":["Strike_B","Strike_B","Strike_B","Defend_B","Defend_B","Defend_B","Defend_B"]}],"is_beta":false,"boss_relics":[{"not_picked":["Tiny House","Black Star"],"picked":"Calling Bell"}],"items_purged_floors":[10,21],"is_endless":false,"potions_floor_spawned":[1,6,8,16,24],"killed_by":"Gremlin Leader","ascension_level":20}