{"gold_per_floor":[113,123,123,142,20,20,20,20,43,43,56,66,81,81,81,177,177,192,212,212,231,231,231,251,270,270,270,280,306,328,355,367,379],"floor_reached":33,"playtime":2161,"items_purged":[],"score":243,"play_id":"22097284-2cbb-4e69-a27a-4c26a28af223","local_time":"20190710110704","is_ascension_mode":false,"campfire_choices":[{"floor":6,"key":"REST"},{"data":"Deadly Poison","floor":8,"key":"SMITH"},{"data":"Dagger Spray","floor":10,"key":"SMITH"},{"floor":15,"key":"REST"},{"floor":23,"key":"REST"},{"floor":27,"key":"REST"},{"floor":32,"key":"REST"}],"neow_cost":"NONE","seed_source_timestamp":238787596156,"circlet_count":0,"master_deck":["Strike_G","Strike_G","Strike_G","Strike_G","Strike_G","Defend_G","Defend_G","Defend_G","Defend_G","Defend_G","Survivor","Neutralize","Deadly Poison+1","Backstab","Dagger Spray+1","Poisoned Stab+1","Caltrops","Footwork","Cloak And Dagger","PiercingWail","After Image","Cloak And Dagger","Poisoned Stab","Bane","Quick Slash+1","Deflect","Catalyst","Poisoned Stab","Deadly Poison"],"relics":["Ring of the Serpent","Omamori","Shuriken","MutagenicStrength","Bottled Lightning","MawBank"],"potions_floor_usage":[16,21,28,31,33],"damage_taken":[{"damage":0,"enemies":"Cultist","floor":1,"turns":3},{"damage":4,"enemies":"2 Louse","floor":2,"turns":4},{"damage":0,"enemies":"Small Slimes","floor":4,"turns":2},{"damage":0,"enemies":"Gremlin Gang","floor":11,"turns":2},{"damage":3,"enemies":"Large Slime","floor":12,"turns":5},{"damage":8,"enemies":"Lots of Slimes","floor":13,"turns":3},{"damage":19,"enemies":"Slime Boss","floor":16,"turns":8},{"damage":0,"enemies":"3 Byrds","floor":18,"turns":5},{"damage":43,"enemies":"2 Thieves","floor":19,"turns":4},{"damage":20,"enemies":"Centurion and Healer","floor":21,"turns":6},{"damage":14,"enemies":"Cultist and Chosen","floor":24,"turns":7},{"damage":0,"enemies":"Chosen and Byrds","floor":25,"turns":6},{"damage":10,"enemies":"Snake Plant","floor":28,"turns":5},{"damage":10,"enemies":"Centurion and Healer","floor":30,"turns":6},{"damage":15,"enemies":"Snecko","floor":31,"turns":5},{"damage":36,"enemies":"Automaton","floor":33,"turns":6}],"seed_played":"7528517762354118537","potions_obtained":[{"floor":2,"key":"SpeedPotion"},{"floor":4,"key":"Block Potion"},{"floor":12,"key":"Dexterity Potion"},{"floor":16,"key":"Poison Potion"},{"floor":21,"key":"LiquidBronze"},{"floor":25,"key":"GamblersBrew"},{"floor":28,"key":"AttackPotion"},{"floor":30,"key":"Poison Potion"},{"floor":31,"key":"Explosive Potion"}],"is_trial":false,"path_per_floor":["M","M","?","M","$","R","?","R","T","R","M","M","M","?","R","B",null,"M","M","?","M","?","R","M","M","T","R","M","T","M","M","R","B"],"character_chosen":"THE_SILENT","items_purchased":["Poisoned Stab","Caltrops"],"campfire_rested":5,"item_purchase_floors":[5,5],"current_hp_per_floor":[77,73,66,66,66,77,77,77,77,77,77,74,66,66,77,58,77,77,34,34,14,14,37,23,23,23,46,36,36,26,11,34,0],"gold":379,"neow_bonus":"TEN_PERCENT_HP_BONUS","is_prod":false,"is_daily":false,"chose_seed":false,"campfire_upgraded":2,"win_rate":0.0,"timestamp":1562771224,"path_taken":["M","?","?","M","$","R","?","R","T","R","M","?","M","?","R","BOSS","M","?","?","M","?","R","M","M","T","R","M","?","M","M","R","BOSS"],"build_version":"2019-07-05","purchased_purges":0,"victory":false,"max_hp_per_floor":[77,77,77,77,77,77,77,77,77,77,77,77,77,77,77,77,77,77,77,77,77,77,77,77,77,77,77,77,77,77,77,77,77],"card_choices":[{"not_picked":["Heel Hook","Calculated Gamble"],"picked":"Deadly Poison","floor":1},{"not_picked":["Tactician","Flying Knee"],"picked":"Backstab","floor":2},{"not_picked":["Reflex","Accuracy"],"picked":"Dagger Spray","floor":4},{"not_picked":["All Out Attack","Masterful Stab"],"picked":"Footwork","floor":11},{"not_picked":["Prepared","Skewer"],"picked":"Cloak And Dagger","floor":12},{"not_picked":["Blade Dance","Prepared"],"picked":"PiercingWail","floor":13},{"not_picked":["Wraith Form v2","Doppelganger"],"picked":"After Image","floor":16},{"not_picked":["Dagger Spray","Sucker Punch"],"picked":"Cloak And Dagger","floor":18},{"not_picked":["Skewer","Caltrops+1"],"picked":"Poisoned Stab","floor":19},{"not_picked":["Skewer+1","Blade Dance"],"picked":"Bane","floor":21},{"not_picked":["Acrobatics+1","Dagger Throw"],"picked":"Quick Slash+1","floor":24},{"not_picked":["Skewer+1","Calculated Gamble"],"picked":"Deflect","floor":25},{"not_picked":["Blur+1","Riddle With Holes"],"picked":"Catalyst","floor":28},{"not_picked":["Sucker Punch","Tactician"],"picked":"Poisoned Stab","floor":30},{"not_picked":["Underhanded Strike","Slice"],"picked":"Deadly Poison","floor":31}],"player_experience":34731,"relics_obtained":[{"floor":9,"key":"Omamori"},{"floor":26,"key":"Bottled Lightning"},{"floor":29,"key":"MawBank"}],"event_choices":[{"damage_healed":0,"gold_gain":0,"player_choice":"Fled","damage_taken":7,"max_hp_gain":0,"max_hp_loss":0,"event_name":"Scrap Ooze","floor":3,"gold_loss":0},{"damage_healed":0,"gold_gain":0,"player_choice":"Upgraded","damage_taken":0,"max_hp_gain":0,"max_hp_loss":0,"event_name":"Upgrade Shrine","floor":7,"gold_loss":0,"cards_upgraded":["Poisoned Stab"]},{"damage_healed":0,"gold_gain":0,"player_choice":"Gave Potion","damage_taken":0,"relics_obtained":["Shuriken"],"max_hp_gain":0,"max_hp_loss":0,"event_name":"WeMeetAgain","floor":14,"gold_loss":0},{"damage_healed":0,"gold_gain":0,"player_choice":"Inject Mutagens","damage_taken":0,"relics_obtained":["MutagenicStrength"],"max_hp_gain":0,"max_hp_loss":0,"event_name":"Drug Dealer","floor":20,"gold_loss":0},{"damage_healed":0,"gold_gain":0,"player_choice":"Ignored","damage_taken":0,"max_hp_gain":0,"max_hp_loss":0,"event_name":"Ghosts","floor":22,"gold_loss":0}],"is_beta":false,"boss_relics":[{"not_picked":["Sozu","WristBlade"],"picked":"Ring of the Serpent"}],"items_purged_floors":[],"is_endless":false,"potions_floor_spawned":[2,4,12,16,21,25,28,30,31],"killed_by":"Automaton","ascension_level":0}