{"gold_per_floor":[118,118,118,131,131,167,167,194,248,267,292,292,34,57,57,181,181,197,197,197,197,78,119,131,143,155,182,194,220,246,173,185,328,340,377,389,98,119,137,137,171,171,171,190,190,14,35,51,51,51,51,51,1,37,37],"floor_reached":55,"playtime":4603,"items_purged":["Biased Cognition","Lockon","Dualcast"],"score":784,"play_id":"8433b657-20b4-4527-9425-e675a413c475","local_time":"20190629235112","is_ascension_mode":true,"campfire_choices":[{"floor":7,"key":"REST"},{"floor":12,"key":"RECALL"},{"floor":15,"key":"REST"},{"floor":28,"key":"REST"},{"data":"Recycle","floor":32,"key":"SMITH"},{"floor":40,"key":"REST"},{"floor":42,"key":"REST"},{"data":"Turbo","floor":45,"key":"SMITH"},{"floor":49,"key":"REST"},{"data":"Hologram","floor":52,"key":"SMITH"}],"neow_cost":"NONE","seed_source_timestamp":557034922683277,"circlet_count":0,"master_deck":["Zap","Chill","All For One","Beam Cell+1","Turbo+1","Gash","Gash","Gash","Echo Form","Recycle+1","Reinforced Body","Hologram+1","Gash","Gash+1","Scrape+1","Hologram","Gash+1","Beam Cell+1","Hologram+1","Scrape+1"],"relics":["Cracked Core","NeowsBlessing","Dream Catcher","Golden Idol","Orichalcum","Blood Vial","Tiny Chest","Shuriken","Pandora\u0027s Box","Smiling Mask","Molten Egg 2","MawBank","Pantograph","Busted Crown","Ornamental Fan","Pear","Gambling Chip","Oddly Smooth Stone"],"potions_floor_usage":[29,33,50,55,55],"damage_taken":[{"damage":0,"enemies":"Jaw Worm","floor":1,"turns":1},{"damage":0,"enemies":"2 Louse","floor":4,"turns":1},{"damage":0,"enemies":"3 Sentries","floor":6,"turns":1},{"damage":0,"enemies":"Small Slimes","floor":10,"turns":3},{"damage":6,"enemies":"Looter","floor":11,"turns":2},{"damage":11,"enemies":"Red Slaver","floor":14,"turns":3},{"damage":32,"enemies":"Hexaghost","floor":16,"turns":6},{"damage":4,"enemies":"Shell Parasite","floor":18,"turns":3},{"damage":23,"enemies":"Book of Stabbing","floor":23,"turns":4},{"damage":0,"enemies":"Chosen","floor":27,"turns":3},{"damage":0,"enemies":"Snake Plant","floor":29,"turns":2},{"damage":0,"enemies":"Snecko","floor":30,"turns":2},{"damage":21,"enemies":"Automaton","floor":33,"turns":5},{"damage":24,"enemies":"3 Shapes","floor":35,"turns":4},{"damage":21,"enemies":"Orb Walker","floor":38,"turns":3},{"damage":0,"enemies":"Maw","floor":39,"turns":4},{"damage":11,"enemies":"Giant Head","floor":41,"turns":5},{"damage":0,"enemies":"Sphere and 2 Shapes","floor":44,"turns":2},{"damage":31,"enemies":"4 Shapes","floor":47,"turns":3},{"damage":0,"enemies":"Maw","floor":48,"turns":3},{"damage":50,"enemies":"Time Eater","floor":50,"turns":5},{"damage":37,"enemies":"Shield and Spear","floor":54,"turns":4},{"damage":75,"enemies":"The Heart","floor":55,"turns":3}],"seed_played":"-8270477471705224782","potions_obtained":[{"floor":1,"key":"Regen Potion"},{"floor":6,"key":"Energy Potion"},{"floor":16,"key":"Ancient Potion"},{"floor":30,"key":"LiquidBronze"},{"floor":35,"key":"Poison Potion"},{"floor":41,"key":"EssenceOfSteel"},{"floor":48,"key":"Swift Potion"}],"is_trial":false,"path_per_floor":["M","?","?","M","?","E","R","T","T","M","M","R","$","M","R","B",null,"M","T","?","T","$","E","$","?","T","M","R","M","M","?","R","B",null,"M","?","$","M","M","R","E","R","T","M","R","$","M","M","R","B",null,"R","$","E","B"],"character_chosen":"DEFECT","items_purchased":["Shuriken","Scrape+1","Ornamental Fan","SteroidPotion","GamblersBrew","SteroidPotion"],"campfire_rested":6,"item_purchase_floors":[13,22,37,46,46,53],"current_hp_per_floor":[75,63,63,63,45,45,67,67,67,69,65,65,65,56,75,43,75,71,71,71,71,71,50,50,50,50,52,74,75,75,75,75,54,75,51,51,51,32,34,56,57,82,82,84,84,84,54,56,81,35,85,85,85,48,0],"gold":37,"neow_bonus":"THREE_ENEMY_KILL","is_prod":false,"is_daily":false,"chose_seed":false,"campfire_upgraded":3,"win_rate":0,"timestamp":1561823472,"path_taken":["M","?","?","M","?","E","R","?","T","M","M","R","$","M","R","BOSS","M","?","?","?","$","E","$","?","T","M","R","M","?","?","R","BOSS","M","?","$","M","M","R","E","R","T","M","R","$","M","M","R","BOSS","R","$","E","BOSS"],"build_version":"2019-01-23","purchased_purges":3,"victory":false,"max_hp_per_floor":[75,75,75,75,75,75,75,75,75,75,75,75,75,75,75,75,75,75,75,75,75,75,75,75,75,75,75,75,75,75,75,75,75,75,75,75,75,75,75,75,85,85,85,85,85,85,85,85,85,85,85,85,85,85,85],"card_choices":[{"not_picked":["Blizzard","Tempest"],"picked":"Chill","floor":1},{"not_picked":["Barrage","Turbo"],"picked":"Beam Cell","floor":4},{"not_picked":["Rainbow","Beam Cell"],"picked":"Turbo","floor":6},{"not_picked":["Streamline","Cold Snap"],"picked":"Gash","floor":10},{"not_picked":["Static Discharge","Go for the Eyes"],"picked":"Gash","floor":11},{"not_picked":["Lockon","Reprogram","Recycle"],"picked":"SKIP","floor":14},{"not_picked":["Leap","Ball Lightning"],"picked":"Gash","floor":15},{"not_picked":["Electrodynamics","Seek"],"picked":"Echo Form","floor":16},{"not_picked":["Cold Snap+1","Compile Driver+1"],"picked":"Gash+1","floor":18},{"not_picked":["Redo","Lockon+1"],"picked":"Hologram","floor":23},{"not_picked":["Barrage+1","Leap","Echo Form"],"picked":"SKIP","floor":27},{"not_picked":["Defragment","Steam"],"picked":"Gash+1","floor":29},{"not_picked":["Stack","Cold Snap+1"],"picked":"Beam Cell+1","floor":30},{"not_picked":["Heatsinks"],"picked":"SKIP","floor":35},{"not_picked":["Rebound+1"],"picked":"SKIP","floor":38},{"not_picked":["Chaos"],"picked":"SKIP","floor":39},{"not_picked":[],"picked":"Hologram+1","floor":40},{"not_picked":["Melter+1"],"picked":"SKIP","floor":41},{"not_picked":[],"picked":"Scrape+1","floor":44},{"not_picked":["Coolheaded"],"picked":"SKIP","floor":47},{"not_picked":["Chill+1"],"picked":"SKIP","floor":48},{"not_picked":["Doom and Gloom+1"],"picked":"SKIP","floor":54},{"not_picked":["Doom and Gloom+1"],"picked":"SKIP","floor":54}],"player_experience":82454,"relics_obtained":[{"floor":6,"key":"Orichalcum"},{"floor":8,"key":"Blood Vial"},{"floor":9,"key":"Tiny Chest"},{"floor":19,"key":"Smiling Mask"},{"floor":21,"key":"Molten Egg 2"},{"floor":23,"key":"MawBank"},{"floor":41,"key":"Pear"},{"floor":43,"key":"Gambling Chip"},{"floor":54,"key":"Oddly Smooth Stone"}],"event_choices":[{"damage_healed":0,"gold_gain":0,"player_choice":"Success","damage_taken":12,"relics_obtained":["Dream Catcher"],"max_hp_gain":0,"max_hp_loss":0,"event_name":"Scrap Ooze","floor":2,"gold_loss":0},{"damage_healed":0,"gold_gain":0,"cards_transformed":["Strike_B"],"player_choice":"Change","damage_taken":0,"max_hp_gain":0,"max_hp_loss":0,"event_name":"Living Wall","floor":3,"gold_loss":0,"cards_obtained":["All For One"]},{"damage_healed":0,"gold_gain":0,"player_choice":"Take Damage","damage_taken":18,"relics_obtained":["Golden Idol"],"max_hp_gain":0,"max_hp_loss":0,"event_name":"Golden Idol","floor":5,"gold_loss":0},{"damage_healed":0,"gold_gain":0,"player_choice":"Ignored","damage_taken":0,"max_hp_gain":0,"max_hp_loss":0,"event_name":"Vampires","floor":20,"gold_loss":0},{"cards_removed":["Reinforced Body"],"damage_healed":0,"gold_gain":0,"player_choice":"Purged","damage_taken":0,"max_hp_gain":0,"max_hp_loss":0,"event_name":"Purifier","floor":25,"gold_loss":0},{"damage_healed":0,"gold_gain":0,"player_choice":"Obtained Relic","damage_taken":0,"relics_obtained":["Pantograph"],"max_hp_gain":0,"max_hp_loss":0,"event_name":"Addict","floor":31,"gold_loss":85},{"damage_healed":0,"gold_gain":0,"player_choice":"Upgraded","damage_taken":0,"max_hp_gain":0,"max_hp_loss":0,"event_name":"Upgrade Shrine","floor":36,"gold_loss":0,"cards_upgraded":["Beam Cell"]}],"is_beta":false,"boss_relics":[{"not_picked":["Runic Pyramid","FrozenCore"],"picked":"Pandora\u0027s Box"},{"not_picked":["Snecko Eye","Sozu"],"picked":"Busted Crown"}],"items_purged_floors":[22,37,46],"is_endless":false,"potions_floor_spawned":[1,6,16,23,27,30,35,41,48],"killed_by":"The Heart","ascension_level":2}