{"gold_per_floor":[210,226,242,259,272,272,333,508,508,520,203,203,223,243,243,243],"floor_reached":16,"playtime":1257,"items_purged":["Doubt"],"score":154,"play_id":"9ebb09bc-67ec-463f-ba30-82312ba6465a","local_time":"20190720000426","is_ascension_mode":true,"campfire_choices":[{"data":"Bouncing Flask","floor":6,"key":"SMITH"},{"floor":12,"key":"REST"},{"data":"Noxious Fumes","floor":15,"key":"SMITH"}],"neow_cost":"NONE","seed_source_timestamp":28769116905507,"circlet_count":0,"master_deck":["Strike_G","Strike_G","Strike_G","Strike_G","Strike_G","Defend_G","Defend_G","Defend_G","Defend_G","Defend_G","Survivor+1","Neutralize","Poisoned Stab","Predator","Sucker Punch","Quick Slash","Bouncing Flask+1","Corpse Explosion+1","Caltrops","PiercingWail","Noxious Fumes+1","Escape Plan","All Out Attack"],"relics":["Ring of the Snake","Tiny Chest","The Courier","War Paint"],"potions_floor_usage":[4,10,16],"damage_taken":[{"damage":0,"enemies":"Jaw Worm","floor":1,"turns":5},{"damage":0,"enemies":"Small Slimes","floor":2,"turns":3},{"damage":0,"enemies":"2 Louse","floor":3,"turns":2},{"damage":5,"enemies":"Lots of Slimes","floor":4,"turns":4},{"damage":8,"enemies":"3 Louse","floor":5,"turns":3},{"damage":42,"enemies":"3 Sentries","floor":7,"turns":8},{"damage":5,"enemies":"Large Slime","floor":10,"turns":5},{"damage":2,"enemies":"Blue Slaver","floor":13,"turns":3},{"damage":0,"enemies":"Exordium Thugs","floor":14,"turns":3},{"damage":38,"enemies":"Slime Boss","floor":16,"turns":3}],"seed_played":"3459804787774903170","potions_obtained":[{"floor":1,"key":"Fire Potion"},{"floor":2,"key":"FearPotion"},{"floor":7,"key":"PowerPotion"},{"floor":14,"key":"Regen Potion"}],"is_trial":false,"path_per_floor":["M","M","M","M","M","R","E","?","T","M","$","R","M","M","R","B"],"character_chosen":"THE_SILENT","items_purchased":["PiercingWail","Noxious Fumes","Escape Plan","War Paint"],"campfire_rested":1,"item_purchase_floors":[11,11,11,11],"current_hp_per_floor":[63,63,63,58,50,50,8,8,8,3,3,24,22,22,22,0],"gold":243,"neow_bonus":"HUNDRED_GOLD","is_prod":false,"is_daily":false,"chose_seed":false,"campfire_upgraded":2,"win_rate":0,"timestamp":1563552266,"path_taken":["M","M","M","M","M","R","E","?","T","M","$","R","M","M","R","BOSS"],"build_version":"2019-07-17","purchased_purges":1,"victory":false,"max_hp_per_floor":[70,70,70,70,70,70,70,70,70,70,70,70,70,70,70,70],"card_choices":[{"not_picked":["Heel Hook","Sucker Punch"],"picked":"Poisoned Stab","floor":1},{"not_picked":["Underhanded Strike","Acrobatics"],"picked":"Predator","floor":2},{"not_picked":["Dodge and Roll","Slice"],"picked":"Sucker Punch","floor":3},{"not_picked":["Deflect","Accuracy"],"picked":"Quick Slash","floor":4},{"not_picked":["PiercingWail","Calculated Gamble"],"picked":"Bouncing Flask","floor":5},{"not_picked":["Predator","Masterful Stab"],"picked":"Corpse Explosion","floor":7},{"not_picked":["Distraction","Quick Slash"],"picked":"Caltrops","floor":10},{"not_picked":["Skewer","Cloak And Dagger"],"picked":"All Out Attack","floor":13},{"not_picked":["Flying Knee","Prepared","Dagger Throw"],"picked":"SKIP","floor":14}],"player_experience":259880,"relics_obtained":[{"floor":7,"key":"Tiny Chest"},{"floor":9,"key":"The Courier"}],"event_choices":[{"damage_healed":0,"gold_gain":175,"player_choice":"AGREE","damage_taken":0,"max_hp_gain":0,"max_hp_loss":0,"event_name":"Liars Game","floor":8,"gold_loss":0,"cards_obtained":["Doubt"]}],"is_beta":false,"boss_relics":[],"items_purged_floors":[11],"is_endless":false,"potions_floor_spawned":[1,2,7,14],"killed_by":"Slime Boss","ascension_level":9}