{"gold_per_floor":[119,119,294,60,80,80,107,107,176,176,192,211,238,252,252,354,354,373,273,292,292,310,310,343,355,417,429,469,492,539,569,581,697,709,741,763,375,387,387,413,413,424,450,0,0,18,18,52,52,52],"floor_reached":51,"playtime":3712,"items_purged":["Doubt","Juggernaut","Sadistic Nature"],"score":875,"play_id":"c7f59ac7-1ebe-41e0-802a-727c311c6421","local_time":"20181211194703","daily_mods":["Shiny","Colorless Cards","Lethality"],"is_ascension_mode":false,"campfire_choices":[{"data":"Apotheosis","floor":6,"key":"SMITH"},{"data":"Demon Form","floor":8,"key":"SMITH"},{"data":"Metamorphosis","floor":10,"key":"SMITH"},{"data":"Dark Embrace","floor":15,"key":"SMITH"},{"floor":23,"key":"REST"},{"floor":25,"key":"REST"},{"floor":32,"key":"REST"},{"floor":41,"key":"REST"},{"floor":47,"key":"REST"},{"floor":49,"key":"REST"}],"neow_cost":"","seed_source_timestamp":0,"circlet_count":0,"master_deck":["Double Tap","Demon Form+1","Bludgeon","Feed","Limit Break","Barricade","Fiend Fire","Dark Embrace+1","Berserk","Impervious","Brutality","Reaper","Exhume","Offering","Immolate","Thinking Ahead","Metamorphosis+1","Master of Strategy","Magnetism","Chrysalis","Transmutation","Mayhem","Apotheosis+1","Secret Weapon","Panache","Violence","Secret Technique","Enlightenment","Burning Pact","Metamorphosis","Blind","Feel No Pain","Flash of Steel","Panache","Rupture+1","Uppercut+1","Pummel+1"],"relics":["Burning Blood","Du-Vu Doll","Paper Frog","Juzu Bracelet","Fusion Hammer","MawBank","Strawberry","Orichalcum","Smiling Mask","Philosopher\u0027s Stone","Red Skull","Pen Nib","Red Mask","Frozen Egg 2"],"potions_floor_usage":[18,28,38,50],"damage_taken":[{"damage":11,"enemies":"Small Slimes","floor":1,"turns":3},{"damage":6,"enemies":"2 Louse","floor":5,"turns":1},{"damage":32,"enemies":"Gremlin Nob","floor":7,"turns":5},{"damage":6,"enemies":"Cultist","floor":11,"turns":2},{"damage":0,"enemies":"Lots of Slimes","floor":12,"turns":1},{"damage":14,"enemies":"Lagavulin","floor":13,"turns":5},{"damage":0,"enemies":"3 Louse","floor":14,"turns":1},{"damage":33,"enemies":"Slime Boss","floor":16,"turns":5},{"damage":6,"enemies":"3 Byrds","floor":18,"turns":2},{"damage":28,"enemies":"2 Thieves","floor":20,"turns":4},{"damage":49,"enemies":"Shelled Parasite and Fungi","floor":22,"turns":4},{"damage":13,"enemies":"Gremlin Leader","floor":24,"turns":3},{"damage":18,"enemies":"Book of Stabbing","floor":28,"turns":3},{"damage":6,"enemies":"3 Cultists","floor":29,"turns":3},{"damage":6,"enemies":"Gremlin Leader","floor":30,"turns":4},{"damage":16,"enemies":"Cultist and Chosen","floor":31,"turns":4},{"damage":38,"enemies":"Collector","floor":33,"turns":5},{"damage":12,"enemies":"3 Darklings","floor":35,"turns":3},{"damage":13,"enemies":"Orb Walker","floor":36,"turns":2},{"damage":50,"enemies":"Jaw Worm Horde","floor":38,"turns":3},{"damage":36,"enemies":"Reptomancer","floor":40,"turns":4},{"damage":7,"enemies":"Maw","floor":42,"turns":3},{"damage":45,"enemies":"4 Shapes","floor":46,"turns":4},{"damage":13,"enemies":"Giant Head","floor":48,"turns":4},{"damage":57,"enemies":"Donu and Deca","floor":50,"turns":5}],"seed_played":"-4278379182816514794","potions_obtained":[{"floor":1,"key":"BloodPotion"},{"floor":11,"key":"Fire Potion"},{"floor":13,"key":"Fire Potion"},{"floor":16,"key":"Ancient Potion"},{"floor":20,"key":"SteroidPotion"},{"floor":29,"key":"LiquidBronze"},{"floor":38,"key":"Fire Potion"},{"floor":48,"key":"Fire Potion"}],"is_trial":true,"path_per_floor":["M","?","?","$","M","R","E","R","T","R","M","M","E","M","R","B",null,"M","$","M","?","M","R","E","R","T","?","E","M","E","M","R","B",null,"M","M","$","M","?","E","R","M","T","?","?","M","R","E","R","B",null],"character_chosen":"IRONCLAD","items_purchased":["Enlightenment","Burning Pact","Feel No Pain","Flash of Steel","Panache"],"campfire_rested":6,"item_purchase_floors":[4,4,37,37,37],"current_hp_per_floor":[78,78,78,78,78,78,56,56,56,56,56,62,54,63,63,36,86,86,86,78,78,35,60,53,78,85,85,83,87,87,77,97,65,97,97,90,90,68,68,38,65,64,64,64,64,52,80,73,95,85],"gold":52,"neow_bonus":"","is_prod":false,"is_daily":false,"chose_seed":false,"campfire_upgraded":4,"win_rate":0,"timestamp":1544518023,"path_taken":["M","?","?","$","M","R","E","R","T","R","M","M","E","M","R","BOSS","M","$","M","?","M","R","E","R","T","?","E","M","E","M","R","BOSS","M","M","$","M","?","E","R","M","T","?","?","M","R","E","R","BOSS"],"build_version":"2018-12-06","purchased_purges":3,"victory":true,"max_hp_per_floor":[83,83,83,83,83,83,83,83,83,83,83,83,83,86,86,86,86,86,86,86,86,86,86,86,86,93,93,93,97,97,97,97,97,97,97,97,97,97,92,92,92,92,92,92,92,95,95,95,95,95],"card_choices":[{"not_picked":["Impatience","Heavy Blade","Second Wind"],"picked":"SKIP","floor":1},{"not_picked":["True Grit","Body Slam","Cleave"],"picked":"SKIP","floor":5},{"not_picked":["Magnetism","Body Slam","Anger"],"picked":"SKIP","floor":7},{"not_picked":["Impatience","Shrug It Off","Carnage"],"picked":"SKIP","floor":11},{"not_picked":["Wild Strike","Finesse","Good Instincts"],"picked":"SKIP","floor":12},{"not_picked":["Sword Boomerang","Pommel Strike","Combust"],"picked":"SKIP","floor":13},{"not_picked":["Evolve","Forethought","Infernal Blade"],"picked":"SKIP","floor":14},{"not_picked":["Bludgeon","Brutality"],"picked":"Metamorphosis","floor":16},{"not_picked":["Sword Boomerang+1","Anger","Carnage"],"picked":"SKIP","floor":18},{"not_picked":["Heavy Blade","Iron Wave","Combust+1"],"picked":"SKIP","floor":20},{"not_picked":["Fire Breathing+1","Armaments","Intimidate+1"],"picked":"SKIP","floor":22},{"not_picked":["Pommel Strike+1","Warcry"],"picked":"Blind","floor":24},{"not_picked":["Dual Wield","Battle Trance+1","Discovery+1"],"picked":"SKIP","floor":28},{"not_picked":["The Bomb","Havoc+1","Impatience"],"picked":"SKIP","floor":29},{"not_picked":["Havoc","Sword Boomerang","Perfected Strike"],"picked":"SKIP","floor":30},{"not_picked":["Good Instincts","Iron Wave+1","Disarm"],"picked":"SKIP","floor":31},{"not_picked":["Iron Wave","Thunderclap","Perfected Strike+1"],"picked":"SKIP","floor":35},{"not_picked":["Perfected Strike","Clothesline+1","Blind"],"picked":"SKIP","floor":36},{"not_picked":["Twin Strike+1","PanicButton","Iron Wave"],"picked":"SKIP","floor":38},{"not_picked":["Perfected Strike+1","Intimidate+1"],"picked":"Rupture+1","floor":40},{"not_picked":["Bloodletting","Wild Strike"],"picked":"Uppercut+1","floor":42},{"not_picked":["Blind","Perfected Strike","Thunderclap+1"],"picked":"SKIP","floor":46},{"not_picked":["Clash","Finesse+1"],"picked":"Pummel+1","floor":48}],"player_experience":448385,"relics_obtained":[{"floor":7,"key":"Du-Vu Doll"},{"floor":9,"key":"Paper Frog"},{"floor":13,"key":"Juzu Bracelet"},{"floor":24,"key":"MawBank"},{"floor":26,"key":"Strawberry"},{"floor":28,"key":"Orichalcum"},{"floor":30,"key":"Smiling Mask"},{"floor":40,"key":"Red Skull"},{"floor":43,"key":"Pen Nib"},{"floor":48,"key":"Frozen Egg 2"}],"event_choices":[{"cards_removed":["The Bomb"],"damage_healed":0,"gold_gain":0,"player_choice":"Purged","damage_taken":0,"max_hp_gain":0,"max_hp_loss":0,"event_name":"Purifier","floor":2,"gold_loss":0},{"damage_healed":0,"gold_gain":175,"player_choice":"AGREE","damage_taken":0,"max_hp_gain":0,"max_hp_loss":0,"event_name":"Liars Game","floor":3,"gold_loss":0,"cards_obtained":["Doubt"]},{"cards_removed":["HandOfGreed"],"damage_healed":0,"gold_gain":0,"player_choice":"Elegance","damage_taken":0,"max_hp_gain":0,"max_hp_loss":0,"event_name":"Back to Basics","floor":21,"gold_loss":0},{"damage_healed":0,"gold_gain":0,"player_choice":"Ignored","damage_taken":0,"max_hp_gain":0,"max_hp_loss":0,"event_name":"The Mausoleum","floor":27,"gold_loss":0},{"damage_healed":0,"gold_gain":0,"player_choice":"Max HP","damage_taken":0,"max_hp_gain":0,"max_hp_loss":5,"event_name":"Winding Halls","floor":39,"gold_loss":0},{"damage_healed":0,"gold_gain":0,"player_choice":"Paid","damage_taken":0,"relics_obtained":["Red Mask"],"max_hp_gain":0,"max_hp_loss":0,"event_name":"Tomb of Lord Red Mask","floor":44,"gold_loss":450},{"damage_healed":0,"gold_gain":0,"player_choice":"Ignored","damage_taken":0,"max_hp_gain":0,"max_hp_loss":0,"event_name":"NoteForYourself","floor":45,"gold_loss":0}],"is_beta":true,"boss_relics":[{"not_picked":["White Beast Statue","Orrery"],"picked":"Fusion Hammer"},{"not_picked":["Runic Cube","Runic Dome"],"picked":"Philosopher\u0027s Stone"}],"items_purged_floors":[4,19,37],"is_endless":false,"potions_floor_spawned":[1,11,13,16,20,29,30,33,36,38,48],"ascension_level":0}