{"gold_per_floor":[111,36,0,18,31,31,58,58,139,104,135,135,193,218,218,295,295,307,318,593,13,28,28,40,54,77,77,176,188,188,198,198,272,272,292,367,386,39,55,55,72,72,72,72,24,38,38,57,57,57],"floor_reached":51,"playtime":2546,"items_purged":["Strike_B","Hello World+1"],"score":1191,"play_id":"bfdab135-96a6-4237-81f1-e75b1d7a0113","local_time":"20190720135910","is_ascension_mode":true,"campfire_choices":[{"data":"Sunder","floor":6,"key":"SMITH"},{"floor":8,"key":"REST"},{"data":"Zap","floor":12,"key":"SMITH"},{"data":"Steam","floor":15,"key":"SMITH"},{"data":"Loop","floor":23,"key":"SMITH"},{"floor":32,"key":"REST"},{"data":"Darkness","floor":40,"key":"SMITH"},{"data":"Defragment","floor":42,"key":"SMITH"},{"data":"Redo","floor":44,"key":"SMITH"},{"floor":49,"key":"REST"}],"neow_cost":"NONE","seed_source_timestamp":163610823517906,"circlet_count":0,"master_deck":["AscendersBane","Strike_B+1","Defend_B","Defend_B","Zap+1","Dualcast","Cold Snap","Steam+1","Sunder+1","Go for the Eyes+1","Leap","Biased Cognition","Core Surge","Defragment+1","Loop+1","Rip and Tear","Darkness+1","Rainbow","White Noise+1","All For One+1","Compile Driver+1","Leap+1","Redo+1","Writhe","Coolheaded","Redo"],"relics":["Cracked Core","Whetstone","Singing Bowl","Blood Vial","Potion Belt","Omamori","Cursed Key","ClockworkSouvenir","Gambling Chip","Oddly Smooth Stone","Astrolabe","Symbiotic Virus","Letter Opener"],"potions_floor_usage":[0,11,16,18,33,35,48,50],"damage_taken":[{"damage":3,"enemies":"2 Louse","floor":1,"turns":3},{"damage":1,"enemies":"Jaw Worm","floor":4,"turns":4},{"damage":0,"enemies":"Small Slimes","floor":5,"turns":3},{"damage":33,"enemies":"Lagavulin","floor":7,"turns":7},{"damage":11,"enemies":"Gremlin Nob","floor":11,"turns":5},{"damage":20,"enemies":"3 Sentries","floor":13,"turns":7},{"damage":4,"enemies":"3 Sentries","floor":14,"turns":7},{"damage":42,"enemies":"Hexaghost","floor":16,"turns":11},{"damage":0,"enemies":"Spheric Guardian","floor":18,"turns":3},{"damage":0,"enemies":"Chosen","floor":19,"turns":4},{"damage":13,"enemies":"Snecko","floor":22,"turns":4},{"damage":22,"enemies":"Chosen and Byrds","floor":24,"turns":7},{"damage":1,"enemies":"Sentry and Sphere","floor":25,"turns":4},{"damage":9,"enemies":"Shelled Parasite and Fungi","floor":29,"turns":5},{"damage":3,"enemies":"Snake Plant","floor":31,"turns":3},{"damage":23,"enemies":"Champ","floor":33,"turns":8},{"damage":9,"enemies":"3 Shapes","floor":35,"turns":4},{"damage":1,"enemies":"Orb Walker","floor":37,"turns":3},{"damage":7,"enemies":"Writhing Mass","floor":39,"turns":6},{"damage":15,"enemies":"3 Darklings","floor":41,"turns":5},{"damage":15,"enemies":"Maw","floor":46,"turns":5},{"damage":9,"enemies":"Transient","floor":48,"turns":5},{"damage":21,"enemies":"Time Eater","floor":50,"turns":6}],"seed_played":"-7473685553612539568","potions_obtained":[{"floor":0,"key":"Fruit Juice"},{"floor":0,"key":"LiquidBronze"},{"floor":0,"key":"Energy Potion"},{"floor":1,"key":"Ancient Potion"},{"floor":13,"key":"Block Potion"},{"floor":16,"key":"PowerPotion"},{"floor":22,"key":"SteroidPotion"},{"floor":29,"key":"Explosive Potion"},{"floor":33,"key":"Energy Potion"},{"floor":35,"key":"Poison Potion"},{"floor":39,"key":"Block Potion"},{"floor":46,"key":"Dexterity Potion"},{"floor":47,"key":"Swift Potion"},{"floor":47,"key":"Regen Potion"},{"floor":48,"key":"FairyPotion"}],"is_trial":false,"path_per_floor":["M","$","?","M","M","R","E","R","T","?","E","R","?","E","R","B",null,"M","M","?","$","M","R","M","M","T","?","?","M","?","M","R","B",null,"M","?","M","$","M","R","M","R","T","R","$","M","?","M","R","B",null],"character_chosen":"DEFECT","items_purchased":["Cold Snap","Steam","ClockworkSouvenir","Gambling Chip","Symbiotic Virus","Coolheaded"],"campfire_rested":3,"item_purchase_floors":[2,2,21,21,38,45],"current_hp_per_floor":[66,66,66,65,65,65,32,54,54,73,64,64,48,46,46,6,62,66,68,68,68,57,57,37,40,40,40,40,35,35,34,59,38,74,67,59,60,60,57,57,44,44,44,44,44,31,31,41,68,49],"gold":57,"neow_bonus":"THREE_SMALL_POTIONS","is_prod":false,"is_daily":false,"chose_seed":false,"campfire_upgraded":7,"win_rate":0,"timestamp":1563595150,"path_taken":["M","$","?","M","M","R","E","R","T","?","E","R","?","E","R","BOSS","M","M","?","$","M","R","?","M","T","?","?","M","?","?","R","BOSS","M","?","?","$","M","R","M","R","T","R","?","M","?","?","R","BOSS"],"build_version":"2019-07-17","purchased_purges":2,"victory":true,"max_hp_per_floor":[76,76,76,76,76,76,76,76,76,76,78,78,80,80,80,80,80,82,82,82,82,82,82,82,84,84,84,84,86,86,86,86,86,86,86,86,86,86,88,88,88,88,88,88,88,88,88,90,90,90],"card_choices":[{"not_picked":["Blizzard","Tempest","Coolheaded"],"picked":"SKIP","floor":1},{"not_picked":["Rip and Tear","Aggregate"],"picked":"Sunder","floor":4},{"not_picked":["Turbo","Aggregate"],"picked":"Go for the Eyes","floor":5},{"not_picked":["Meteor Strike","Hologram"],"picked":"Leap","floor":7},{"not_picked":["Barrage","Loop","Rebound"],"picked":"Singing Bowl","floor":11},{"not_picked":["Skim","Sunder","Steam"],"picked":"Singing Bowl","floor":13},{"not_picked":["Hello World","Barrage"],"picked":"Biased Cognition","floor":14},{"not_picked":["Multi-Cast","Thunder Strike"],"picked":"Core Surge","floor":16},{"not_picked":["Heatsinks","Go for the Eyes","Cold Snap"],"picked":"Singing Bowl","floor":18},{"not_picked":["Cold Snap","White Noise"],"picked":"Defragment","floor":19},{"not_picked":["Double Energy","Sweeping Beam+1"],"picked":"Loop","floor":22},{"not_picked":["Rebound","Barrage"],"picked":"Rip and Tear","floor":24},{"not_picked":["Scrape","Recycle","Steam Power"],"picked":"Singing Bowl","floor":25},{"not_picked":["Sweeping Beam","Go for the Eyes","Gash"],"picked":"Singing Bowl","floor":29},{"not_picked":["Redo+1","Rebound"],"picked":"Darkness","floor":31},{"not_picked":["All For One","Meteor Strike"],"picked":"Rainbow","floor":33},{"not_picked":["Stack","Recycle"],"picked":"Compile Driver+1","floor":35},{"not_picked":["Streamline","Heatsinks"],"picked":"Leap+1","floor":37},{"not_picked":["Aggregate+1","Rebound","Defragment"],"picked":"Singing Bowl","floor":39},{"not_picked":["Undo","Streamline"],"picked":"Redo","floor":41},{"not_picked":["Chill+1","Barrage"],"picked":"Redo","floor":46},{"not_picked":["Steam","Force Field","Barrage+1"],"picked":"Singing Bowl","floor":48}],"player_experience":638637,"relics_obtained":[{"floor":7,"key":"Whetstone"},{"floor":9,"key":"Singing Bowl"},{"floor":11,"key":"Blood Vial"},{"floor":13,"key":"Potion Belt"},{"floor":14,"key":"Omamori"},{"floor":26,"key":"Oddly Smooth Stone"},{"floor":43,"key":"Letter Opener"}],"event_choices":[{"damage_healed":0,"gold_gain":0,"player_choice":"Left Gold","damage_taken":0,"max_hp_gain":0,"max_hp_loss":0,"event_name":"World of Goop","floor":3,"gold_loss":36},{"damage_healed":19,"gold_gain":0,"player_choice":"Healed","damage_taken":0,"max_hp_gain":0,"max_hp_loss":0,"event_name":"The Cleric","floor":10,"gold_loss":35},{"damage_healed":0,"gold_gain":0,"player_choice":"Searched \u00271\u0027 times","damage_taken":0,"max_hp_gain":0,"max_hp_loss":0,"event_name":"Dead Adventurer","floor":13,"gold_loss":0},{"damage_healed":0,"gold_gain":275,"player_choice":"Desecrate","damage_taken":0,"max_hp_gain":0,"max_hp_loss":0,"event_name":"Golden Shrine","floor":20,"gold_loss":0,"cards_obtained":["Regret"]},{"damage_healed":0,"gold_gain":99,"player_choice":"Stole From Cult","damage_taken":0,"max_hp_gain":0,"max_hp_loss":0,"event_name":"Nest","floor":28,"gold_loss":0},{"cards_removed":["Strike_B"],"damage_healed":0,"gold_gain":0,"player_choice":"Offered Basic","damage_taken":0,"max_hp_gain":0,"max_hp_loss":0,"event_name":"Bonfire Elementals","floor":30,"gold_loss":0},{"damage_healed":0,"gold_gain":75,"player_choice":"Touch","damage_taken":8,"max_hp_gain":0,"max_hp_loss":0,"event_name":"FaceTrader","floor":36,"gold_loss":0},{"damage_healed":0,"gold_gain":0,"player_choice":"Got Potions","damage_taken":0,"max_hp_gain":0,"max_hp_loss":0,"event_name":"Lab","floor":47,"gold_loss":0}],"is_beta":false,"boss_relics":[{"not_picked":["White Beast Statue","Busted Crown"],"picked":"Cursed Key"},{"not_picked":["Tiny House","Calling Bell"],"picked":"Astrolabe"}],"items_purged_floors":[21,38],"is_endless":false,"potions_floor_spawned":[1,4,13,16,22,29,33,35,39,46,48],"ascension_level":14}