{"gold_per_floor":[110,128,128,197,197,225,225,251,277,277,307,324,349,366,366,441,491,502,398,416,416],"floor_reached":21,"playtime":823,"items_purged":["Defend_R"],"score":362,"play_id":"56c37dc7-da99-4b11-a983-2da7336d1ac5","local_time":"20190720123252","is_ascension_mode":true,"campfire_choices":[{"floor":7,"key":"REST"},{"data":"Spot Weakness","floor":10,"key":"SMITH"},{"data":"Immolate","floor":15,"key":"SMITH"}],"neow_cost":"NONE","seed_source_timestamp":221904393456203,"circlet_count":0,"master_deck":["AscendersBane","Strike_R","Strike_R","Strike_R","Strike_R","Strike_R","Defend_R","Defend_R","Defend_R+1","Bash+1","Immolate+1","Rampage+1","Iron Wave","Feed","Spot Weakness+1","Headbutt","Iron Wave","Twin Strike","Reaper","Clothesline","True Grit","Shrug It Off"],"relics":["Burning Blood","Ancient Tea Set","Matryoshka","Dream Catcher","Vajra","Juzu Bracelet","Smiling Mask","Tiny House"],"potions_floor_usage":[8,13,21,21],"damage_taken":[{"damage":13,"enemies":"Jaw Worm","floor":1,"turns":4},{"damage":0,"enemies":"Small Slimes","floor":2,"turns":3},{"damage":19,"enemies":"3 Sentries","floor":6,"turns":5},{"damage":8,"enemies":"Gremlin Nob","floor":8,"turns":3},{"damage":5,"enemies":"3 Sentries","floor":11,"turns":3},{"damage":5,"enemies":"2 Louse","floor":12,"turns":3},{"damage":25,"enemies":"Lagavulin","floor":13,"turns":5},{"damage":5,"enemies":"2 Fungi Beasts","floor":14,"turns":3},{"damage":36,"enemies":"Slime Boss","floor":16,"turns":9},{"damage":18,"enemies":"Shell Parasite","floor":18,"turns":4},{"damage":26,"enemies":"3 Byrds","floor":20,"turns":7},{"damage":65,"enemies":"Shelled Parasite and Fungi","floor":21,"turns":6}],"seed_played":"-4668243293427093914","potions_obtained":[{"floor":1,"key":"SpeedPotion"},{"floor":2,"key":"AttackPotion"},{"floor":8,"key":"Poison Potion"},{"floor":12,"key":"Explosive Potion"},{"floor":16,"key":"Block Potion"},{"floor":18,"key":"Regen Potion"}],"is_trial":false,"path_per_floor":["M","M","?","?","?","E","R","E","T","R","E","M","E","M","R","B",null,"M","$","M","M"],"character_chosen":"IRONCLAD","items_purchased":["Shrug It Off"],"campfire_rested":1,"item_purchase_floors":[19],"current_hp_per_floor":[61,67,44,44,44,31,53,51,51,51,55,59,40,44,44,14,72,60,60,43,0],"gold":416,"neow_bonus":"ONE_RANDOM_RARE_CARD","is_prod":false,"is_daily":false,"chose_seed":false,"campfire_upgraded":2,"win_rate":0,"timestamp":1563597172,"path_taken":["M","M","?","?","?","E","R","E","T","R","E","M","E","M","R","BOSS","M","$","M","M"],"build_version":"2019-07-17","purchased_purges":1,"victory":false,"max_hp_per_floor":[75,75,75,75,75,75,75,75,75,75,78,81,81,84,84,84,89,89,89,92,92],"card_choices":[{"not_picked":["Twin Strike","Infernal Blade"],"picked":"Rampage","floor":1},{"not_picked":["Dropkick","Clash"],"picked":"Iron Wave","floor":2},{"not_picked":["Twin Strike","Pommel Strike"],"picked":"Feed","floor":6},{"not_picked":["Ghostly Armor","Sword Boomerang"],"picked":"Spot Weakness","floor":8},{"not_picked":["Havoc","Clothesline"],"picked":"Headbutt","floor":11},{"not_picked":["Havoc","Spot Weakness"],"picked":"Iron Wave","floor":12},{"not_picked":["Seeing Red","Heavy Blade","Anger"],"picked":"SKIP","floor":13},{"not_picked":["Pummel","Rupture"],"picked":"Twin Strike","floor":14},{"not_picked":["Brutality","Feed"],"picked":"Reaper","floor":16},{"not_picked":["Rage","Sever Soul"],"picked":"Clothesline","floor":17},{"not_picked":["Battle Trance","Shockwave"],"picked":"True Grit","floor":18},{"not_picked":["Second Wind","Rampage","Sword Boomerang"],"picked":"SKIP","floor":20}],"player_experience":866612,"relics_obtained":[{"floor":6,"key":"Ancient Tea Set"},{"floor":8,"key":"Matryoshka"},{"floor":9,"key":"Dream Catcher"},{"floor":9,"key":"Vajra"},{"floor":11,"key":"Juzu Bracelet"},{"floor":13,"key":"Smiling Mask"}],"event_choices":[{"damage_healed":0,"gold_gain":0,"player_choice":"Entered Light","damage_taken":23,"max_hp_gain":0,"max_hp_loss":0,"event_name":"Shining Light","floor":3,"gold_loss":0,"cards_upgraded":["Defend_R","Bash"]},{"damage_healed":0,"gold_gain":69,"player_choice":"Gained Gold","damage_taken":0,"max_hp_gain":0,"max_hp_loss":0,"event_name":"Golden Wing","floor":4,"gold_loss":0},{"damage_healed":0,"gold_gain":0,"player_choice":"Ignored","damage_taken":0,"max_hp_gain":0,"max_hp_loss":0,"event_name":"Liars Game","floor":5,"gold_loss":0}],"is_beta":false,"boss_relics":[{"not_picked":["Pandora\u0027s Box","Runic Dome"],"picked":"Tiny House"}],"items_purged_floors":[19],"is_endless":false,"potions_floor_spawned":[1,2,8,12,16,18],"killed_by":"Shelled Parasite and Fungi","ascension_level":15}