{"gold_per_floor":[113,113,128,144,160,160,235,235,235,296,296,306,326,344,344,448,498,515,528,547,578,590,590],"floor_reached":23,"playtime":1517,"items_purged":[],"score":187,"play_id":"1c75c18f-b631-401c-84f2-c66351ce5ab8","local_time":"20190710121147","is_ascension_mode":false,"campfire_choices":[{"data":"Dagger Spray","floor":6,"key":"SMITH"},{"floor":8,"key":"REST"},{"data":"Accuracy","floor":15,"key":"SMITH"}],"neow_cost":"NONE","seed_source_timestamp":4768067719852,"circlet_count":0,"master_deck":["Strike_G","Strike_G","Strike_G","Strike_G","Strike_G+1","Defend_G","Defend_G","Defend_G","Defend_G","Defend_G","Survivor","Neutralize","Dagger Spray+1","Accuracy+1","Dagger Spray+1","Deflect","Riddle With Holes+1","PiercingWail","Dash+1","Accuracy","Phantasmal Killer","Quick Slash+1","Sucker Punch+1","Accuracy","Backstab+1","Dagger Spray+1","Choke+1"],"relics":["Ring of the Snake","PreservedInsect","Bag of Marbles","Molten Egg 2","Tiny House","Red Mask"],"potions_floor_usage":[10,16,16,22],"damage_taken":[{"damage":0,"enemies":"2 Louse","floor":1,"turns":4},{"damage":0,"enemies":"Jaw Worm","floor":3,"turns":5},{"damage":0,"enemies":"Small Slimes","floor":4,"turns":3},{"damage":1,"enemies":"Red Slaver","floor":5,"turns":5},{"damage":0,"enemies":"3 Sentries","floor":10,"turns":2},{"damage":0,"enemies":"2 Fungi Beasts","floor":12,"turns":3},{"damage":2,"enemies":"Blue Slaver","floor":13,"turns":2},{"damage":0,"enemies":"Lots of Slimes","floor":14,"turns":3},{"damage":65,"enemies":"Hexaghost","floor":16,"turns":15},{"damage":8,"enemies":"Chosen","floor":18,"turns":5},{"damage":31,"enemies":"Spheric Guardian","floor":19,"turns":6},{"damage":16,"enemies":"Cultist and Chosen","floor":20,"turns":9},{"damage":0,"enemies":"Masked Bandits","floor":21,"turns":2},{"damage":15,"enemies":"Snecko","floor":22,"turns":3},{"damage":10,"enemies":"Sentry and Sphere","floor":23,"turns":2}],"seed_played":"-5583957329077207829","potions_obtained":[{"floor":1,"key":"AttackPotion"},{"floor":3,"key":"Explosive Potion"},{"floor":13,"key":"Swift Potion"},{"floor":14,"key":"Ancient Potion"},{"floor":17,"key":"GamblersBrew"},{"floor":20,"key":"Ancient Potion"}],"is_trial":false,"path_per_floor":["M","?","M","M","M","R","?","R","T","?","?","M","M","M","R","B",null,"M","M","M","?","M","M"],"character_chosen":"THE_SILENT","items_purchased":[],"campfire_rested":1,"item_purchase_floors":[],"current_hp_per_floor":[70,70,70,70,69,69,58,70,70,70,70,70,68,68,68,3,75,67,36,20,20,5,0],"gold":590,"neow_bonus":"RANDOM_COMMON_RELIC","is_prod":false,"is_daily":false,"chose_seed":false,"campfire_upgraded":2,"win_rate":0.0,"timestamp":1562775107,"path_taken":["M","?","M","M","M","R","?","R","T","?","?","?","M","M","R","BOSS","M","M","M","?","M","M"],"build_version":"2019-07-05","purchased_purges":0,"victory":false,"max_hp_per_floor":[70,70,70,70,70,70,70,70,70,70,70,70,70,70,70,70,75,75,75,75,75,75,75],"card_choices":[{"not_picked":["Terror","Masterful Stab"],"picked":"Dagger Spray","floor":1},{"not_picked":["Backflip","Leg Sweep"],"picked":"Accuracy","floor":3},{"not_picked":["Reflex","PiercingWail"],"picked":"Dagger Spray","floor":4},{"not_picked":["Underhanded Strike","Footwork"],"picked":"Deflect","floor":5},{"not_picked":["Deadly Poison","Prepared"],"picked":"Riddle With Holes","floor":10},{"not_picked":["Deadly Poison","Acrobatics"],"picked":"PiercingWail","floor":12},{"not_picked":["Underhanded Strike+1","Predator+1"],"picked":"Dash+1","floor":13},{"not_picked":["Dagger Throw+1","Sucker Punch+1"],"picked":"Accuracy","floor":14},{"not_picked":["Envenom","Venomology"],"picked":"Phantasmal Killer","floor":16},{"not_picked":["Acrobatics","Calculated Gamble"],"picked":"Quick Slash+1","floor":17},{"not_picked":["Poisoned Stab+1","Bane+1"],"picked":"Sucker Punch+1","floor":18},{"not_picked":["Expertise+1","Blur"],"picked":"Accuracy","floor":19},{"not_picked":["Dagger Spray+1","Poisoned Stab+1"],"picked":"Backstab+1","floor":20},{"not_picked":["PiercingWail","Sucker Punch+1"],"picked":"Dagger Spray+1","floor":21},{"not_picked":["Venomology","Cloak And Dagger"],"picked":"Choke+1","floor":22}],"player_experience":39234,"relics_obtained":[{"floor":9,"key":"Bag of Marbles"},{"floor":10,"key":"Molten Egg 2"},{"floor":21,"key":"Red Mask"}],"event_choices":[{"damage_healed":0,"gold_gain":0,"player_choice":"Ignored","damage_taken":0,"max_hp_gain":0,"max_hp_loss":0,"event_name":"Golden Wing","floor":2,"gold_loss":0},{"damage_healed":0,"gold_gain":75,"player_choice":"Gather Gold","damage_taken":11,"max_hp_gain":0,"max_hp_loss":0,"event_name":"World of Goop","floor":7,"gold_loss":0},{"damage_healed":0,"gold_gain":0,"player_choice":"Searched \u00271\u0027 times","damage_taken":0,"max_hp_gain":0,"max_hp_loss":0,"event_name":"Dead Adventurer","floor":10,"gold_loss":0},{"damage_healed":0,"gold_gain":0,"player_choice":"Upgraded","damage_taken":0,"max_hp_gain":0,"max_hp_loss":0,"event_name":"Upgrade Shrine","floor":11,"gold_loss":0,"cards_upgraded":["Dagger Spray"]},{"damage_healed":0,"gold_gain":0,"player_choice":"Fought Bandits","damage_taken":0,"max_hp_gain":0,"max_hp_loss":0,"event_name":"Masked Bandits","floor":21,"gold_loss":0}],"is_beta":false,"boss_relics":[{"not_picked":["Ring of the Serpent","Black Star"],"picked":"Tiny House"}],"items_purged_floors":[],"is_endless":false,"potions_floor_spawned":[1,3,13,14,20],"killed_by":"Sentry and Sphere","ascension_level":0}