{"gold_per_floor":[119,38,38,59,59,99,112,112,139,174,174,30,30,53,53,173,173,191,206,206,36,36,74,86,98,110,122,178,233,160,172,184,321,333,368,9,9,9,28,64,123,123,123,123,166,499,515,615,615,615],"floor_reached":51,"playtime":7890,"items_purged":["Strike_R","Strike_R"],"score":768,"play_id":"f3d5b637-0fec-4868-88a1-099804b41674","local_time":"20190719022824","is_ascension_mode":false,"campfire_choices":[{"data":"Limit Break","floor":13,"key":"SMITH"},{"data":"Spot Weakness","floor":15,"key":"SMITH"},{"data":"Heavy Blade","floor":24,"key":"SMITH"},{"data":"Heavy Blade","floor":25,"key":"SMITH"},{"floor":27,"key":"REST"},{"floor":32,"key":"REST"},{"data":"Fiend Fire","floor":42,"key":"SMITH"},{"data":"Brutality","floor":49,"key":"SMITH"}],"neow_cost":"NONE","seed_source_timestamp":785051544894109,"circlet_count":0,"master_deck":["Strike_R","Defend_R","Defend_R","Bash","Demon Form+1","Cleave","Power Through","Seeing Red+1","Spot Weakness+1","Combust","Burning Pact","Limit Break+1","Whirlwind","Reaper","Sword Boomerang","Heavy Blade+1","Heavy Blade+1","Inflame","Headbutt+1","Brutality+1","Power Through","Anger","Pommel Strike","Fiend Fire+1","Reaper","Shrug It Off+1","Sever Soul"],"relics":["Burning Blood","Vajra","Dream Catcher","Centennial Puzzle","WingedGreaves","Empty Cage","MawBank","Regal Pillow","Lantern","Red Mask","Darkstone Periapt","Coffee Dripper","ClockworkSouvenir","Toxic Egg 2","Juzu Bracelet","Gambling Chip","Bottled Tornado","Anchor"],"potions_floor_usage":[6,10,29,33,33,41,50,50],"damage_taken":[{"damage":7,"enemies":"2 Louse","floor":1,"turns":3},{"damage":0,"enemies":"Jaw Worm","floor":4,"turns":4},{"damage":14,"enemies":"Gremlin Nob","floor":6,"turns":4},{"damage":0,"enemies":"Small Slimes","floor":7,"turns":2},{"damage":18,"enemies":"3 Sentries","floor":10,"turns":4},{"damage":5,"enemies":"3 Louse","floor":14,"turns":2},{"damage":25,"enemies":"The Guardian","floor":16,"turns":7},{"damage":5,"enemies":"Chosen","floor":18,"turns":4},{"damage":26,"enemies":"3 Byrds","floor":19,"turns":3},{"damage":50,"enemies":"Book of Stabbing","floor":23,"turns":5},{"damage":43,"enemies":"Gremlin Leader","floor":28,"turns":6},{"damage":22,"enemies":"Masked Bandits","floor":29,"turns":4},{"damage":62,"enemies":"Champ","floor":33,"turns":7},{"damage":6,"enemies":"3 Shapes","floor":35,"turns":2},{"damage":19,"enemies":"3 Darklings","floor":39,"turns":3},{"damage":40,"enemies":"Reptomancer","floor":40,"turns":4},{"damage":47,"enemies":"2 Orb Walkers","floor":41,"turns":4},{"damage":8,"enemies":"Giant Head","floor":45,"turns":5},{"damage":8,"enemies":"Transient","floor":47,"turns":5},{"damage":64,"enemies":"Awakened One","floor":50,"turns":7}],"seed_played":"1697514467979716459","potions_obtained":[{"floor":4,"key":"Fire Potion"},{"floor":6,"key":"Explosive Potion"},{"floor":19,"key":"AttackPotion"},{"floor":23,"key":"Regen Potion"},{"floor":29,"key":"SpeedPotion"},{"floor":39,"key":"Regen Potion"},{"floor":45,"key":"Swift Potion"},{"floor":47,"key":"Weak Potion"}],"is_trial":false,"path_per_floor":["M","$","?","M","?","E","M","?","T","E","?","$","R","M","R","B",null,"M","M","?","$","?","E","R","R","T","R","E","?","?","?","R","B",null,"M","$","?","T","M","E","?","R","T","$","E","?","M","?","R","B",null],"character_chosen":"IRONCLAD","items_purchased":["Power Through","Limit Break","Heavy Blade","Inflame","Reaper","ClockworkSouvenir"],"campfire_rested":2,"item_purchase_floors":[2,12,21,21,36,36],"current_hp_per_floor":[79,79,59,65,65,57,63,51,51,39,39,39,39,40,40,21,80,80,80,80,80,80,36,36,36,36,75,61,45,45,45,80,52,80,80,80,80,80,67,74,65,65,65,65,63,63,80,80,80,37],"gold":615,"neow_bonus":"ONE_RANDOM_RARE_CARD","is_prod":false,"is_daily":false,"chose_seed":false,"campfire_upgraded":6,"win_rate":0.0,"timestamp":1563517704,"path_taken":["M","$","?","M","?","E","M","?","T","E","?","$","R","M","R","BOSS","M","M","?","$","?","E","R","R","T","R","E","?","?","?","R","BOSS","M","$","?","?","M","E","?","R","T","?","E","?","M","?","R","BOSS"],"build_version":"2019-06-28","purchased_purges":2,"victory":true,"max_hp_per_floor":[80,80,80,80,80,80,80,80,80,80,80,80,80,80,80,80,80,80,80,80,80,80,80,80,80,80,80,80,80,80,80,80,80,80,80,80,80,80,80,80,80,80,80,80,80,80,80,80,80,80],"card_choices":[{"not_picked":["Inflame","Feel No Pain"],"picked":"Cleave","floor":1},{"not_picked":["Armaments","Inflame"],"picked":"Seeing Red","floor":4},{"not_picked":["Body Slam","Iron Wave"],"picked":"Spot Weakness","floor":6},{"not_picked":["Disarm","Bloodletting"],"picked":"Combust","floor":7},{"not_picked":["Inflame","Warcry"],"picked":"Burning Pact","floor":10},{"not_picked":["Anger","Clothesline"],"picked":"Whirlwind","floor":14},{"not_picked":["Fiend Fire","Bludgeon"],"picked":"Reaper","floor":16},{"not_picked":["Rampage","Iron Wave","Sword Boomerang"],"picked":"SKIP","floor":18},{"not_picked":["Corruption","Warcry"],"picked":"Sword Boomerang","floor":19},{"not_picked":["Ghostly Armor","Hemokinesis"],"picked":"Headbutt+1","floor":23},{"not_picked":["Pummel","Sever Soul"],"picked":"Brutality","floor":27},{"not_picked":["True Grit","Flex"],"picked":"Power Through","floor":28},{"not_picked":["Spot Weakness","Combust+1"],"picked":"Anger","floor":29},{"not_picked":["Intimidate","Anger"],"picked":"Pommel Strike","floor":32},{"not_picked":["Dark Embrace","Berserk"],"picked":"Fiend Fire","floor":33},{"not_picked":["Headbutt","Anger","True Grit+1"],"picked":"SKIP","floor":35},{"not_picked":["Clothesline+1","Clash+1"],"picked":"Shrug It Off+1","floor":39},{"not_picked":["Clash+1","Cleave+1"],"picked":"Sever Soul","floor":40},{"not_picked":["Body Slam","Headbutt+1","Anger"],"picked":"SKIP","floor":45},{"not_picked":["Twin Strike+1","Brutality","Combust"],"picked":"SKIP","floor":47}],"player_experience":27958,"relics_obtained":[{"floor":6,"key":"Vajra"},{"floor":9,"key":"Centennial Puzzle"},{"floor":10,"key":"WingedGreaves"},{"floor":23,"key":"MawBank"},{"floor":26,"key":"Regal Pillow"},{"floor":28,"key":"Lantern"},{"floor":29,"key":"Red Mask"},{"floor":38,"key":"Toxic Egg 2"},{"floor":40,"key":"Juzu Bracelet"},{"floor":41,"key":"Gambling Chip"},{"floor":43,"key":"Bottled Tornado"},{"floor":45,"key":"Anchor"}],"event_choices":[{"damage_healed":0,"gold_gain":0,"player_choice":"Take Damage","damage_taken":20,"relics_obtained":["Golden Idol"],"max_hp_gain":0,"max_hp_loss":0,"event_name":"Golden Idol","floor":3,"gold_loss":0},{"damage_healed":0,"gold_gain":0,"player_choice":"Grow","damage_taken":0,"max_hp_gain":0,"max_hp_loss":0,"event_name":"Living Wall","floor":5,"gold_loss":0,"cards_upgraded":["Demon Form"]},{"damage_healed":0,"gold_gain":0,"player_choice":"Success","damage_taken":12,"relics_obtained":["Dream Catcher"],"max_hp_gain":0,"max_hp_loss":0,"event_name":"Scrap Ooze","floor":8,"gold_loss":0},{"damage_healed":0,"gold_gain":0,"player_choice":"Upgraded","damage_taken":0,"max_hp_gain":0,"max_hp_loss":0,"event_name":"Upgrade Shrine","floor":11,"gold_loss":0,"cards_upgraded":["Seeing Red"]},{"damage_healed":0,"gold_gain":0,"player_choice":"Read","damage_taken":0,"max_hp_gain":0,"max_hp_loss":0,"event_name":"The Library","floor":20,"gold_loss":0,"cards_obtained":["Heavy Blade"]},{"damage_healed":0,"gold_gain":0,"player_choice":"Ignored","damage_taken":0,"max_hp_gain":0,"max_hp_loss":0,"event_name":"The Mausoleum","floor":22,"gold_loss":0},{"damage_healed":0,"gold_gain":0,"player_choice":"Fought Bandits","damage_taken":0,"max_hp_gain":0,"max_hp_loss":0,"event_name":"Masked Bandits","floor":29,"gold_loss":0},{"damage_healed":0,"gold_gain":0,"player_choice":"Obtained Relic","damage_taken":0,"relics_obtained":["Darkstone Periapt"],"max_hp_gain":0,"max_hp_loss":0,"event_name":"Addict","floor":30,"gold_loss":85},{"cards_removed":["Defend_R"],"damage_healed":0,"gold_gain":0,"player_choice":"Offered Basic","damage_taken":0,"max_hp_gain":0,"max_hp_loss":0,"event_name":"Bonfire Elementals","floor":31,"gold_loss":0},{"cards_removed":["Defend_R"],"damage_healed":0,"gold_gain":0,"player_choice":"Removed Skill","damage_taken":0,"max_hp_gain":0,"max_hp_loss":0,"event_name":"Falling","floor":37,"gold_loss":0},{"damage_healed":0,"gold_gain":0,"player_choice":"Fight","damage_taken":0,"max_hp_gain":0,"max_hp_loss":0,"event_name":"Mysterious Sphere","floor":41,"gold_loss":0},{"damage_healed":0,"gold_gain":333,"player_choice":"Gave Idol","damage_taken":0,"max_hp_gain":0,"max_hp_loss":0,"event_name":"The Moai Head","floor":46,"relics_lost":["Golden Idol"],"gold_loss":0},{"damage_healed":0,"gold_gain":100,"player_choice":"Pray","damage_taken":0,"max_hp_gain":0,"max_hp_loss":0,"event_name":"Golden Shrine","floor":48,"gold_loss":0}],"is_beta":true,"boss_relics":[{"not_picked":["Mark of Pain","Lizard Tail"],"picked":"Empty Cage"},{"not_picked":["Busted Crown","Cursed Key"],"picked":"Coffee Dripper"}],"items_purged_floors":[21,36],"is_endless":false,"potions_floor_spawned":[4,6,19,23,29,39,45,47],"ascension_level":0}