{"gold_per_floor":[114,125,200,150,150,150,176,176,199,233,251,13,13,24,24,129,129,146,164,180,455,468,468,487,487,514,528,528],"floor_reached":28,"playtime":2132,"items_purged":[],"score":281,"play_id":"a6d79bd5-a1c1-4375-acf9-11d1ec99cf80","local_time":"20190713173325","is_ascension_mode":true,"campfire_choices":[{"data":"Bash","floor":6.0,"key":"SMITH"},{"data":"Seeing Red","floor":8.0,"key":"SMITH"},{"data":"Carnage","floor":13.0,"key":"SMITH"},{"data":"Metallicize","floor":15.0,"key":"SMITH"},{"data":"Barricade","floor":23.0,"key":"SMITH"},{"floor":25.0,"key":"REST"}],"neow_cost":"NONE","seed_source_timestamp":5373767159300,"circlet_count":0,"master_deck":["Strike_R","Strike_R","Strike_R","Defend_R","Defend_R","Defend_R","Defend_R","Bash+1","Thunderclap","Iron Wave","Headbutt","Seeing Red+1","Carnage+1","Twin Strike","Metallicize+1","Barricade+1","Whirlwind+1","Body Slam","Sword Boomerang","Regret","Sword Boomerang+1","Spot Weakness","Anger"],"special_seed":0,"relics":["Burning Blood","NeowsBlessing","Happy Flower","Potion Belt","Kunai","White Beast Statue","Centennial Puzzle"],"potions_floor_usage":[28],"damage_taken":[{"damage":0.0,"enemies":"2 Louse","floor":1.0,"turns":1.0},{"damage":0.0,"enemies":"Small Slimes","floor":2.0,"turns":1.0},{"damage":0.0,"enemies":"Gremlin Nob","floor":7.0,"turns":1.0},{"damage":4.0,"enemies":"3 Sentries","floor":10.0,"turns":6.0},{"damage":1.0,"enemies":"Cultist","floor":11.0,"turns":3.0},{"damage":2.0,"enemies":"2 Fungi Beasts","floor":14.0,"turns":3.0},{"damage":14.0,"enemies":"Slime Boss","floor":16.0,"turns":7.0},{"damage":30.0,"enemies":"2 Thieves","floor":18.0,"turns":5.0},{"damage":2.0,"enemies":"Chosen","floor":19.0,"turns":3.0},{"damage":1.0,"enemies":"3 Cultists","floor":20.0,"turns":4.0},{"damage":53.0,"enemies":"Centurion and Healer","floor":22.0,"turns":6.0},{"damage":12.0,"enemies":"Cultist and Chosen","floor":24.0,"turns":4.0},{"damage":25.0,"enemies":"Snake Plant","floor":27.0,"turns":4.0},{"damage":17,"enemies":"3 Cultists","floor":28,"turns":3}],"seed_played":"5341249202666956487","potions_obtained":[{"floor":1.0,"key":"Explosive Potion"},{"floor":2.0,"key":"Fire Potion"},{"floor":18.0,"key":"Explosive Potion"},{"floor":19.0,"key":"Block Potion"},{"floor":20.0,"key":"Explosive Potion"},{"floor":22.0,"key":"SkillPotion"},{"floor":24.0,"key":"Energy Potion"},{"floor":27.0,"key":"Weak Potion"}],"is_trial":false,"path_per_floor":["M","M","?","?","?","R","E","R","T","E","M","$","R","M","R","B",null,"M","M","M","?","M","R","M","R","T","M","M"],"character_chosen":"IRONCLAD","items_purchased":["Kunai"],"campfire_rested":1,"item_purchase_floors":[12],"current_hp_per_floor":[80,80,69,69,69,69,75,75,75,77,80,80,80,80,80,72,80,56,60,65,65,18,18,12,36,36,17,0],"gold":528,"neow_bonus":"THREE_ENEMY_KILL","is_prod":false,"is_daily":false,"chose_seed":false,"campfire_upgraded":5,"win_rate":0,"timestamp":1563032005,"path_taken":["M","M","?","?","?","R","E","R","T","E","M","$","R","M","R","BOSS","M","?","M","?","?","R","M","R","T","M","?"],"build_version":"2019-07-05","purchased_purges":0,"victory":false,"max_hp_per_floor":[80,80,80,80,80,80,80,80,80,80,80,80,80,80,80,80,80,80,80,80,80,80,80,80,80,80,80,80],"card_choices":[{"not_picked":["Clash","Disarm"],"picked":"Thunderclap","floor":1.0},{"not_picked":["Headbutt","Twin Strike"],"picked":"Iron Wave","floor":2.0},{"not_picked":["Shrug It Off","Impervious"],"picked":"Seeing Red","floor":7.0},{"not_picked":["Power Through","Anger"],"picked":"Carnage","floor":10.0},{"not_picked":["Thunderclap","Burning Pact"],"picked":"Twin Strike","floor":11.0},{"not_picked":["Perfected Strike","Sever Soul"],"picked":"Metallicize","floor":14.0},{"not_picked":["Berserk","Fiend Fire"],"picked":"Barricade","floor":16.0},{"not_picked":["Warcry+1","Cleave"],"picked":"Whirlwind+1","floor":18.0},{"not_picked":["Thunderclap+1","Fire Breathing"],"picked":"Body Slam","floor":19.0},{"not_picked":["Pommel Strike","Whirlwind"],"picked":"Sword Boomerang","floor":20.0},{"not_picked":["Shrug It Off","True Grit"],"picked":"Sword Boomerang+1","floor":22.0},{"not_picked":["Pommel Strike+1","Intimidate+1"],"picked":"Spot Weakness","floor":24.0},{"not_picked":["True Grit","Sword Boomerang"],"picked":"Anger","floor":27.0}],"player_experience":129198,"relics_obtained":[{"floor":7.0,"key":"Happy Flower"},{"floor":10.0,"key":"Potion Belt"},{"floor":26.0,"key":"Centennial Puzzle"}],"event_choices":[{"damage_healed":0.0,"max_hp_gain":0.0,"max_hp_loss":0.0,"gold_gain":75.0,"event_name":"World of Goop","player_choice":"Gather Gold","floor":3.0,"gold_loss":0.0,"damage_taken":11.0},{"cards_removed":["Strike_R"],"damage_healed":0.0,"max_hp_gain":0.0,"max_hp_loss":0.0,"gold_gain":0.0,"event_name":"The Cleric","player_choice":"Card Removal","floor":4.0,"gold_loss":50.0,"damage_taken":0.0},{"damage_healed":0.0,"max_hp_gain":0.0,"max_hp_loss":0.0,"gold_gain":0.0,"cards_transformed":["Strike_R"],"event_name":"Transmorgrifier","player_choice":"Transformed","floor":5.0,"gold_loss":0.0,"damage_taken":0.0,"cards_obtained":["Headbutt"]},{"damage_healed":0.0,"max_hp_gain":0.0,"max_hp_loss":0.0,"gold_gain":275.0,"event_name":"Golden Shrine","player_choice":"Desecrate","floor":21.0,"gold_loss":0.0,"damage_taken":0.0,"cards_obtained":["Regret"]}],"is_beta":false,"boss_relics":[{"not_picked":["Tiny House","Empty Cage"],"picked":"White Beast Statue"}],"items_purged_floors":[],"is_endless":false,"potions_floor_spawned":[1,2,18,19,20,22,24,27],"killed_by":"3 Cultists","ascension_level":2}