{"gold_per_floor":[112,112,128,144,69,96,96,111,158,168,180,191,191,191,191,321,321,341,341,365,68,82,97,97,97,97,74,74,89,104,120,120,250,250,264,279,297,630,630],"floor_reached":39,"playtime":3059,"items_purged":["Defend_G"],"score":389,"play_id":"9b07427a-077c-4fa9-931f-be2f2b62be1c","local_time":"20190628200401","is_ascension_mode":false,"campfire_choices":[{"data":"Infinite Blades","floor":7,"key":"SMITH"},{"floor":15,"key":"REST"},{"floor":24,"key":"REST"},{"data":"Finisher","floor":28,"key":"SMITH"},{"floor":32,"key":"REST"}],"neow_cost":"NONE","seed_source_timestamp":458545065499621,"circlet_count":0,"master_deck":["Defend_G","Defend_G","Defend_G","Defend_G","Strike_G","Strike_G","Strike_G+1","Strike_G","Strike_G","Survivor","Neutralize","Finisher+1","Infinite Blades+1","Infinite Blades","Blade Dance","Acrobatics","Choke","Finisher+1","Parasite","Adrenaline","Endless Agony","Unload+1","Infinite Blades","Dagger Throw+1","Terror","Skewer+1","Predator+1","Unload+1","Dagger Throw+1","Riddle With Holes+1","Blade Dance"],"relics":["Eternal Feather","Matryoshka","Lantern","Centennial Puzzle","Blood Vial","Sozu","Bronze Scales","Whetstone","Dream Catcher","Molten Egg 2","Fusion Hammer"],"potions_floor_usage":[33,39],"damage_taken":[{"damage":0,"enemies":"2 Louse","floor":1,"turns":4},{"damage":0,"enemies":"Small Slimes","floor":3,"turns":3},{"damage":1,"enemies":"Jaw Worm","floor":4,"turns":3},{"damage":10,"enemies":"Gremlin Nob","floor":6,"turns":4},{"damage":6,"enemies":"Exordium Thugs","floor":8,"turns":5},{"damage":2,"enemies":"Looter","floor":10,"turns":3},{"damage":6,"enemies":"2 Fungi Beasts","floor":11,"turns":3},{"damage":9,"enemies":"Red Slaver","floor":12,"turns":2},{"damage":21,"enemies":"Slime Boss","floor":16,"turns":4},{"damage":2,"enemies":"Chosen","floor":18,"turns":3},{"damage":2,"enemies":"3 Byrds","floor":20,"turns":3},{"damage":15,"enemies":"Snake Plant","floor":22,"turns":2},{"damage":19,"enemies":"Centurion and Healer","floor":23,"turns":4},{"damage":0,"enemies":"Sentry and Sphere","floor":29,"turns":2},{"damage":21,"enemies":"Snake Plant","floor":30,"turns":2},{"damage":10,"enemies":"Chosen and Byrds","floor":31,"turns":3},{"damage":66,"enemies":"Automaton","floor":33,"turns":7},{"damage":26,"enemies":"3 Darklings","floor":35,"turns":3},{"damage":10,"enemies":"Orb Walker","floor":36,"turns":2},{"damage":25,"enemies":"Maw","floor":37,"turns":6},{"damage":16,"enemies":"Sphere and 2 Shapes","floor":39,"turns":2}],"seed_played":"-4272383934691992178","potions_obtained":[{"floor":1,"key":"Poison Potion"},{"floor":4,"key":"GhostInAJar"},{"floor":6,"key":"SneckoOil"},{"floor":8,"key":"Poison Potion"},{"floor":12,"key":"AttackPotion"}],"is_trial":false,"path_per_floor":["M","?","M","M","$","E","R","M","T","M","M","M","?","?","R","B",null,"M","?","M","$","M","M","R","?","T","$","R","M","M","M","R","B",null,"M","M","M","?","M"],"character_chosen":"THE_SILENT","items_purchased":["Unload","Whetstone","Infinite Blades","Dagger Throw+1"],"campfire_rested":3,"item_purchase_floors":[21,21,21,27],"current_hp_per_floor":[70,67,67,66,66,56,62,56,56,56,52,45,28,45,70,49,70,68,68,68,68,55,38,70,70,70,70,70,70,49,41,70,4,70,44,36,13,13,0],"gold":630,"neow_bonus":"BOSS_RELIC","is_prod":false,"is_daily":false,"chose_seed":false,"campfire_upgraded":2,"win_rate":0.0,"timestamp":1561723441,"path_taken":["M","?","M","M","$","E","R","M","T","M","M","M","?","?","R","BOSS","M","?","M","$","M","M","R","?","T","$","R","M","M","M","R","BOSS","M","M","M","?","M"],"build_version":"2019-01-23","purchased_purges":1,"victory":false,"max_hp_per_floor":[70,70,70,70,70,70,70,70,70,70,70,70,70,70,70,70,70,70,70,70,70,70,70,70,70,70,70,70,70,70,70,70,70,70,70,70,70,70,70],"card_choices":[{"not_picked":["Bouncing Flask","Quick Slash"],"picked":"Finisher","floor":1},{"not_picked":["Underhanded Strike","Backflip"],"picked":"Infinite Blades","floor":3},{"not_picked":["Caltrops","Dash"],"picked":"Infinite Blades","floor":4},{"not_picked":["Distraction","Bane","Escape Plan"],"picked":"SKIP","floor":6},{"not_picked":["Acrobatics","Leg Sweep"],"picked":"Blade Dance","floor":8},{"not_picked":["Deadly Poison","Bane"],"picked":"Acrobatics","floor":10},{"not_picked":["Underhanded Strike","Phantasmal Killer"],"picked":"Choke","floor":11},{"not_picked":["Dagger Spray","Poisoned Stab"],"picked":"Finisher","floor":12},{"not_picked":["Malaise","Glass Knife"],"picked":"Adrenaline","floor":16},{"not_picked":["Reflex","Bane","Outmaneuver"],"picked":"SKIP","floor":18},{"not_picked":["Choke","PiercingWail"],"picked":"Endless Agony","floor":20},{"not_picked":["Outmaneuver","Bullet Time","PiercingWail"],"picked":"SKIP","floor":22},{"not_picked":["Backflip","Outmaneuver","Tactician"],"picked":"SKIP","floor":23},{"not_picked":["Underhanded Strike+1","Heel Hook+1"],"picked":"Terror","floor":29},{"not_picked":["Leg Sweep","Bane+1"],"picked":"Skewer+1","floor":30},{"not_picked":["Bane+1","Deflect","Bouncing Flask"],"picked":"SKIP","floor":31},{"not_picked":["Deflect","Prepared"],"picked":"Predator+1","floor":32},{"not_picked":["Phantasmal Killer","Burst"],"picked":"Unload+1","floor":33},{"not_picked":["Blur+1","Prepared+1"],"picked":"Dagger Throw+1","floor":35},{"not_picked":["Dash+1","Reflex"],"picked":"Riddle With Holes+1","floor":36},{"not_picked":["Outmaneuver+1","Infinite Blades+1"],"picked":"Blade Dance","floor":37}],"player_experience":37327,"relics_obtained":[{"floor":6,"key":"Lantern"},{"floor":9,"key":"Centennial Puzzle"},{"floor":9,"key":"Blood Vial"},{"floor":26,"key":"Dream Catcher"},{"floor":26,"key":"Molten Egg 2"}],"event_choices":[{"damage_healed":0,"gold_gain":0,"player_choice":"Success","damage_taken":3,"relics_obtained":["Matryoshka"],"max_hp_gain":0,"max_hp_loss":0,"event_name":"Scrap Ooze","floor":2,"gold_loss":0},{"damage_healed":0,"gold_gain":0,"player_choice":"Take Damage","damage_taken":17,"relics_obtained":["Golden Idol"],"max_hp_gain":0,"max_hp_loss":0,"event_name":"Golden Idol","floor":13,"gold_loss":0},{"damage_healed":17,"gold_gain":0,"player_choice":"Healed and dodged fight","damage_taken":0,"max_hp_gain":0,"max_hp_loss":0,"event_name":"Mushrooms","floor":14,"gold_loss":0,"cards_obtained":["Parasite"]},{"damage_healed":0,"gold_gain":0,"player_choice":"Opened","damage_taken":0,"relics_obtained":["Bronze Scales"],"max_hp_gain":0,"max_hp_loss":0,"event_name":"The Mausoleum","floor":19,"gold_loss":0},{"damage_healed":0,"gold_gain":0,"player_choice":"Forge","damage_taken":0,"max_hp_gain":0,"max_hp_loss":0,"event_name":"Accursed Blacksmith","floor":25,"gold_loss":0,"cards_upgraded":["Finisher"]},{"damage_healed":0,"gold_gain":333,"player_choice":"Gave Idol","damage_taken":0,"max_hp_gain":0,"max_hp_loss":0,"event_name":"The Moai Head","floor":38,"relics_lost":["Golden Idol"],"gold_loss":0}],"is_beta":false,"boss_relics":[{"not_picked":["HoveringKite","Cursed Key"],"picked":"Sozu"},{"not_picked":["Coffee Dripper","Astrolabe"],"picked":"Fusion Hammer"}],"items_purged_floors":[5],"is_endless":false,"potions_floor_spawned":[1,4,6,8,12,23,29,30,33,37],"killed_by":"Sphere and 2 Shapes","ascension_level":0}