{"gold_per_floor":[110,126,140,71,71,106,106,139,219,6,40,72,98,121,133,244,256,287,151,151,171,171,203,203,220,220,220,220,220,235,235,235,330,330,350,67,167,167,17,52,52],"floor_reached":41,"playtime":2056,"items_purged":["Strike_R","Strike_R","Normality","Strike_R+1"],"score":548,"play_id":"969f528e-c718-410b-8b21-c91f6c5f2e9a","local_time":"20190715143051","is_ascension_mode":true,"campfire_choices":[{"floor":7.0,"key":"REST"},{"floor":15.0,"key":"REST"},{"data":"Disarm","floor":24.0,"key":"SMITH"},{"data":"Feel No Pain","floor":28.0,"key":"SMITH"},{"floor":32.0,"key":"REST"}],"neow_cost":"NONE","seed_source_timestamp":444518606842153,"circlet_count":0,"master_deck":["Strike_R+1","Strike_R+1","Defend_R+1","Defend_R+1","Defend_R+1","Defend_R+1","Bash","Clothesline","Twin Strike","Pommel Strike","Feel No Pain+1","Juggernaut","Pommel Strike","Corruption","Ghostly Armor","Spot Weakness","Sentinel","Armaments","Spot Weakness","Limit Break","Shrug It Off","Disarm+1","Spot Weakness","Reckless Charge","Combust+1","Infernal Blade+1","Reaper","Shrug It Off","Flame Barrier","Infernal Blade","Metallicize"],"special_seed":0,"relics":["Burning Blood","Ice Cream","Oddly Smooth Stone","MawBank","Cursed Key","Question Card","Paper Frog","MutagenicStrength","Black Star","WingedGreaves","Champion Belt","Bag of Preparation"],"potions_floor_usage":[],"damage_taken":[{"damage":10.0,"enemies":"Cultist","floor":1.0,"turns":4.0},{"damage":4.0,"enemies":"Jaw Worm","floor":2.0,"turns":4.0},{"damage":0.0,"enemies":"Small Slimes","floor":3.0,"turns":4.0},{"damage":24.0,"enemies":"3 Sentries","floor":6.0,"turns":8.0},{"damage":10.0,"enemies":"Lagavulin","floor":8.0,"turns":7.0},{"damage":18.0,"enemies":"3 Sentries","floor":11.0,"turns":7.0},{"damage":5.0,"enemies":"Looter","floor":12.0,"turns":4.0},{"damage":18.0,"enemies":"3 Louse","floor":13.0,"turns":4.0},{"damage":4.0,"enemies":"2 Fungi Beasts","floor":14.0,"turns":4.0},{"damage":22.0,"enemies":"The Guardian","floor":16.0,"turns":10.0},{"damage":12.0,"enemies":"3 Byrds","floor":18.0,"turns":2.0},{"damage":1.0,"enemies":"Shell Parasite","floor":21.0,"turns":5.0},{"damage":44.0,"enemies":"Slavers","floor":23.0,"turns":6.0},{"damage":6.0,"enemies":"Centurion and Healer","floor":25.0,"turns":5.0},{"damage":38.0,"enemies":"3 Cultists","floor":30.0,"turns":6.0},{"damage":48.0,"enemies":"Automaton","floor":33.0,"turns":8.0},{"damage":35.0,"enemies":"Orb Walker","floor":35.0,"turns":5.0},{"damage":10.0,"enemies":"Mind Bloom Boss Battle","floor":37.0,"turns":8.0},{"damage":43.0,"enemies":"Nemesis","floor":40.0,"turns":9.0},{"damage":34,"enemies":"3 Darklings","floor":41,"turns":4}],"seed_played":"-8089488447114616774","potions_obtained":[{"floor":2.0,"key":"LiquidBronze"},{"floor":3.0,"key":"SkillPotion"},{"floor":11.0,"key":"PowerPotion"},{"floor":14.0,"key":"BloodPotion"},{"floor":23.0,"key":"Block Potion"},{"floor":25.0,"key":"EntropicBrew"},{"floor":33.0,"key":"Strength Potion"},{"floor":40.0,"key":"Strength Potion"}],"is_trial":false,"path_per_floor":["M","M","M","$","?","E","R","E","T","$","E","M","M","M","R","B",null,"M","$","?","M","?","E","R","M","T","?","R","?","M","?","R","B",null,"M","$","?","?","$","E","M"],"character_chosen":"IRONCLAD","items_purchased":["Feel No Pain","Corruption","Ghostly Armor","Weak Potion","Flame Barrier","Infernal Blade"],"campfire_rested":3,"item_purchase_floors":[4,10,10,19,36,36],"current_hp_per_floor":[76,78,80,80,64,46,70,66,66,66,54,55,43,45,69,53,80,74,74,74,79,79,61,61,61,61,61,61,61,29,29,53,11,80,51,51,47,52,52,30,0],"gold":52,"neow_bonus":"THREE_CARDS","is_prod":false,"is_daily":false,"chose_seed":false,"campfire_upgraded":2,"win_rate":0,"timestamp":1563215451,"path_taken":["M","?","M","?","?","E","R","E","T","?","E","?","M","M","R","BOSS","M","$","?","M","?","E","R","M","T","?","R","?","M","?","R","BOSS","M","$","?","?","$","E","?"],"build_version":"2019-07-05","purchased_purges":4,"victory":false,"max_hp_per_floor":[80,80,80,80,80,80,80,80,80,80,80,80,80,80,80,80,80,80,80,80,80,80,80,80,80,80,80,80,80,80,80,80,80,80,80,80,80,80,80,80,80],"card_choices":[{"not_picked":["Clash","Body Slam"],"picked":"Clothesline","floor":0.0},{"not_picked":["Cleave","Pommel Strike"],"picked":"Iron Wave","floor":1.0},{"not_picked":["Body Slam","Cleave"],"picked":"Twin Strike","floor":2.0},{"not_picked":["Armaments","Warcry"],"picked":"Pommel Strike","floor":3.0},{"not_picked":["Headbutt","Perfected Strike"],"picked":"Juggernaut","floor":6.0},{"not_picked":["Anger","Heavy Blade"],"picked":"Pommel Strike","floor":8.0},{"not_picked":["Whirlwind","Hemokinesis"],"picked":"Spot Weakness","floor":11.0},{"not_picked":["Twin Strike","Perfected Strike"],"picked":"Sentinel","floor":12.0},{"not_picked":["Sword Boomerang","Entrench"],"picked":"Armaments","floor":13.0},{"not_picked":["Sever Soul","Ghostly Armor"],"picked":"Spot Weakness","floor":14.0},{"not_picked":["Fiend Fire","Brutality"],"picked":"Limit Break","floor":16.0},{"not_picked":["Clash","Sever Soul"],"picked":"Shrug It Off","floor":18.0},{"not_picked":["Twin Strike+1","Clothesline+1"],"picked":"Disarm","floor":21.0},{"not_picked":["Sever Soul","Intimidate"],"picked":"Reckless Charge","floor":23.0},{"not_picked":["Bludgeon","Hemokinesis","Flex+1"],"picked":"Combust+1","floor":25.0},{"not_picked":["Hemokinesis","Evolve","True Grit"],"picked":"Infernal Blade+1","floor":30.0},{"not_picked":["Offering","Impervious","Bludgeon"],"picked":"Reaper","floor":33.0},{"not_picked":["Searing Blow","Wild Strike","Clash"],"picked":"Shrug It Off","floor":35.0},{"not_picked":["Pommel Strike","Searing Blow","Inflame"],"picked":"Metallicize","floor":40.0}],"player_experience":163829,"relics_obtained":[{"floor":6.0,"key":"Ice Cream"},{"floor":8.0,"key":"Oddly Smooth Stone"},{"floor":11.0,"key":"MawBank"},{"floor":23.0,"key":"Question Card"},{"floor":26.0,"key":"Paper Frog"},{"floor":37.0,"key":"WingedGreaves"},{"floor":40.0,"key":"Champion Belt"},{"floor":40.0,"key":"Bag of Preparation"}],"event_choices":[{"damage_healed":0.0,"max_hp_gain":0.0,"max_hp_loss":0.0,"gold_gain":0.0,"event_name":"Shining Light","player_choice":"Entered Light","floor":5.0,"gold_loss":0.0,"damage_taken":16.0,"cards_upgraded":["Strike_R","Strike_R"]},{"damage_healed":0.0,"max_hp_gain":0.0,"max_hp_loss":0.0,"gold_gain":0.0,"event_name":"The Mausoleum","player_choice":"Ignored","floor":20.0,"gold_loss":0.0,"damage_taken":0.0},{"damage_healed":0.0,"max_hp_gain":0.0,"max_hp_loss":0.0,"gold_gain":0.0,"event_name":"The Library","player_choice":"Read","floor":22.0,"gold_loss":0.0,"damage_taken":0.0,"cards_obtained":["Spot Weakness"]},{"damage_healed":0.0,"max_hp_gain":0.0,"max_hp_loss":0.0,"gold_gain":0.0,"event_name":"Vampires","player_choice":"Ignored","floor":27.0,"gold_loss":0.0,"damage_taken":0.0},{"damage_healed":0.0,"max_hp_gain":0.0,"max_hp_loss":0.0,"gold_gain":0.0,"event_name":"Drug Dealer","player_choice":"Inject Mutagens","floor":29.0,"gold_loss":0.0,"damage_taken":0.0,"relics_obtained":["MutagenicStrength"]},{"damage_healed":0.0,"max_hp_gain":0.0,"max_hp_loss":0.0,"gold_gain":0.0,"event_name":"Back to Basics","player_choice":"Simplicity","floor":31.0,"gold_loss":0.0,"damage_taken":0.0,"cards_upgraded":["Strike_R","Defend_R","Defend_R","Defend_R","Defend_R"]},{"damage_healed":0.0,"max_hp_gain":0.0,"max_hp_loss":0.0,"gold_gain":0.0,"event_name":"MindBloom","player_choice":"Fight","floor":37.0,"gold_loss":0.0,"damage_taken":0.0},{"cards_removed":["Iron Wave"],"damage_healed":5.0,"max_hp_gain":0.0,"max_hp_loss":0.0,"gold_gain":0.0,"event_name":"Bonfire Elementals","player_choice":"Offered Common","floor":38.0,"gold_loss":0.0,"damage_taken":0.0},{"cards_removed":["Iron Wave"],"damage_healed":5.0,"max_hp_gain":0.0,"max_hp_loss":0.0,"gold_gain":0.0,"event_name":"Bonfire Elementals","player_choice":"Offered Special","floor":38.0,"gold_loss":0.0,"damage_taken":0.0}],"is_beta":false,"boss_relics":[{"not_picked":["Tiny House","Astrolabe"],"picked":"Cursed Key"},{"not_picked":["Calling Bell","Coffee Dripper"],"picked":"Black Star"}],"items_purged_floors":[10,19,36,39],"is_endless":false,"potions_floor_spawned":[2,3,11,14,23,25,33,40],"killed_by":"3 Darklings","ascension_level":4}