{"gold_per_floor":[111,36,50,50,50,50,77,77,77,92,112,132,147,158,158,236,236,246,146,146,163,163,163,181,181,181,195,195,207,221,235,235,312,312,326,326,336,350,364,364,81,100,100,119,129,142,142,155,155,155],"floor_reached":51,"playtime":3896,"items_purged":["Doubt","Strike_G"],"score":1157,"play_id":"6e4d3f7b-41c8-45e8-a488-8e61a7f99c95","local_time":"20181223171628","is_ascension_mode":true,"campfire_choices":[{"data":"Neutralize","floor":6,"key":"SMITH"},{"data":"Noxious Fumes","floor":15,"key":"SMITH"},{"data":"Footwork","floor":23,"key":"SMITH"},{"data":"Backflip","floor":25,"key":"SMITH"},{"floor":32,"key":"REST"},{"floor":40,"key":"REST"},{"floor":49,"key":"REST"}],"neow_cost":"CURSE","seed_source_timestamp":194053223509681,"circlet_count":0,"master_deck":["AscendersBane","Defend_G","Defend_G","Defend_G","Defend_G","Strike_G","Strike_G","Survivor","Neutralize+1","Backflip+1","Quick Slash","Footwork+1","Noxious Fumes+1","Well Laid Plans","Leg Sweep","Dagger Throw+1","Backstab+1","Bullet Time","Die Die Die+1","PiercingWail+1","Poisoned Stab+1","After Image","Dagger Spray+1","Acrobatics","Backstab+1","Corpse Explosion","Acrobatics+1","Leg Sweep","Deadly Poison","Sucker Punch+1","Escape Plan","Blur+1"],"relics":["Ring of the Snake","Prayer Wheel","Molten Egg 2","Girya","Sozu","Ninja Scroll","Eternal Feather","Paper Crane","Ornamental Fan"],"potions_floor_usage":[16,38],"damage_taken":[{"damage":11,"enemies":"Jaw Worm","floor":1,"turns":7},{"damage":0,"enemies":"2 Louse","floor":3,"turns":3},{"damage":45,"enemies":"Gremlin Nob","floor":7,"turns":6},{"damage":0,"enemies":"Cultist","floor":10,"turns":3},{"damage":10,"enemies":"Red Slaver","floor":11,"turns":5},{"damage":0,"enemies":"Blue Slaver","floor":12,"turns":5},{"damage":0,"enemies":"Large Slime","floor":13,"turns":7},{"damage":0,"enemies":"Exordium Wildlife","floor":14,"turns":4},{"damage":0,"enemies":"Hexaghost","floor":16,"turns":10},{"damage":5,"enemies":"Chosen","floor":18,"turns":7},{"damage":0,"enemies":"3 Byrds","floor":21,"turns":4},{"damage":14,"enemies":"Centurion and Healer","floor":24,"turns":6},{"damage":2,"enemies":"Shelled Parasite and Fungi","floor":27,"turns":6},{"damage":0,"enemies":"Snake Plant","floor":29,"turns":4},{"damage":8,"enemies":"Snecko","floor":30,"turns":6},{"damage":18,"enemies":"Centurion and Healer","floor":31,"turns":6},{"damage":20,"enemies":"Collector","floor":33,"turns":11},{"damage":0,"enemies":"3 Shapes","floor":35,"turns":4},{"damage":9,"enemies":"3 Darklings","floor":37,"turns":3},{"damage":0,"enemies":"Jaw Worm Horde","floor":38,"turns":1},{"damage":34,"enemies":"Transient","floor":39,"turns":5},{"damage":0,"enemies":"Sphere and 2 Shapes","floor":42,"turns":6},{"damage":9,"enemies":"Spire Growth","floor":44,"turns":6},{"damage":9,"enemies":"Jaw Worm Horde","floor":45,"turns":3},{"damage":5,"enemies":"4 Shapes","floor":46,"turns":3},{"damage":10,"enemies":"3 Darklings","floor":48,"turns":3},{"damage":24,"enemies":"Awakened One","floor":50,"turns":25}],"seed_played":"-865869850722072055","potions_obtained":[{"floor":7,"key":"PowerPotion"},{"floor":10,"key":"Weak Potion"},{"floor":16,"key":"SteroidPotion"}],"is_trial":false,"path_per_floor":["M","$","M","?","?","R","E","?","T","M","M","M","M","M","R","B",null,"M","$","?","M","?","R","M","R","T","M","?","M","M","M","R","B",null,"M","?","M","M","M","R","$","M","T","M","M","M","?","M","R","B",null],"character_chosen":"THE_SILENT","items_purchased":["Paper Crane","Deadly Poison"],"campfire_rested":3,"item_purchase_floors":[41,41],"current_hp_per_floor":[48,48,48,48,66,66,21,21,21,21,11,11,11,11,11,11,52,47,47,47,47,47,47,33,33,33,31,31,31,23,5,24,4,51,51,51,42,42,8,42,42,42,42,33,24,19,19,9,46,22],"gold":155,"neow_bonus":"ONE_RARE_RELIC","is_prod":false,"is_daily":false,"chose_seed":false,"campfire_upgraded":4,"win_rate":0,"timestamp":1545545788,"path_taken":["M","$","M","?","?","R","E","?","T","M","M","?","M","M","R","BOSS","M","$","?","M","?","R","M","R","T","M","?","?","M","M","R","BOSS","M","?","M","?","M","R","$","?","T","M","?","M","?","M","R","BOSS"],"build_version":"2018-12-20","purchased_purges":2,"victory":true,"max_hp_per_floor":[66,66,66,66,66,66,66,66,66,66,66,66,66,66,66,66,66,66,66,66,66,66,66,66,66,66,66,66,66,66,66,66,66,66,66,66,66,66,66,66,66,66,66,66,66,66,66,66,66,66],"card_choices":[{"not_picked":["Outmaneuver","Deflect"],"picked":"Backflip","floor":1},{"not_picked":["Cloak And Dagger","Flying Knee","Escape Plan"],"picked":"SKIP","floor":1},{"not_picked":["Dagger Spray","Backflip"],"picked":"Quick Slash","floor":3},{"not_picked":["Quick Slash","All Out Attack","Choke"],"picked":"SKIP","floor":3},{"not_picked":["Flying Knee","Grand Finale","Setup"],"picked":"SKIP","floor":7},{"not_picked":["Dash+1","Poisoned Stab+1"],"picked":"Footwork","floor":10},{"not_picked":["Tactician","Caltrops"],"picked":"Noxious Fumes","floor":10},{"not_picked":["Riddle With Holes+1","Footwork"],"picked":"Well Laid Plans","floor":11},{"not_picked":["Blur","Slice+1","Masterful Stab+1"],"picked":"SKIP","floor":11},{"not_picked":["Quick Slash+1","PiercingWail"],"picked":"Leg Sweep","floor":12},{"not_picked":["Accuracy","Backflip"],"picked":"Dagger Throw+1","floor":12},{"not_picked":["PiercingWail","Deadly Poison"],"picked":"Backstab+1","floor":13},{"not_picked":["Prepared","Deflect"],"picked":"Bullet Time","floor":13},{"not_picked":["Cloak And Dagger","Deadly Poison","Slice+1"],"picked":"SKIP","floor":14},{"not_picked":["Blade Dance","Tactician","Quick Slash+1"],"picked":"SKIP","floor":14},{"not_picked":["Bullet Time","Grand Finale+1"],"picked":"Die Die Die+1","floor":16},{"not_picked":["Masterful Stab+1","Outmaneuver"],"picked":"PiercingWail+1","floor":18},{"not_picked":["Deflect","Heel Hook+1"],"picked":"Poisoned Stab+1","floor":18},{"not_picked":["Eviscerate+1","Underhanded Strike+1","Envenom"],"picked":"SKIP","floor":21},{"not_picked":["Deadly Poison","Dagger Throw+1","Quick Slash+1"],"picked":"SKIP","floor":21},{"not_picked":["Flying Knee+1","Accuracy","Dagger Throw+1"],"picked":"SKIP","floor":24},{"not_picked":["Caltrops","Concentrate","Cloak And Dagger"],"picked":"SKIP","floor":24},{"not_picked":["Tactician","Blade Dance"],"picked":"After Image","floor":27},{"not_picked":["Setup","Poisoned Stab+1","Underhanded Strike+1"],"picked":"SKIP","floor":27},{"not_picked":["Deflect","PiercingWail"],"picked":"Dagger Spray+1","floor":29},{"not_picked":["Dash+1","Skewer+1"],"picked":"Acrobatics","floor":29},{"not_picked":["Deflect","Blade Dance","Dodge and Roll+1"],"picked":"SKIP","floor":30},{"not_picked":["Bane+1","After Image","Backflip"],"picked":"SKIP","floor":30},{"not_picked":["Predator+1","Sucker Punch+1"],"picked":"Backstab+1","floor":31},{"not_picked":["Underhanded Strike+1","Bane+1","Acrobatics"],"picked":"SKIP","floor":31},{"not_picked":["Unload+1","Envenom"],"picked":"Corpse Explosion","floor":33},{"not_picked":["Outmaneuver","Dodge and Roll"],"picked":"Acrobatics","floor":35},{"not_picked":["Well Laid Plans","Predator+1","All Out Attack+1"],"picked":"SKIP","floor":35},{"not_picked":["Well Laid Plans","Predator+1","All Out Attack+1"],"picked":"SKIP","floor":35},{"not_picked":["Finisher+1","Blade Dance"],"picked":"Leg Sweep","floor":37},{"not_picked":["Endless Agony+1","Bane+1","Prepared"],"picked":"SKIP","floor":37},{"not_picked":["Dagger Spray+1","Quick Slash+1","Malaise"],"picked":"SKIP","floor":38},{"not_picked":["Quick Slash+1","Dagger Throw+1","Sucker Punch+1"],"picked":"SKIP","floor":38},{"not_picked":["Cloak And Dagger","Bane+1","Deflect"],"picked":"SKIP","floor":39},{"not_picked":["Dodge and Roll","Quick Slash+1","Slice+1"],"picked":"SKIP","floor":39},{"not_picked":["Infinite Blades+1","Quick Slash+1","A Thousand Cuts"],"picked":"SKIP","floor":42},{"not_picked":["PiercingWail","Dodge and Roll","Accuracy"],"picked":"SKIP","floor":42},{"not_picked":["Underhanded Strike+1","Concentrate"],"picked":"Sucker Punch+1","floor":44},{"not_picked":["Quick Slash+1","Eviscerate+1","Concentrate"],"picked":"SKIP","floor":44},{"not_picked":["Underhanded Strike+1","Flying Knee+1"],"picked":"Escape Plan","floor":45},{"not_picked":["Cloak And Dagger","Underhanded Strike+1","Dagger Throw+1"],"picked":"SKIP","floor":45},{"not_picked":["Dodge and Roll+1","Bane+1"],"picked":"Blur+1","floor":46},{"not_picked":["Acrobatics","Storm of Steel","Prepared"],"picked":"SKIP","floor":46},{"not_picked":["Blade Dance","Tactician+1","Acrobatics"],"picked":"SKIP","floor":48},{"not_picked":["Dash+1","Backflip","Prepared"],"picked":"SKIP","floor":48}],"player_experience":492768,"relics_obtained":[{"floor":7,"key":"Molten Egg 2"},{"floor":9,"key":"Girya"},{"floor":26,"key":"Ninja Scroll"},{"floor":43,"key":"Ornamental Fan"}],"event_choices":[{"damage_healed":0,"gold_gain":0,"player_choice":"Ignored","damage_taken":0,"max_hp_gain":0,"max_hp_loss":0,"event_name":"Liars Game","floor":4,"gold_loss":0},{"damage_healed":22,"gold_gain":0,"player_choice":"Banana","damage_taken":0,"max_hp_gain":0,"max_hp_loss":0,"event_name":"Big Fish","floor":5,"gold_loss":0},{"cards_removed":["Strike_G"],"damage_healed":0,"gold_gain":0,"player_choice":"Purged","damage_taken":0,"max_hp_gain":0,"max_hp_loss":0,"event_name":"Purifier","floor":8,"gold_loss":0},{"damage_healed":0,"gold_gain":0,"player_choice":"Ignored","damage_taken":0,"max_hp_gain":0,"max_hp_loss":0,"event_name":"Cursed Tome","floor":20,"gold_loss":0},{"cards_removed":["Defend_G"],"damage_healed":0,"gold_gain":0,"player_choice":"Elegance","damage_taken":0,"max_hp_gain":0,"max_hp_loss":0,"event_name":"Back to Basics","floor":22,"gold_loss":0},{"damage_healed":0,"gold_gain":0,"player_choice":"Ignored","damage_taken":0,"max_hp_gain":0,"max_hp_loss":0,"event_name":"Ghosts","floor":28,"gold_loss":0},{"cards_removed":["Strike_G"],"damage_healed":0,"gold_gain":0,"player_choice":"Purged","damage_taken":0,"max_hp_gain":0,"max_hp_loss":0,"event_name":"Purifier","floor":36,"gold_loss":0},{"damage_healed":0,"gold_gain":0,"player_choice":"Upgraded","damage_taken":0,"max_hp_gain":0,"max_hp_loss":0,"event_name":"Upgrade Shrine","floor":47,"gold_loss":0,"cards_upgraded":["Acrobatics"]}],"is_beta":true,"boss_relics":[{"not_picked":["Empty Cage","Lizard Tail"],"picked":"Sozu"},{"not_picked":["White Beast Statue","Pandora\u0027s Box"],"picked":"Eternal Feather"}],"items_purged_floors":[2,19],"is_endless":false,"potions_floor_spawned":[7,10,12,14,16,18,21,31,33,35,38,45,46],"ascension_level":15}