{"gold_per_floor":[109,126,8,21,32,32,32,32,81,110,180,194,204,204,204,204],"floor_reached":16,"playtime":1113,"items_purged":[],"score":129,"play_id":"0dfc0b31-55f1-4458-a27b-ec0ee243549b","local_time":"20190710161013","is_ascension_mode":false,"campfire_choices":[{"data":"Blade Dance","floor":6.0,"key":"SMITH"},{"floor":15,"key":"REST"}],"neow_cost":"NONE","seed_source_timestamp":0,"circlet_count":0,"master_deck":["Strike_G","Strike_G","Strike_G","Strike_G","Strike_G","Defend_G","Defend_G","Defend_G","Defend_G","Defend_G","Survivor","Neutralize","Blind","Sucker Punch","Blade Dance+1","Dagger Spray","Endless Agony","Dagger Spray","Flechettes","Adrenaline","Dagger Spray","Dagger Spray","Finisher"],"special_seed":0,"relics":["Ring of the Snake","SsserpentHead","Anchor","Orichalcum"],"potions_floor_usage":[16],"damage_taken":[{"damage":4.0,"enemies":"Cultist","floor":1.0,"turns":4.0},{"damage":0.0,"enemies":"Jaw Worm","floor":2.0,"turns":4.0},{"damage":0.0,"enemies":"2 Louse","floor":4.0,"turns":2.0},{"damage":11.0,"enemies":"Exordium Thugs","floor":5.0,"turns":6.0},{"damage":36.0,"enemies":"Gremlin Nob","floor":10.0,"turns":6.0},{"damage":0.0,"enemies":"Looter","floor":11.0,"turns":3.0},{"damage":0.0,"enemies":"Exordium Wildlife","floor":12.0,"turns":5.0},{"damage":1.0,"enemies":"Blue Slaver","floor":13.0,"turns":3.0},{"damage":43,"enemies":"The Guardian","floor":16,"turns":16}],"seed_played":"-7604894852558480241","potions_obtained":[{"floor":5.0,"key":"GamblersBrew"},{"floor":13.0,"key":"Swift Potion"}],"is_trial":false,"path_per_floor":["M","M","$","M","M","R","?","?","T","E","M","M","M","?","R","B"],"character_chosen":"THE_SILENT","items_purchased":["Dagger Spray","Endless Agony"],"campfire_rested":1,"item_purchase_floors":[3,3],"current_hp_per_floor":[66,66,66,66,55,55,55,55,55,19,19,19,18,18,39,0],"gold":204,"neow_bonus":"RANDOM_COLORLESS","is_prod":false,"is_daily":false,"chose_seed":false,"campfire_upgraded":1,"win_rate":0.0,"timestamp":1562789413,"path_taken":["M","M","?","M","M","R","?","?","T","E","?","M","M","?","R","BOSS"],"build_version":"2019-07-05","purchased_purges":0,"victory":false,"max_hp_per_floor":[70,70,70,70,70,70,70,70,70,70,70,70,70,70,70,70],"card_choices":[{"not_picked":["Outmaneuver","Well Laid Plans"],"picked":"Sucker Punch","floor":1.0},{"not_picked":["Accuracy","Backflip"],"picked":"Blade Dance","floor":2.0},{"not_picked":["Deflect","Wraith Form v2"],"picked":"Dagger Spray","floor":4.0},{"not_picked":["Caltrops","Deadly Poison"],"picked":"Flechettes","floor":5.0},{"not_picked":["Leg Sweep","Acrobatics"],"picked":"Adrenaline","floor":10.0},{"not_picked":["PiercingWail","Slice"],"picked":"Dagger Spray","floor":11.0},{"not_picked":["Outmaneuver","Backflip"],"picked":"Dagger Spray","floor":12.0},{"not_picked":["Dodge and Roll","Quick Slash"],"picked":"Finisher","floor":13.0}],"player_experience":40751,"relics_obtained":[{"floor":9.0,"key":"Anchor"},{"floor":10.0,"key":"Orichalcum"}],"event_choices":[{"damage_healed":0.0,"max_hp_gain":0.0,"max_hp_loss":0.0,"gold_gain":0.0,"event_name":"Liars Game","player_choice":"Ignored","floor":7.0,"gold_loss":0.0,"damage_taken":0.0},{"damage_healed":0.0,"max_hp_gain":0.0,"max_hp_loss":0.0,"gold_gain":0.0,"event_name":"FaceTrader","player_choice":"Trade","floor":8.0,"gold_loss":0.0,"damage_taken":0.0,"relics_obtained":["SsserpentHead"]},{"damage_healed":0.0,"max_hp_gain":0.0,"max_hp_loss":0.0,"gold_gain":0.0,"event_name":"World of Goop","player_choice":"Left Gold","floor":14.0,"gold_loss":50.0,"damage_taken":0.0}],"is_beta":false,"boss_relics":[],"items_purged_floors":[],"is_endless":false,"potions_floor_spawned":[5,13],"killed_by":"The Guardian","ascension_level":0}