{"gold_per_floor":[117,117,135,135,153,153,173,173,173,50,50,66,82,6,6,6],"floor_reached":16,"playtime":2342,"items_purged":[],"score":92,"play_id":"1b3725d0-59de-4de6-96a5-658a7490334e","local_time":"20190710114619","is_ascension_mode":false,"campfire_choices":[{"floor":6,"key":"REST"},{"data":"Distraction","floor":8,"key":"SMITH"},{"floor":15,"key":"REST"}],"neow_cost":"NONE","seed_source_timestamp":2414932704494,"circlet_count":0,"master_deck":["Strike_G","Strike_G","Strike_G","Strike_G","Defend_G","Defend_G","Defend_G","Defend_G","Survivor","Neutralize","Distraction+1","Dodge and Roll","Sucker Punch","Slice","Blade Dance","Infinite Blades","Riddle With Holes","Blade Dance","Backstab"],"relics":["Ring of the Snake","Omamori","Sundial","Happy Flower"],"potions_floor_usage":[12,16],"damage_taken":[{"damage":2,"enemies":"Jaw Worm","floor":1,"turns":5},{"damage":0,"enemies":"Small Slimes","floor":3,"turns":4},{"damage":0,"enemies":"Cultist","floor":5,"turns":5},{"damage":2,"enemies":"Looter","floor":7,"turns":4},{"damage":14,"enemies":"Gremlin Gang","floor":12,"turns":6},{"damage":16,"enemies":"Exordium Wildlife","floor":13,"turns":4},{"damage":61,"enemies":"Slime Boss","floor":16,"turns":11}],"seed_played":"-4357051434717235464","potions_obtained":[{"floor":3,"key":"Swift Potion"},{"floor":7,"key":"FearPotion"},{"floor":13,"key":"Energy Potion"}],"is_trial":false,"path_per_floor":["M","?","M","?","M","R","M","R","T","$","?","M","M","$","R","B"],"character_chosen":"THE_SILENT","items_purchased":["Blade Dance","Infinite Blades","Backstab"],"campfire_rested":2,"item_purchase_floors":[10,10,14],"current_hp_per_floor":[68,61,61,49,49,70,68,68,68,68,68,54,38,38,59,0],"gold":6,"neow_bonus":"RANDOM_COMMON_RELIC","is_prod":false,"is_daily":false,"chose_seed":false,"campfire_upgraded":1,"win_rate":0.0,"timestamp":1562773579,"path_taken":["M","?","M","?","M","R","M","R","T","$","?","?","M","?","R","BOSS"],"build_version":"2019-07-05","purchased_purges":0,"victory":false,"max_hp_per_floor":[70,70,70,70,70,70,70,70,70,70,70,70,70,70,70,70],"card_choices":[{"not_picked":["Bane","Blur"],"picked":"Distraction","floor":1},{"not_picked":["Backflip","Underhanded Strike"],"picked":"Dodge and Roll","floor":3},{"not_picked":["Expertise","Blur"],"picked":"Sucker Punch","floor":5},{"not_picked":["Quick Slash","Expertise"],"picked":"Slice","floor":7},{"not_picked":["PiercingWail","Reflex"],"picked":"Riddle With Holes","floor":12},{"not_picked":["Deflect","Cloak And Dagger"],"picked":"Blade Dance","floor":13}],"player_experience":36892,"relics_obtained":[{"floor":9,"key":"Happy Flower"}],"event_choices":[{"cards_removed":["Strike_G"],"damage_healed":0,"gold_gain":0,"player_choice":"Card Removal","damage_taken":7,"max_hp_gain":0,"max_hp_loss":0,"event_name":"Golden Wing","floor":2,"gold_loss":0},{"damage_healed":0,"gold_gain":0,"player_choice":"Success","damage_taken":12,"relics_obtained":["Sundial"],"max_hp_gain":0,"max_hp_loss":0,"event_name":"Scrap Ooze","floor":4,"gold_loss":0},{"cards_removed":["Defend_G"],"damage_healed":0,"gold_gain":0,"player_choice":"Forget","damage_taken":0,"max_hp_gain":0,"max_hp_loss":0,"event_name":"Living Wall","floor":11,"gold_loss":0}],"is_beta":false,"boss_relics":[],"items_purged_floors":[],"is_endless":false,"potions_floor_spawned":[3,7,13],"killed_by":"Slime Boss","ascension_level":0}