{"gold_per_floor":[111,111,121,38,52,81,81,96,141,157,173,191,191,221,221,319,319,339,438,454,51,61,61,90,90,115,2,16,26,88,13,13,117,117,127,100,100,118,118,118,149,149,172,172,185,85,99,118,118,118,118,118,50,78,78],"floor_reached":55,"playtime":4758,"items_purged":["Clumsy","Strike_G"],"score":821,"play_id":"8ea0e67a-ca32-4d2c-b052-78070624c39f","local_time":"20190714023630","is_ascension_mode":true,"campfire_choices":[{"data":"Neutralize","floor":7,"key":"SMITH"},{"floor":13,"key":"REST"},{"data":"Cloak And Dagger","floor":15,"key":"SMITH"},{"data":"Doppelganger","floor":23,"key":"SMITH"},{"data":"Doppelganger","floor":25,"key":"SMITH"},{"data":"Infinite Blades","floor":32,"key":"SMITH"},{"data":"A Thousand Cuts","floor":40,"key":"SMITH"},{"data":"Cloak And Dagger","floor":42,"key":"SMITH"},{"floor":44,"key":"RECALL"},{"floor":49,"key":"REST"},{"data":"PiercingWail","floor":52,"key":"SMITH"}],"neow_cost":"NONE","seed_source_timestamp":312596390124804,"circlet_count":0,"master_deck":["Strike_G","Strike_G","Strike_G","Defend_G","Defend_G","Defend_G","Defend_G","Defend_G","Survivor","Neutralize+1","PiercingWail+1","Predator","Dagger Throw","Deadly Poison","Bouncing Flask","Deflect","Dodge and Roll","Cloak And Dagger+1","Dash","Doppelganger+1","Flechettes","Dash","Backflip+1","Doppelganger+1","Infinite Blades+1","Dodge and Roll+1","Footwork+1","Escape Plan","A Thousand Cuts+1","Poisoned Stab","Cloak And Dagger+1","Backflip+1","Blur","PiercingWail","Leg Sweep+1","Well Laid Plans+1","Backflip+1","Caltrops"],"special_seed":0,"relics":["Ring of the Snake","Dream Catcher","Mummified Hand","Bronze Scales","Bag of Marbles","Happy Flower","Cursed Key","Pear","Lantern","Letter Opener","Blood Vial","Tiny Chest","Omamori","Centennial Puzzle"],"potions_floor_usage":[14,16,24,33,45,55,55],"damage_taken":[{"damage":0.0,"enemies":"2 Louse","floor":1.0,"turns":2.0},{"damage":3,"enemies":"Jaw Worm","floor":3,"turns":8},{"damage":0,"enemies":"Cultist","floor":5,"turns":4},{"damage":24,"enemies":"Gremlin Nob","floor":6,"turns":5},{"damage":6,"enemies":"Exordium Wildlife","floor":8,"turns":6},{"damage":0,"enemies":"Looter","floor":10,"turns":4},{"damage":1,"enemies":"Blue Slaver","floor":11,"turns":3},{"damage":0,"enemies":"Gremlin Gang","floor":12,"turns":6},{"damage":2,"enemies":"3 Sentries","floor":14,"turns":6},{"damage":29,"enemies":"The Guardian","floor":16,"turns":13},{"damage":0,"enemies":"3 Byrds","floor":18,"turns":3},{"damage":2,"enemies":"2 Thieves","floor":20,"turns":4},{"damage":10,"enemies":"Snake Plant","floor":22,"turns":4},{"damage":7,"enemies":"Slavers","floor":24,"turns":6},{"damage":0,"enemies":"Centurion and Healer","floor":28,"turns":4},{"damage":0,"enemies":"Snecko","floor":29,"turns":4},{"damage":0,"enemies":"Gremlin Leader","floor":30,"turns":5},{"damage":19,"enemies":"Collector","floor":33,"turns":12},{"damage":0,"enemies":"Orb Walker","floor":35,"turns":2},{"damage":1,"enemies":"3 Shapes","floor":38,"turns":6},{"damage":9,"enemies":"Reptomancer","floor":41,"turns":9},{"damage":1,"enemies":"Jaw Worm Horde","floor":45,"turns":5},{"damage":4,"enemies":"Sphere and 2 Shapes","floor":47,"turns":5},{"damage":0,"enemies":"Writhing Mass","floor":48,"turns":6},{"damage":19,"enemies":"Awakened One","floor":50,"turns":16},{"damage":16,"enemies":"Shield and Spear","floor":54,"turns":8},{"damage":67,"enemies":"The Heart","floor":55,"turns":5}],"seed_played":"-1130895482568719589","potions_obtained":[{"floor":6,"key":"Strength Potion"},{"floor":8,"key":"Explosive Potion"},{"floor":10,"key":"Weak Potion"},{"floor":11,"key":"SteroidPotion"},{"floor":18,"key":"SkillPotion"},{"floor":20,"key":"Fire Potion"},{"floor":28,"key":"Ancient Potion"},{"floor":41,"key":"Block Potion"},{"floor":47,"key":"SpeedPotion"},{"floor":48,"key":"Poison Potion"}],"is_trial":false,"path_per_floor":["M","?","M","?","M","E","R","M","T","M","M","M","R","E","R","B",null,"M","?","M","$","M","R","E","R","T","$","M","M","E","?","R","B",null,"M","$","?","M","?","R","E","R","T","R","M","$","M","M","R","B",null,"R","$","E","B"],"character_chosen":"THE_SILENT","items_purchased":["Pear","Lantern","Infinite Blades","Cloak And Dagger","Caltrops"],"campfire_rested":2,"item_purchase_floors":[21,21,27,36,53],"current_hp_per_floor":[70,70,67,67,67,43,43,37,37,37,36,36,57,55,55,26,70,70,70,68,78,68,68,61,61,61,61,63,65,67,67,67,50,80,80,80,80,79,80,80,71,71,71,71,72,72,70,72,80,61,80,80,80,64,0],"gold":78,"neow_bonus":"RANDOM_COMMON_RELIC","is_prod":false,"is_daily":false,"chose_seed":false,"campfire_upgraded":8,"win_rate":0,"timestamp":1563086190,"path_taken":["M","?","M","?","M","E","R","M","T","M","?","M","R","E","R","BOSS","M","?","M","$","M","R","E","R","T","$","M","M","E","?","R","BOSS","M","$","?","M","?","R","E","R","T","R","?","?","M","M","R","BOSS","R","$","E","BOSS"],"build_version":"2019-07-05","purchased_purges":2,"victory":false,"max_hp_per_floor":[70,70,70,70,70,70,70,70,70,70,70,70,70,70,70,70,70,70,70,70,80,80,80,80,80,80,80,80,80,80,80,80,80,80,80,80,80,80,80,80,80,80,80,80,80,80,80,80,80,80,80,80,80,80,80],"card_choices":[{"not_picked":["Prepared","Slice"],"picked":"PiercingWail","floor":1.0},{"not_picked":["Acrobatics","Skewer"],"picked":"Predator","floor":3},{"not_picked":["Poisoned Stab","Flying Knee"],"picked":"Dagger Throw","floor":5},{"not_picked":["Unload","Reflex","Flechettes"],"picked":"SKIP","floor":6},{"not_picked":["Acrobatics","Eviscerate"],"picked":"Deadly Poison","floor":8},{"not_picked":["Quick Slash","Bane"],"picked":"Bouncing Flask","floor":10},{"not_picked":["Quick Slash","Sucker Punch"],"picked":"Deflect","floor":11},{"not_picked":["Deflect","Blade Dance"],"picked":"Dodge and Roll","floor":12},{"not_picked":["Outmaneuver","Eviscerate"],"picked":"Cloak And Dagger","floor":13},{"not_picked":["Underhanded Strike","Tactician"],"picked":"Dash","floor":14},{"not_picked":["Storm of Steel","Tools of the Trade"],"picked":"Doppelganger","floor":16},{"not_picked":["Flying Knee","Underhanded Strike"],"picked":"Flechettes","floor":18},{"not_picked":["Endless Agony","Terror"],"picked":"Dash","floor":20},{"not_picked":["Choke","Deadly Poison+1"],"picked":"Backflip+1","floor":22},{"not_picked":["Escape Plan+1","Tactician"],"picked":"Doppelganger","floor":24},{"not_picked":["Sucker Punch","Flying Knee"],"picked":"Dodge and Roll+1","floor":28},{"not_picked":["Underhanded Strike","All Out Attack"],"picked":"Footwork+1","floor":29},{"not_picked":["Blur","Flechettes+1"],"picked":"Escape Plan","floor":30},{"not_picked":["Doppelganger","Corpse Explosion"],"picked":"A Thousand Cuts","floor":33},{"not_picked":["Deadly Poison+1","Outmaneuver"],"picked":"Poisoned Stab","floor":35},{"not_picked":["Jack Of All Trades","Blind"],"picked":"Flash of Steel","floor":37},{"not_picked":["Deflect+1","Dodge and Roll+1"],"picked":"Backflip+1","floor":38},{"not_picked":["Flying Knee+1","Heel Hook"],"picked":"Blur","floor":41},{"not_picked":["Underhanded Strike+1","Flechettes"],"picked":"PiercingWail","floor":45},{"not_picked":["Slice+1","Dagger Spray"],"picked":"Leg Sweep+1","floor":47},{"not_picked":["Backflip","Sucker Punch"],"picked":"Well Laid Plans+1","floor":48},{"not_picked":["Accuracy","Endless Agony+1"],"picked":"Backflip+1","floor":49},{"not_picked":["Flying Knee+1","Terror","Dagger Spray"],"picked":"SKIP","floor":54}],"player_experience":139741,"relics_obtained":[{"floor":6,"key":"Bronze Scales"},{"floor":9,"key":"Bag of Marbles"},{"floor":14,"key":"Happy Flower"},{"floor":24,"key":"Letter Opener"},{"floor":26,"key":"Blood Vial"},{"floor":30,"key":"Tiny Chest"},{"floor":41,"key":"Omamori"},{"floor":54,"key":"Centennial Puzzle"}],"event_choices":[{"damage_healed":0,"gold_gain":0,"player_choice":"Leave","damage_taken":0,"max_hp_gain":0,"max_hp_loss":0,"event_name":"The Cleric","floor":2,"gold_loss":0},{"damage_healed":0,"gold_gain":0,"player_choice":"Paid Gold","damage_taken":0,"relics_obtained":["Mummified Hand"],"max_hp_gain":0,"max_hp_loss":0,"event_name":"WeMeetAgain","floor":4,"gold_loss":83},{"damage_healed":0,"gold_gain":99,"player_choice":"Stole From Cult","damage_taken":0,"max_hp_gain":0,"max_hp_loss":0,"event_name":"Nest","floor":19,"gold_loss":0},{"cards_removed":["Strike_G"],"damage_healed":0,"gold_gain":0,"player_choice":"Gave Gold","damage_taken":0,"max_hp_gain":0,"max_hp_loss":0,"event_name":"Beggar","floor":31,"gold_loss":75},{"damage_healed":0,"gold_gain":0,"player_choice":"Memory 1","damage_taken":0,"max_hp_gain":0,"max_hp_loss":0,"event_name":"SensoryStone","floor":37,"gold_loss":0},{"cards_removed":["Flash of Steel"],"damage_healed":1,"gold_gain":0,"player_choice":"Offered Uncommon","damage_taken":0,"max_hp_gain":0,"max_hp_loss":0,"event_name":"Bonfire Elementals","floor":39,"gold_loss":0}],"is_beta":false,"boss_relics":[{"not_picked":["Lizard Tail","Runic Dome"],"picked":"Cursed Key"},{"not_picked":["Fusion Hammer","Philosopher\u0027s Stone","Coffee Dripper"]}],"items_purged_floors":[27,46],"is_endless":false,"potions_floor_spawned":[6,8,10,11,18,20,28,41,47,48,54],"killed_by":"The Heart","ascension_level":2}