{"gold_per_floor":[113,124,144,156,3,3,34,34,34,34,48,48,13,13,13,109,109,123,143,160,89,89,120,80,80,80,90,105,123,123,140,140,140],"floor_reached":33,"playtime":1568,"items_purged":["Strike_B"],"score":417,"play_id":"14eed90a-2600-4a59-a23a-56d4faa9738a","local_time":"20190709213138","is_ascension_mode":true,"campfire_choices":[{"data":"Zap","floor":6.0,"key":"SMITH"},{"floor":10.0,"key":"REST"},{"floor":12.0,"key":"REST"},{"data":"Dualcast","floor":15.0,"key":"SMITH"},{"floor":25,"key":"REST"},{"floor":30,"key":"REST"},{"floor":32,"key":"REST"}],"neow_cost":"NONE","seed_source_timestamp":0,"circlet_count":0,"master_deck":["AscendersBane","Strike_B","Strike_B","Strike_B","Defend_B","Defend_B","Defend_B","Defend_B","Zap+1","Dualcast+1","Deep Breath","Doom and Gloom","Beam Cell","Leap","Defragment+1","Coolheaded","Electrodynamics","Lockon","Coolheaded","Fission","Ball Lightning","Rebound","Chill+1","Melter","Glacier"],"special_seed":0,"relics":["Cracked Core","Happy Flower","Kunai","Boot","Inserter","Mango","Frozen Egg 2"],"potions_floor_usage":[23,28,29,31],"damage_taken":[{"damage":1.0,"enemies":"Cultist","floor":1.0,"turns":3.0},{"damage":0.0,"enemies":"2 Louse","floor":2.0,"turns":1.0},{"damage":5.0,"enemies":"Small Slimes","floor":3.0,"turns":3.0},{"damage":7.0,"enemies":"Looter","floor":4.0,"turns":3.0},{"damage":42.0,"enemies":"Gremlin Nob","floor":7.0,"turns":5.0},{"damage":7.0,"enemies":"2 Fungi Beasts","floor":11.0,"turns":3.0},{"damage":1.0,"enemies":"Slime Boss","floor":16.0,"turns":10.0},{"damage":11.0,"enemies":"Spheric Guardian","floor":18.0,"turns":4.0},{"damage":42,"enemies":"2 Thieves","floor":19,"turns":4},{"damage":7,"enemies":"Cultist and Chosen","floor":20,"turns":4},{"damage":40,"enemies":"Book of Stabbing","floor":23,"turns":5},{"damage":8,"enemies":"Chosen and Byrds","floor":27,"turns":6},{"damage":21,"enemies":"Snake Plant","floor":28,"turns":5},{"damage":18,"enemies":"Centurion and Healer","floor":29,"turns":4},{"damage":4,"enemies":"Snecko","floor":31,"turns":4},{"damage":68,"enemies":"Automaton","floor":33,"turns":10}],"seed_played":"5032099181443693920","potions_obtained":[{"floor":1.0,"key":"FairyPotion"},{"floor":11.0,"key":"AttackPotion"},{"floor":16.0,"key":"SteroidPotion"},{"floor":19,"key":"PowerPotion"},{"floor":24,"key":"FocusPotion"},{"floor":24,"key":"Regen Potion"},{"floor":29,"key":"SkillPotion"}],"is_trial":false,"path_per_floor":["M","M","M","M","$","R","E","?","T","R","M","R","?","?","R","B",null,"M","M","M","$","?","E","?","R","T","M","M","M","R","M","R","B"],"character_chosen":"DEFECT","items_purchased":["Defragment","Fission"],"campfire_rested":5,"item_purchase_floors":[5,21],"current_hp_per_floor":[67,67,62,55,55,55,13,1,1,23,16,38,56,56,56,55,70,59,17,10,10,35,16,16,42,42,34,27,9,35,31,57,0],"gold":140,"neow_bonus":"RANDOM_COLORLESS","is_prod":false,"is_daily":false,"chose_seed":false,"campfire_upgraded":2,"win_rate":0,"timestamp":1562671898,"path_taken":["M","M","M","M","$","R","E","?","T","R","M","R","?","?","R","BOSS","M","M","M","$","?","E","?","R","T","M","M","M","R","?","R","BOSS"],"build_version":"2019-07-05","purchased_purges":1,"victory":false,"max_hp_per_floor":[75,75,75,75,75,75,75,75,75,75,75,75,75,75,75,75,75,75,75,75,75,75,89,89,89,89,89,89,89,89,89,89,89],"card_choices":[{"not_picked":["Streamline","Stack"],"picked":"Doom and Gloom","floor":1.0},{"not_picked":["Coolheaded","Storm"],"picked":"Beam Cell","floor":2.0},{"not_picked":["Streamline","Gash"],"picked":"Leap","floor":3.0},{"not_picked":["Undo","Aggregate","Doom and Gloom"],"picked":"SKIP","floor":4.0},{"not_picked":["Barrage","Creative AI","Storm"],"picked":"SKIP","floor":7.0},{"not_picked":["Stack","Blizzard"],"picked":"Coolheaded","floor":11.0},{"not_picked":["Buffer","Reboot"],"picked":"Electrodynamics","floor":16.0},{"not_picked":["Turbo","Go for the Eyes"],"picked":"Lockon","floor":18.0},{"not_picked":["Hologram","Streamline","Steam Power"],"picked":"SKIP","floor":19},{"not_picked":["Reprogram","Beam Cell"],"picked":"Coolheaded","floor":20},{"not_picked":["Hyperbeam","Compile Driver"],"picked":"Ball Lightning","floor":23},{"not_picked":["Gash","Barrage"],"picked":"Rebound","floor":27},{"not_picked":["Go for the Eyes","Rebound+1"],"picked":"Chill+1","floor":28},{"not_picked":["Heatsinks+1","Compile Driver"],"picked":"Melter","floor":29},{"not_picked":["Streamline","Redo+1"],"picked":"Glacier","floor":31}],"player_experience":616710,"relics_obtained":[{"floor":7.0,"key":"Happy Flower"},{"floor":9.0,"key":"Boot"},{"floor":23,"key":"Mango"},{"floor":26,"key":"Frozen Egg 2"}],"event_choices":[{"damage_healed":0.0,"max_hp_gain":0.0,"max_hp_loss":0.0,"gold_gain":0.0,"event_name":"Scrap Ooze","player_choice":"Success","floor":8.0,"gold_loss":0.0,"damage_taken":12.0,"relics_obtained":["Kunai"]},{"damage_healed":18.0,"max_hp_gain":0.0,"max_hp_loss":0.0,"gold_gain":0.0,"event_name":"The Cleric","player_choice":"Healed","floor":13.0,"gold_loss":35.0,"damage_taken":0.0},{"damage_healed":0.0,"max_hp_gain":0.0,"max_hp_loss":0.0,"gold_gain":0.0,"event_name":"Living Wall","player_choice":"Grow","floor":14.0,"gold_loss":0.0,"damage_taken":0.0,"cards_upgraded":["Defragment"]},{"damage_healed":25,"gold_gain":0,"player_choice":"Heal","damage_taken":0,"max_hp_gain":0,"max_hp_loss":0,"event_name":"The Library","floor":22,"gold_loss":0},{"damage_healed":0,"gold_gain":0,"player_choice":"Bought 3 Potions","damage_taken":0,"max_hp_gain":0,"max_hp_loss":0,"event_name":"The Woman in Blue","floor":24,"gold_loss":0}],"is_beta":false,"boss_relics":[{"not_picked":["Busted Crown","Astrolabe"],"picked":"Inserter"}],"items_purged_floors":[5],"is_endless":false,"potions_floor_spawned":[1,11,16,19,27,29],"killed_by":"Automaton","ascension_level":11}