{"gold_per_floor":[114,114,189,204,154,154,184,184,209,224,71,71,86,116,116,216,216,231,231,246,171,171],"floor_reached":22,"playtime":1631,"items_purged":["Defend_G"],"score":192,"play_id":"7ca27f38-0824-44bd-8fb3-fd6ac113b483","local_time":"20190626225518","daily_mods":["Heirloom","Flight","Lethality"],"is_ascension_mode":false,"campfire_choices":[{"floor":6,"key":"REST"},{"data":"Infinite Blades","floor":8,"key":"SMITH"},{"floor":15,"key":"REST"}],"neow_cost":"","seed_source_timestamp":284484373979740,"circlet_count":0,"master_deck":["Defend_G","Defend_G","Defend_G","Strike_G","Strike_G","Strike_G","Strike_G","Survivor","Neutralize","Infinite Blades+1","Infinite Blades","Skewer","Blade Dance","Infinite Blades","Quick Slash","Deflect","Tools of the Trade","Storm of Steel","Poisoned Stab"],"special_seed":18073,"relics":["Ring of the Snake","Unceasing Top","Centennial Puzzle","Dream Catcher","Bronze Scales","Omamori","Sozu"],"potions_floor_usage":[14,16,22],"damage_taken":[{"damage":9,"enemies":"Jaw Worm","floor":1,"turns":4},{"damage":3,"enemies":"Small Slimes","floor":4,"turns":2},{"damage":15,"enemies":"Lagavulin","floor":7,"turns":6},{"damage":0,"enemies":"2 Louse","floor":10,"turns":2},{"damage":5,"enemies":"Exordium Wildlife","floor":13,"turns":2},{"damage":11,"enemies":"3 Sentries","floor":14,"turns":5},{"damage":35,"enemies":"Hexaghost","floor":16,"turns":6},{"damage":18,"enemies":"2 Thieves","floor":18,"turns":3},{"damage":36,"enemies":"3 Byrds","floor":20,"turns":3},{"damage":16,"enemies":"Sentry and Sphere","floor":22,"turns":3}],"seed_played":"4741971329667515529","potions_obtained":[{"floor":1,"key":"Block Potion"},{"floor":7,"key":"Weak Potion"},{"floor":13,"key":"Block Potion"}],"is_trial":false,"path_per_floor":["M","?","?","M","?","R","E","R","T","M","$","?","M","E","R","B",null,"M","?","M","?","M"],"character_chosen":"THE_SILENT","items_purchased":["Infinite Blades"],"campfire_rested":2,"item_purchase_floors":[11],"current_hp_per_floor":[61,61,50,47,47,68,53,53,53,53,53,35,30,19,40,5,70,52,52,16,16,0],"gold":171,"neow_bonus":"","is_prod":false,"is_daily":true,"chose_seed":false,"campfire_upgraded":1,"win_rate":0.0,"timestamp":1561560918,"path_taken":["M","?","?","M","?","R","E","R","T","?","$","?","M","E","R","BOSS","M","?","M","?","M"],"build_version":"2019-01-23","purchased_purges":1,"victory":false,"max_hp_per_floor":[70,70,70,70,70,70,70,70,70,70,70,70,70,70,70,70,70,70,70,70,70,70],"card_choices":[{"not_picked":["Calculated Gamble","PiercingWail"],"picked":"Infinite Blades","floor":1},{"not_picked":["Prepared","Predator"],"picked":"Infinite Blades","floor":4},{"not_picked":["Crippling Poison","Tactician"],"picked":"Skewer","floor":7},{"not_picked":["Dodge and Roll","PiercingWail"],"picked":"Blade Dance","floor":10},{"not_picked":["Dodge and Roll","Infinite Blades"],"picked":"Quick Slash","floor":13},{"not_picked":["Expertise","Poisoned Stab"],"picked":"Deflect","floor":14},{"not_picked":["Escape Plan","Choke"],"picked":"Tools of the Trade","floor":15},{"not_picked":["Envenom","Grand Finale"],"picked":"Storm of Steel","floor":16},{"not_picked":["Dodge and Roll","Sucker Punch"],"picked":"Poisoned Stab","floor":18},{"not_picked":["Footwork+1","Caltrops","Crippling Poison"],"picked":"SKIP","floor":20}],"player_experience":12732,"relics_obtained":[{"floor":7,"key":"Centennial Puzzle"},{"floor":9,"key":"Dream Catcher"},{"floor":14,"key":"Omamori"}],"event_choices":[{"damage_healed":0,"gold_gain":0,"player_choice":"Ignored","damage_taken":0,"max_hp_gain":0,"max_hp_loss":0,"event_name":"Liars Game","floor":2,"gold_loss":0},{"damage_healed":0,"gold_gain":75,"player_choice":"Gather Gold","damage_taken":11,"max_hp_gain":0,"max_hp_loss":0,"event_name":"World of Goop","floor":3,"gold_loss":0},{"cards_removed":["Defend_G"],"damage_healed":0,"gold_gain":0,"player_choice":"Card Removal","damage_taken":0,"max_hp_gain":0,"max_hp_loss":0,"event_name":"The Cleric","floor":5,"gold_loss":50},{"damage_healed":0,"gold_gain":0,"player_choice":"Success","damage_taken":18,"relics_obtained":["Bronze Scales"],"max_hp_gain":0,"max_hp_loss":0,"event_name":"Scrap Ooze","floor":12,"gold_loss":0},{"damage_healed":0,"gold_gain":0,"player_choice":"Ignored","damage_taken":0,"max_hp_gain":0,"max_hp_loss":0,"event_name":"Ghosts","floor":19,"gold_loss":0},{"cards_removed":["Strike_G"],"damage_healed":0,"gold_gain":0,"player_choice":"Gave Gold","damage_taken":0,"max_hp_gain":0,"max_hp_loss":0,"event_name":"Beggar","floor":21,"gold_loss":75}],"is_beta":false,"boss_relics":[{"not_picked":["Black Star","White Beast Statue"],"picked":"Sozu"}],"items_purged_floors":[11],"is_endless":false,"potions_floor_spawned":[1,7,13],"killed_by":"Sentry and Sphere","ascension_level":0}