{"gold_per_floor":[110,64,64,82,95,95,95,95,95,105,123,135,150,150,150,246,246,261,275,290,86,106,106,106,125,206,206,219,232,232,247,247,247],"floor_reached":33,"playtime":2209,"items_purged":[],"score":245,"play_id":"55ff9128-b58b-456c-ad0d-706549ece993","local_time":"20190709221613","is_ascension_mode":false,"campfire_choices":[{"data":"Dagger Spray","floor":6,"key":"SMITH"},{"data":"Prepared","floor":8,"key":"SMITH"},{"floor":15,"key":"REST"},{"floor":23,"key":"REST"},{"floor":27,"key":"REST"},{"floor":30,"key":"REST"},{"floor":32,"key":"REST"}],"neow_cost":"NONE","seed_source_timestamp":465865689566752,"circlet_count":0,"master_deck":["Strike_G","Strike_G","Strike_G","Strike_G","Strike_G","Defend_G","Defend_G","Defend_G","Defend_G","Defend_G","Neutralize+1","Die Die Die","Underhanded Strike","Prepared+1","Dagger Spray+1","Endless Agony","PiercingWail","Dagger Throw","Tactician","Dagger Throw","Malaise","Slice","Dagger Spray","PiercingWail","Auto Shields","Corpse Explosion","Rage+1","Reflex","Adrenaline","Ball Lightning+1"],"relics":["Ring of the Snake","Ornamental Fan","Bag of Preparation","White Beast Statue","PrismaticShard","Gremlin Horn"],"potions_floor_usage":[16,19,20,20,22,22,25,29,33,33,33],"damage_taken":[{"damage":0,"enemies":"Cultist","floor":1,"turns":3},{"damage":1,"enemies":"2 Louse","floor":4,"turns":2},{"damage":0,"enemies":"Small Slimes","floor":5,"turns":2},{"damage":5,"enemies":"Blue Slaver","floor":10,"turns":3},{"damage":0,"enemies":"3 Louse","floor":11,"turns":1},{"damage":6,"enemies":"Looter","floor":12,"turns":3},{"damage":0,"enemies":"Exordium Wildlife","floor":13,"turns":2},{"damage":54,"enemies":"Slime Boss","floor":16,"turns":10},{"damage":0,"enemies":"3 Byrds","floor":18,"turns":3},{"damage":20,"enemies":"2 Thieves","floor":19,"turns":4},{"damage":26,"enemies":"Snecko","floor":20,"turns":8},{"damage":15,"enemies":"Centurion and Healer","floor":22,"turns":7},{"damage":3,"enemies":"3 Cultists","floor":25,"turns":4},{"damage":7,"enemies":"Cultist and Chosen","floor":28,"turns":5},{"damage":5,"enemies":"Centurion and Healer","floor":29,"turns":3},{"damage":0,"enemies":"Chosen and Byrds","floor":31,"turns":4},{"damage":95,"enemies":"Champ","floor":33,"turns":11}],"seed_played":"-2060657981022464620","potions_obtained":[{"floor":5,"key":"SneckoOil"},{"floor":7,"key":"SmokeBomb"},{"floor":7,"key":"AttackPotion"},{"floor":10,"key":"EntropicBrew"},{"floor":11,"key":"Block Potion"},{"floor":13,"key":"SpeedPotion"},{"floor":18,"key":"PowerPotion"},{"floor":19,"key":"EssenceOfSteel"},{"floor":20,"key":"Swift Potion"},{"floor":22,"key":"GhostInAJar"},{"floor":25,"key":"Swift Potion"},{"floor":29,"key":"Regen Potion"}],"is_trial":false,"path_per_floor":["M","$","?","M","M","R","?","R","T","M","M","M","M","?","R","B",null,"M","M","M","$","M","R","?","M","T","R","M","M","R","M","R","B"],"character_chosen":"THE_SILENT","items_purchased":["Prepared","PrismaticShard"],"campfire_rested":5,"item_purchase_floors":[2,21],"current_hp_per_floor":[70,70,70,69,69,69,69,69,69,64,64,58,58,58,70,16,70,70,50,24,24,9,30,30,27,27,48,41,36,57,57,70,0],"gold":247,"neow_bonus":"TRANSFORM_CARD","is_prod":false,"is_daily":false,"chose_seed":false,"campfire_upgraded":2,"win_rate":0.0,"timestamp":1562724973,"path_taken":["M","$","?","M","M","R","?","R","T","M","M","M","?","?","R","BOSS","M","M","M","$","M","R","?","M","T","R","M","M","R","M","R","BOSS"],"build_version":"2019-07-05","purchased_purges":0,"victory":false,"max_hp_per_floor":[70,70,70,70,70,70,70,70,70,70,70,70,70,70,70,70,70,70,70,70,70,70,70,70,70,70,70,70,70,70,70,70,70],"card_choices":[{"not_picked":["Slice","Sucker Punch"],"picked":"Underhanded Strike","floor":1},{"not_picked":["Slice","Deadly Poison"],"picked":"Dagger Spray","floor":4},{"not_picked":["Masterful Stab","Bane"],"picked":"Endless Agony","floor":5},{"not_picked":["Skewer","Deflect"],"picked":"PiercingWail","floor":10},{"not_picked":["Backflip","Dagger Spray"],"picked":"Dagger Throw","floor":11},{"not_picked":["Escape Plan","Bane"],"picked":"Tactician","floor":12},{"not_picked":["Blade Dance","Outmaneuver"],"picked":"Dagger Throw","floor":13},{"not_picked":["Wraith Form v2","Venomology"],"picked":"Malaise","floor":16},{"not_picked":["Blur","PiercingWail"],"picked":"Slice","floor":18},{"not_picked":["Backflip","Bouncing Flask"],"picked":"Dagger Spray","floor":19},{"not_picked":["Blade Dance","Backflip"],"picked":"PiercingWail","floor":20},{"not_picked":["Blade Dance","Hologram+1"],"picked":"Auto Shields","floor":22},{"not_picked":["Seeing Red+1","Iron Wave+1"],"picked":"Rage+1","floor":25},{"not_picked":["True Grit","Catalyst"],"picked":"Reflex","floor":28},{"not_picked":["Warcry","Hologram+1"],"picked":"Adrenaline","floor":29},{"not_picked":["Redo","Heavy Blade"],"picked":"Ball Lightning+1","floor":31}],"player_experience":22115,"relics_obtained":[{"floor":9,"key":"Ornamental Fan"},{"floor":26,"key":"Gremlin Horn"}],"event_choices":[{"damage_healed":0,"gold_gain":0,"player_choice":"Grow","damage_taken":0,"max_hp_gain":0,"max_hp_loss":0,"event_name":"Living Wall","floor":3,"gold_loss":0,"cards_upgraded":["Neutralize"]},{"damage_healed":0,"gold_gain":0,"player_choice":"Got Potions","damage_taken":0,"max_hp_gain":0,"max_hp_loss":0,"event_name":"Lab","floor":7,"gold_loss":0},{"damage_healed":0,"gold_gain":0,"player_choice":"Searched \u00271\u0027 times","damage_taken":0,"relics_obtained":["Bag of Preparation"],"max_hp_gain":0,"max_hp_loss":0,"event_name":"Dead Adventurer","floor":14,"gold_loss":0},{"damage_healed":0,"gold_gain":0,"player_choice":"Read","damage_taken":0,"max_hp_gain":0,"max_hp_loss":0,"event_name":"The Library","floor":24,"gold_loss":0,"cards_obtained":["Corpse Explosion"]}],"is_beta":false,"boss_relics":[{"not_picked":["HoveringKite","Cursed Key"],"picked":"White Beast Statue"}],"items_purged_floors":[],"is_endless":false,"potions_floor_spawned":[5,10,11,13,18,19,20,22,25,28,29,31],"killed_by":"Champ","ascension_level":0}