{"gold_per_floor":[215,67,67,78,93,122,122,148,148,176,351,363,363,363,363,466,466,486,446,458,478,497,497,136,136,210,238,254,254],"floor_reached":29,"playtime":1539,"items_purged":["Strike_B"],"score":302,"play_id":"0313b5ba-10e5-44a3-a258-f11af48f4a86","local_time":"20190716202437","is_ascension_mode":true,"campfire_choices":[{"floor":7.0,"key":"REST"},{"data":"Consume","floor":15.0,"key":"SMITH"},{"floor":23.0,"key":"REST"},{"floor":25.0,"key":"REST"}],"neow_cost":"NONE","seed_source_timestamp":552695467903782,"circlet_count":0,"master_deck":["Strike_B","Strike_B","Strike_B","Defend_B","Defend_B","Defend_B","Defend_B","Zap+1","Dualcast","Conserve Battery","Electrodynamics","Stack","Compile Driver","Chill","Consume+1","Sweeping Beam","Rebound","Parasite","Seek","Ball Lightning","Go for the Eyes+1","Defragment","Sweeping Beam","Defragment","Skim","Cold Snap"],"special_seed":0,"relics":["Cracked Core","Ice Cream","Incense Burner","Blue Candle","Black Star","Vajra","Singing Bowl","The Courier","Dead Branch"],"potions_floor_usage":[27,28,29],"damage_taken":[{"damage":0.0,"enemies":"Cultist","floor":1.0,"turns":3.0},{"damage":0.0,"enemies":"Jaw Worm","floor":4.0,"turns":4.0},{"damage":0.0,"enemies":"2 Louse","floor":5.0,"turns":3.0},{"damage":33.0,"enemies":"Lagavulin","floor":6.0,"turns":6.0},{"damage":18.0,"enemies":"Gremlin Nob","floor":8.0,"turns":5.0},{"damage":3.0,"enemies":"Lagavulin","floor":10.0,"turns":6.0},{"damage":12.0,"enemies":"Blue Slaver","floor":12.0,"turns":4.0},{"damage":7.0,"enemies":"Hexaghost","floor":16.0,"turns":9.0},{"damage":12.0,"enemies":"Spheric Guardian","floor":18.0,"turns":4.0},{"damage":13.0,"enemies":"Shell Parasite","floor":20.0,"turns":8.0},{"damage":10.0,"enemies":"Snake Plant","floor":21.0,"turns":5.0},{"damage":33.0,"enemies":"Cultist and Chosen","floor":22.0,"turns":7.0},{"damage":18,"enemies":"Gremlin Leader","floor":27,"turns":5},{"damage":1,"enemies":"3 Cultists","floor":28,"turns":2},{"damage":46,"enemies":"Shelled Parasite and Fungi","floor":29,"turns":3}],"seed_played":"-2925594796681104704","potions_obtained":[{"floor":4.0,"key":"GamblersBrew"},{"floor":5.0,"key":"LiquidBronze"},{"floor":6.0,"key":"EssenceOfSteel"},{"floor":8.0,"key":"Swift Potion"},{"floor":19.0,"key":"SpeedPotion"},{"floor":19.0,"key":"FocusPotion"},{"floor":19.0,"key":"FocusPotion"},{"floor":21.0,"key":"Ancient Potion"},{"floor":22.0,"key":"EssenceOfSteel"},{"floor":27,"key":"PowerPotion"}],"is_trial":false,"path_per_floor":["M","$","?","M","M","E","R","E","T","E","?","M","?","?","R","B",null,"M","?","M","M","M","R","$","R","T","E","M","M"],"character_chosen":"DEFECT","items_purchased":["Electrodynamics","Defragment","Vajra","Skim"],"campfire_rested":3,"item_purchase_floors":[2,24,24,24],"current_hp_per_floor":[75,75,75,75,75,42,64,46,46,43,43,31,24,42,42,35,75,63,63,50,40,7,29,29,51,51,35,34,0],"gold":254,"neow_bonus":"HUNDRED_GOLD","is_prod":false,"is_daily":false,"chose_seed":false,"campfire_upgraded":1,"win_rate":0,"timestamp":1563323077,"path_taken":["M","?","?","?","M","E","R","E","T","E","?","M","?","?","R","BOSS","M","?","M","M","?","R","$","R","T","E","M","?"],"build_version":"2019-07-05","purchased_purges":1,"victory":false,"max_hp_per_floor":[75,75,75,75,75,75,75,75,75,75,75,75,75,75,75,75,75,75,75,75,75,75,75,75,75,75,77,77,77],"card_choices":[{"not_picked":["Lockon","Stack"],"picked":"Conserve Battery","floor":1.0},{"not_picked":["Coolheaded","Self Repair"],"picked":"Stack","floor":4.0},{"not_picked":["Capacitor","Reprogram"],"picked":"Compile Driver","floor":5.0},{"not_picked":["Hologram","Coolheaded"],"picked":"Chill","floor":6.0},{"not_picked":["Force Field","Gash"],"picked":"Consume","floor":8.0},{"not_picked":["Redo","Reinforced Body"],"picked":"Sweeping Beam","floor":10.0},{"not_picked":["Storm","Redo"],"picked":"Rebound","floor":12.0},{"not_picked":["Reboot","Biased Cognition"],"picked":"Seek","floor":16.0},{"not_picked":["Streamline","Scrape"],"picked":"Ball Lightning","floor":18.0},{"not_picked":["Recycle","Barrage"],"picked":"Go for the Eyes+1","floor":20.0},{"not_picked":["Recycle","Ball Lightning"],"picked":"Defragment","floor":21.0},{"not_picked":["BootSequence","Streamline"],"picked":"Sweeping Beam","floor":22.0},{"not_picked":["Rebound","Fusion","Gash"],"picked":"Singing Bowl","floor":27},{"not_picked":["Turbo+1","Sweeping Beam"],"picked":"Cold Snap","floor":28}],"player_experience":189683,"relics_obtained":[{"floor":6.0,"key":"Ice Cream"},{"floor":8.0,"key":"Incense Burner"},{"floor":10.0,"key":"Blue Candle"},{"floor":26.0,"key":"Singing Bowl"},{"floor":27,"key":"The Courier"},{"floor":27,"key":"Dead Branch"}],"event_choices":[{"damage_healed":0.0,"max_hp_gain":0.0,"max_hp_loss":0.0,"gold_gain":0.0,"event_name":"Upgrade Shrine","player_choice":"Upgraded","floor":3.0,"gold_loss":0.0,"damage_taken":0.0,"cards_upgraded":["Zap"]},{"damage_healed":0.0,"max_hp_gain":0.0,"max_hp_loss":0.0,"gold_gain":175.0,"event_name":"Liars Game","player_choice":"AGREE","floor":11.0,"gold_loss":0.0,"damage_taken":0.0,"cards_obtained":["Doubt"]},{"cards_removed":["Doubt"],"damage_healed":0.0,"max_hp_gain":0.0,"max_hp_loss":0.0,"gold_gain":0.0,"event_name":"Golden Wing","player_choice":"Card Removal","floor":13.0,"gold_loss":0.0,"damage_taken":7.0},{"damage_healed":18.0,"max_hp_gain":0.0,"max_hp_loss":0.0,"gold_gain":0.0,"event_name":"Mushrooms","player_choice":"Healed and dodged fight","floor":14.0,"gold_loss":0.0,"damage_taken":0.0,"cards_obtained":["Parasite"]},{"damage_healed":0.0,"max_hp_gain":0.0,"max_hp_loss":0.0,"gold_gain":0.0,"event_name":"The Woman in Blue","player_choice":"Bought 3 Potions","floor":19.0,"gold_loss":0.0,"damage_taken":0.0}],"is_beta":false,"boss_relics":[{"not_picked":["Calling Bell","White Beast Statue"],"picked":"Black Star"}],"items_purged_floors":[24],"is_endless":false,"potions_floor_spawned":[4,5,6,8,21,22,27],"killed_by":"Shelled Parasite and Fungi","ascension_level":3}