{"gold_per_floor":[116,116,127,137,148,148,174,174,174,174,192,192,220,230,230,325,325,338,354,40,40,40,40,72,72,72,72,89,89,117,137,137,236,236,246,171,171,188,199,230,330,330,405,437,437,464,51,79,79,79,79,79,28,53,53],"floor_reached":56,"playtime":3592,"items_purged":["Static Discharge","Recycle"],"score":1809,"play_id":"9c28b96c-e363-4e94-9be0-f0e301e0f975","local_time":"20190101123508","is_ascension_mode":true,"campfire_choices":[{"data":"Zap","floor":6.0,"key":"SMITH"},{"data":"Madness","floor":8.0,"key":"SMITH"},{"data":"Conserve Battery","floor":10.0,"key":"SMITH"},{"floor":12.0,"key":"REST"},{"data":"Dualcast","floor":15.0,"key":"SMITH"},{"data":"Reprogram","floor":23.0,"key":"SMITH"},{"data":"Reboot","floor":25.0,"key":"SMITH"},{"data":"Glacier","floor":29.0,"key":"SMITH"},{"floor":32.0,"key":"REST"},{"data":"Echo Form","floor":42.0,"key":"SMITH"},{"floor":45.0,"key":"RECALL"},{"data":"Seek","floor":49.0,"key":"SMITH"},{"data":"Madness","floor":52.0,"key":"SMITH"}],"neow_cost":"NONE","seed_source_timestamp":174199498411762,"circlet_count":0,"master_deck":["Zap+1","Dualcast+1","Madness+1","Glacier+1","Conserve Battery+1","Reprogram+1","All For One+1","Gash+1","Meteor Strike+1","Hyperbeam+1","Compile Driver+1","Sweeping Beam+1","Reboot+1","Scrape+1","Steam+1","Auto Shields","Core Surge+1","Core Surge+1","Echo Form+1","Gash+1","Go for the Eyes+1","Seek+1","Madness+1","Conserve Battery","Leap","Skim+1"],"special_seed":0,"relics":["Cracked Core","CultistMask","Bag of Marbles","Molten Egg 2","Meat on the Bone","Pandora\u0027s Box","FossilizedHelix","Torii","Cables","Boot","Black Star","Mummified Hand","Mango","Shuriken","Blood Vial","Letter Opener","Mercury Hourglass","Orichalcum","Frozen Egg 2","Symbiotic Virus","Bag of Preparation","Pocketwatch"],"potions_floor_usage":[55],"damage_taken":[{"damage":0.0,"enemies":"2 Louse","floor":1.0,"turns":3.0},{"damage":0.0,"enemies":"Cultist","floor":3.0,"turns":3.0},{"damage":4.0,"enemies":"Small Slimes","floor":4.0,"turns":3.0},{"damage":15.0,"enemies":"Gremlin Gang","floor":5.0,"turns":4.0},{"damage":14.0,"enemies":"Lagavulin","floor":7.0,"turns":8.0},{"damage":0.0,"enemies":"Blue Slaver","floor":11.0,"turns":4.0},{"damage":10.0,"enemies":"3 Sentries","floor":13.0,"turns":21.0},{"damage":0.0,"enemies":"2 Fungi Beasts","floor":14.0,"turns":2.0},{"damage":30.0,"enemies":"Hexaghost","floor":16.0,"turns":11.0},{"damage":0.0,"enemies":"Spheric Guardian","floor":18.0,"turns":3.0},{"damage":0.0,"enemies":"3 Byrds","floor":19.0,"turns":3.0},{"damage":11.0,"enemies":"Book of Stabbing","floor":24.0,"turns":6.0},{"damage":9.0,"enemies":"Centurion and Healer","floor":28.0,"turns":3.0},{"damage":10.0,"enemies":"Gremlin Leader","floor":30.0,"turns":4.0},{"damage":0.0,"enemies":"Snecko","floor":31.0,"turns":3.0},{"damage":48.0,"enemies":"Automaton","floor":33.0,"turns":7.0},{"damage":0.0,"enemies":"Orb Walker","floor":35.0,"turns":3.0},{"damage":12.0,"enemies":"3 Darklings","floor":38.0,"turns":2.0},{"damage":10.0,"enemies":"Sphere and 2 Shapes","floor":39.0,"turns":4.0},{"damage":6.0,"enemies":"Giant Head","floor":40.0,"turns":4.0},{"damage":2.0,"enemies":"Mind Bloom Boss Battle","floor":41.0,"turns":5.0},{"damage":18.0,"enemies":"Reptomancer","floor":44.0,"turns":5.0},{"damage":0.0,"enemies":"Giant Head","floor":46.0,"turns":3.0},{"damage":24.0,"enemies":"Nemesis","floor":48.0,"turns":5.0},{"damage":54.0,"enemies":"Donu and Deca","floor":50.0,"turns":7.0},{"damage":12.0,"enemies":"Shield and Spear","floor":54.0,"turns":2.0},{"damage":49,"enemies":"The Heart","floor":55,"turns":8}],"seed_played":"-2768476265588625815","potions_obtained":[{"floor":1.0,"key":"AttackPotion"},{"floor":4.0,"key":"FocusPotion"},{"floor":13.0,"key":"FocusPotion"},{"floor":16.0,"key":"Strength Potion"},{"floor":24.0,"key":"Strength Potion"},{"floor":30.0,"key":"Block Potion"},{"floor":33.0,"key":"Swift Potion"},{"floor":37.0,"key":"FairyPotion"},{"floor":39.0,"key":"Regen Potion"},{"floor":54.0,"key":"Block Potion"}],"is_trial":false,"path_per_floor":["M","?","M","M","M","R","R","T","R","M","R","E","M","R","B",null,"M","M","$","?","?","R","E","R","T","$","M","R","E","M","R","B",null,"M","$","?","M","M","E","?","R","T","R","E","$","E","R","B",null,"R","$",null],"character_chosen":"DEFECT","items_purchased":["FossilizedHelix","Seek","Orichalcum","Madness","Leap"],"campfire_rested":2,"item_purchase_floors":[20,47,47,47,53],"current_hp_per_floor":[68,68,68,64,49,49,35,35,35,35,35,57,47,47,47,29,64,64,64,64,50,50,50,51,51,51,51,42,42,44,44,68,32,68,68,68,68,56,46,52,64,64,64,58,58,60,60,50,50,25,77,77,77,67,32],"gold":53,"neow_bonus":"RANDOM_COLORLESS","is_prod":false,"is_daily":false,"chose_seed":false,"campfire_upgraded":10,"win_rate":0,"timestamp":1546306508,"path_taken":["M","?","M","M","?","R","E","R","T","R","?","R","E","M","R","BOSS","M","M","$","?","?","R","E","R","T","$","M","R","E","M","R","BOSS","M","$","?","M","?","E","?","R","T","E","R","E","$","E","R","BOSS","R","$","E","BOSS"],"build_version":"2018-12-25","purchased_purges":2,"victory":true,"max_hp_per_floor":[75,75,75,75,75,75,75,75,75,75,75,75,75,75,75,75,75,75,75,75,80,80,80,80,80,80,80,80,80,80,80,80,80,80,80,80,80,80,80,80,94,94,94,94,94,94,94,94,94,94,94,94,94,94,94],"card_choices":[{"not_picked":["Gash","Compile Driver","Go for the Eyes"],"picked":"SKIP","floor":1.0},{"not_picked":["Hologram","Gash","Turbo"],"picked":"SKIP","floor":3.0},{"not_picked":["Turbo","Hologram","Go for the Eyes"],"picked":"SKIP","floor":4.0},{"not_picked":["Compile Driver","Recycle"],"picked":"Glacier","floor":5.0},{"not_picked":["Doom and Gloom","Coolheaded"],"picked":"Conserve Battery","floor":7.0},{"not_picked":["Stack","Steam Power"],"picked":"Reprogram","floor":11.0},{"not_picked":["Hello World","Rebound+1"],"picked":"All For One+1","floor":13.0},{"not_picked":["Hologram","Beam Cell+1"],"picked":"Gash+1","floor":14.0},{"not_picked":["Amplify","Creative AI"],"picked":"Meteor Strike+1","floor":16.0},{"not_picked":["Sweeping Beam+1","Stack","Steam"],"picked":"SKIP","floor":18.0},{"not_picked":["Ball Lightning+1","Coolheaded"],"picked":"Steam+1","floor":19.0},{"not_picked":["Steam","Capacitor","Reprogram"],"picked":"SKIP","floor":24.0},{"not_picked":["Turbo","Glacier"],"picked":"Core Surge+1","floor":28.0},{"not_picked":["BootSequence","Sweeping Beam+1"],"picked":"Core Surge+1","floor":30.0},{"not_picked":["Redo","Static Discharge","Coolheaded"],"picked":"SKIP","floor":31.0},{"not_picked":["Buffer","Fission"],"picked":"Echo Form","floor":33.0},{"not_picked":["Redo","Conserve Battery+1"],"picked":"Gash+1","floor":35.0},{"not_picked":["Leap+1","Streamline+1","Turbo+1"],"picked":"SKIP","floor":38.0},{"not_picked":["Compile Driver+1","Blizzard+1","Glacier"],"picked":"SKIP","floor":39.0},{"not_picked":["Turbo","Buffer"],"picked":"Go for the Eyes+1","floor":40.0},{"not_picked":["Aggregate+1","Auto Shields+1","Storm"],"picked":"SKIP","floor":44.0},{"not_picked":["Cold Snap+1","Doom and Gloom+1","Sweeping Beam+1"],"picked":"SKIP","floor":46.0},{"not_picked":["Ball Lightning+1","Storm+1"],"picked":"Conserve Battery","floor":48.0},{"not_picked":["Beam Cell+1","Self Repair+1"],"picked":"Skim+1","floor":54.0}],"player_experience":507769,"relics_obtained":[{"floor":7.0,"key":"Bag of Marbles"},{"floor":9.0,"key":"Molten Egg 2"},{"floor":13.0,"key":"Meat on the Bone"},{"floor":24.0,"key":"Torii"},{"floor":26.0,"key":"Cables"},{"floor":30.0,"key":"Boot"},{"floor":40.0,"key":"Mummified Hand"},{"floor":41.0,"key":"Mango"},{"floor":44.0,"key":"Shuriken"},{"floor":44.0,"key":"Blood Vial"},{"floor":46.0,"key":"Letter Opener"},{"floor":46.0,"key":"Mercury Hourglass"},{"floor":48.0,"key":"Frozen Egg 2"},{"floor":48.0,"key":"Symbiotic Virus"},{"floor":54.0,"key":"Bag of Preparation"},{"floor":54.0,"key":"Pocketwatch"}],"event_choices":[{"damage_healed":0.0,"max_hp_gain":0.0,"max_hp_loss":0.0,"gold_gain":0.0,"event_name":"FaceTrader","player_choice":"Trade","floor":2.0,"gold_loss":0.0,"damage_taken":0.0,"relics_obtained":["CultistMask"]},{"damage_healed":0.0,"max_hp_gain":5.0,"max_hp_loss":0.0,"gold_gain":0.0,"event_name":"Forgotten Altar","player_choice":"Shed Blood","floor":21.0,"gold_loss":0.0,"damage_taken":19.0},{"damage_healed":0.0,"max_hp_gain":0.0,"max_hp_loss":0.0,"gold_gain":0.0,"cards_transformed":["Chill","Doom and Gloom"],"event_name":"Drug Dealer","player_choice":"Became Test Subject","floor":22.0,"gold_loss":0.0,"damage_taken":0.0,"cards_obtained":["Auto Shields","Static Discharge"]},{"damage_healed":0.0,"max_hp_gain":0.0,"max_hp_loss":0.0,"gold_gain":0.0,"event_name":"Lab","player_choice":"Got Potions","floor":37.0,"gold_loss":0.0,"damage_taken":0.0},{"damage_healed":0.0,"max_hp_gain":0.0,"max_hp_loss":0.0,"gold_gain":0.0,"event_name":"MindBloom","player_choice":"Fight","floor":41.0,"gold_loss":0.0,"damage_taken":0.0}],"is_beta":true,"boss_relics":[{"not_picked":["Sozu","FrozenCore"],"picked":"Pandora\u0027s Box"},{"not_picked":["Lizard Tail","Runic Dome"],"picked":"Black Star"}],"items_purged_floors":[36,47],"is_endless":false,"potions_floor_spawned":[1,4,13,16,24,30,33,35,39,48,54],"ascension_level":9}