{"gold_per_floor":[19,32,46,60,75,75,109,109,109,127,127,141,141,151,151,253,253,273,16,30,30,30,30,129,129,156,156,8,23,52,72,72,176,176,196,196,196,196,96,96,21,21,21,39,14,14,14,25,25,25],"floor_reached":51,"playtime":8369,"items_purged":["Accuracy","Finisher"],"score":864,"play_id":"7d6136bc-397b-4ddf-a644-ed93088a208d","local_time":"20190707014646","is_ascension_mode":true,"campfire_choices":[{"data":"Neutralize","floor":6.0,"key":"SMITH"},{"data":"Footwork","floor":11.0,"key":"SMITH"},{"floor":13.0,"key":"REST"},{"data":"Noxious Fumes","floor":15.0,"key":"SMITH"},{"data":"Setup","floor":23,"key":"SMITH"},{"data":"Leg Sweep","floor":25,"key":"SMITH"},{"data":"Flechettes","floor":32,"key":"SMITH"},{"data":"Acrobatics","floor":40,"key":"SMITH"},{"data":"Dodge and Roll","floor":42,"key":"SMITH"},{"floor":47,"key":"REST"},{"data":"Flechettes","floor":49,"key":"SMITH"}],"neow_cost":"NO_GOLD","seed_source_timestamp":0,"circlet_count":0,"master_deck":["Survivor","Neutralize+1","Quick Slash","Footwork+1","Die Die Die","Finisher","Dodge and Roll+1","Leg Sweep+1","Acrobatics+1","Noxious Fumes+1","Dagger Spray","Backstab","Escape Plan","Masterful Stab","Predator","All Out Attack","Setup+1","Flechettes+1","Die Die Die","Footwork+1","Madness+1","Blur+1","Dodge and Roll+1","Flechettes+1","Adrenaline+1","Prepared+1","Catalyst+1","Backflip+1","Master of Strategy+1","Deadly Poison+1"],"special_seed":0,"relics":["Ring of the Snake","Gambling Chip","Gremlin Horn","Omamori","Pandora\u0027s Box","Toxic Egg 2","Bag of Preparation","Happy Flower","Darkstone Periapt","Runic Dome","Lantern"],"potions_floor_usage":[29,29,33,50,50],"damage_taken":[{"damage":4.0,"enemies":"2 Louse","floor":1.0,"turns":2.0},{"damage":0.0,"enemies":"Cultist","floor":2.0,"turns":3.0},{"damage":1.0,"enemies":"Jaw Worm","floor":3.0,"turns":2.0},{"damage":1.0,"enemies":"Looter","floor":4.0,"turns":4.0},{"damage":0.0,"enemies":"2 Fungi Beasts","floor":5.0,"turns":3.0},{"damage":30.0,"enemies":"Lagavulin","floor":7.0,"turns":11.0},{"damage":2.0,"enemies":"Exordium Thugs","floor":10.0,"turns":5.0},{"damage":2.0,"enemies":"Large Slime","floor":12.0,"turns":8.0},{"damage":0.0,"enemies":"3 Louse","floor":14.0,"turns":1.0},{"damage":11.0,"enemies":"Hexaghost","floor":16.0,"turns":9.0},{"damage":3.0,"enemies":"Shell Parasite","floor":18.0,"turns":7.0},{"damage":0,"enemies":"Chosen","floor":20,"turns":5},{"damage":13,"enemies":"Shelled Parasite and Fungi","floor":29,"turns":3},{"damage":6,"enemies":"Slavers","floor":30,"turns":5},{"damage":0,"enemies":"Cultist and Chosen","floor":31,"turns":5},{"damage":12,"enemies":"Automaton","floor":33,"turns":11},{"damage":0,"enemies":"Orb Walker","floor":35,"turns":3},{"damage":17,"enemies":"3 Darklings","floor":44,"turns":5},{"damage":0,"enemies":"Transient","floor":48,"turns":5},{"damage":29,"enemies":"Awakened One","floor":50,"turns":15}],"seed_played":"-7166321963347976266","potions_obtained":[{"floor":1.0,"key":"PowerPotion"},{"floor":2.0,"key":"GhostInAJar"},{"floor":7.0,"key":"Explosive Potion"},{"floor":12.0,"key":"Dexterity Potion"},{"floor":16.0,"key":"Fire Potion"},{"floor":20,"key":"SneckoOil"},{"floor":29,"key":"LiquidBronze"},{"floor":31,"key":"EssenceOfSteel"},{"floor":35,"key":"EssenceOfSteel"}],"is_trial":false,"path_per_floor":["M","M","M","M","M","R","E","?","T","M","R","M","R","M","R","B",null,"M","$","M","?","?","R","?","R","T","?","$","M","E","M","R","B",null,"M","?","?","?","$","R","$","R","T","M","$","?","R","M","R","B",null],"character_chosen":"THE_SILENT","items_purchased":["Toxic Egg 2","Blur+1","Catalyst+1","Backflip+1"],"campfire_rested":2,"item_purchase_floors":[19,28,41,45],"current_hp_per_floor":[59,59,58,57,57,57,27,20,20,18,18,16,37,37,37,26,59,56,56,56,56,56,56,56,56,56,56,56,43,37,37,37,25,59,59,59,70,70,70,70,70,70,70,53,53,48,69,69,69,40],"gold":25,"neow_bonus":"ONE_RARE_RELIC","is_prod":false,"is_daily":false,"chose_seed":false,"campfire_upgraded":9,"win_rate":0,"timestamp":1562435206,"path_taken":["M","M","M","M","M","R","E","?","T","?","R","M","R","M","R","BOSS","M","$","M","?","?","R","?","R","T","?","$","?","E","M","R","BOSS","M","?","?","?","?","R","$","R","T","M","$","?","R","M","R","BOSS"],"build_version":"2019-07-05","purchased_purges":2,"victory":true,"max_hp_per_floor":[70,70,70,70,70,70,70,70,70,70,70,70,70,70,70,70,70,70,70,70,70,70,70,70,70,70,70,70,70,70,70,70,70,70,70,70,70,70,70,70,70,70,70,70,70,70,70,70,70,70],"card_choices":[{"not_picked":["Expertise","Outmaneuver"],"picked":"Finisher","floor":1.0},{"not_picked":["Flechettes","Setup"],"picked":"Quick Slash","floor":2.0},{"not_picked":["Slice","Prepared"],"picked":"Footwork","floor":3.0},{"not_picked":["Calculated Gamble","Prepared"],"picked":"Die Die Die","floor":4.0},{"not_picked":["Underhanded Strike","Blade Dance"],"picked":"Finisher","floor":5.0},{"not_picked":["Dagger Throw","Outmaneuver"],"picked":"Dodge and Roll","floor":7.0},{"not_picked":["Quick Slash","Masterful Stab"],"picked":"Leg Sweep","floor":10.0},{"not_picked":["Deadly Poison","Underhanded Strike"],"picked":"Acrobatics","floor":12.0},{"not_picked":["Infinite Blades","Outmaneuver"],"picked":"Noxious Fumes","floor":14.0},{"not_picked":["Masterful Stab+1","Flying Knee"],"picked":"Cloak And Dagger","floor":18},{"not_picked":["Predator","Deadly Poison+1"],"picked":"Footwork+1","floor":20},{"not_picked":["Quick Slash+1","Dagger Throw"],"picked":"Dodge and Roll+1","floor":29},{"not_picked":["Glass Knife","Slice","Choke"],"picked":"SKIP","floor":30},{"not_picked":["Backflip+1","Endless Agony"],"picked":"Flechettes","floor":31},{"not_picked":["Tools of the Trade","A Thousand Cuts"],"picked":"Adrenaline+1","floor":33},{"not_picked":["Masterful Stab","Quick Slash+1"],"picked":"Prepared+1","floor":35},{"not_picked":["Eviscerate+1","Distraction+1","Deflect+1"],"picked":"SKIP","floor":44},{"not_picked":["Panacea+1","Purity+1"],"picked":"Master of Strategy+1","floor":46},{"not_picked":["Escape Plan+1","Acrobatics+1"],"picked":"Deadly Poison+1","floor":48}],"player_experience":224779,"relics_obtained":[{"floor":7.0,"key":"Gremlin Horn"},{"floor":9.0,"key":"Omamori"},{"floor":26,"key":"Happy Flower"},{"floor":30,"key":"Darkstone Periapt"},{"floor":43,"key":"Lantern"}],"event_choices":[{"damage_healed":0.0,"max_hp_gain":0.0,"max_hp_loss":0.0,"gold_gain":0.0,"event_name":"Wheel of Change","player_choice":"Damaged","floor":8.0,"gold_loss":0.0,"damage_taken":7.0},{"damage_healed":0,"gold_gain":0,"player_choice":"Ignored","damage_taken":0,"max_hp_gain":0,"max_hp_loss":0,"event_name":"Ghosts","floor":21,"gold_loss":0},{"damage_healed":0,"gold_gain":0,"player_choice":"Opened","damage_taken":0,"relics_obtained":["Bag of Preparation"],"max_hp_gain":0,"max_hp_loss":0,"event_name":"The Mausoleum","floor":22,"gold_loss":0},{"damage_healed":0,"gold_gain":99,"player_choice":"Stole From Cult","damage_taken":0,"max_hp_gain":0,"max_hp_loss":0,"event_name":"Nest","floor":24,"gold_loss":0},{"damage_healed":0,"gold_gain":0,"player_choice":"2 cards matched","damage_taken":0,"max_hp_gain":0,"max_hp_loss":0,"event_name":"Match and Keep!","floor":27,"gold_loss":0,"cards_obtained":["Pain","Madness"]},{"damage_healed":0,"gold_gain":0,"player_choice":"Ignored","damage_taken":0,"max_hp_gain":0,"max_hp_loss":0,"event_name":"Mysterious Sphere","floor":36,"gold_loss":0},{"damage_healed":18,"gold_gain":0,"player_choice":"Writhe","damage_taken":0,"max_hp_gain":0,"max_hp_loss":0,"event_name":"Winding Halls","floor":37,"gold_loss":0,"cards_obtained":["Writhe"]},{"cards_removed":["Cloak And Dagger"],"damage_healed":0,"gold_gain":0,"player_choice":"Removed Skill","damage_taken":0,"max_hp_gain":0,"max_hp_loss":0,"event_name":"Falling","floor":38,"gold_loss":0},{"damage_healed":0,"gold_gain":0,"player_choice":"Memory 2","damage_taken":5,"max_hp_gain":0,"max_hp_loss":0,"event_name":"SensoryStone","floor":46,"gold_loss":0}],"is_beta":false,"boss_relics":[{"not_picked":["Sozu","Coffee Dripper"],"picked":"Pandora\u0027s Box"},{"not_picked":["Snecko Eye","Black Star"],"picked":"Runic Dome"}],"items_purged_floors":[28,39],"is_endless":false,"potions_floor_spawned":[1,2,7,12,14,16,20,29,31,35],"ascension_level":7}