{"gold_per_floor":[111,121,121,137,148,148,175,192,192,192,225,238,188,206,206,206],"floor_reached":16,"playtime":2039,"items_purged":[],"score":131,"play_id":"ab39eeec-c6d1-4c46-a2bc-2ffd7c065ee5","local_time":"20190704012037","is_ascension_mode":true,"campfire_choices":[{"data":"Armaments","floor":6,"key":"SMITH"},{"floor":10,"key":"REST"},{"floor":15,"key":"REST"}],"neow_cost":"NONE","seed_source_timestamp":910586198270412,"circlet_count":0,"master_deck":["Strike_R","Strike_R","Strike_R","Strike_R","Defend_R","Defend_R","Defend_R","Defend_R","Bash","Offering","Hemokinesis","Armaments+1","Flex","Brutality","Flex","True Grit","Battle Trance","Seeing Red","Shrug It Off"],"relics":["Burning Blood","Pen Nib","Frozen Egg 2","Smiling Mask"],"potions_floor_usage":[11,16,16,16],"damage_taken":[{"damage":4,"enemies":"2 Louse","floor":1,"turns":4},{"damage":11,"enemies":"Small Slimes","floor":2,"turns":4},{"damage":4,"enemies":"Jaw Worm","floor":4,"turns":5},{"damage":16,"enemies":"Exordium Wildlife","floor":5,"turns":4},{"damage":31,"enemies":"3 Sentries","floor":7,"turns":7},{"damage":7,"enemies":"Red Slaver","floor":8,"turns":2},{"damage":39,"enemies":"Gremlin Nob","floor":11,"turns":4},{"damage":9,"enemies":"Blue Slaver","floor":12,"turns":5},{"damage":14,"enemies":"3 Louse","floor":14,"turns":4},{"damage":46,"enemies":"Slime Boss","floor":16,"turns":7}],"seed_played":"-5423019935261936859","potions_obtained":[{"floor":2,"key":"SteroidPotion"},{"floor":7,"key":"SpeedPotion"},{"floor":8,"key":"SteroidPotion"},{"floor":11,"key":"Strength Potion"},{"floor":14,"key":"SkillPotion"}],"is_trial":false,"path_per_floor":["M","M","?","M","M","R","E","M","T","R","E","M","?","M","R","B"],"character_chosen":"IRONCLAD","items_purchased":[],"campfire_rested":2,"item_purchase_floors":[],"current_hp_per_floor":[80,75,75,77,67,67,42,41,41,65,32,29,29,21,45,0],"gold":206,"neow_bonus":"ONE_RANDOM_RARE_CARD","is_prod":false,"is_daily":false,"chose_seed":false,"campfire_upgraded":1,"win_rate":0,"timestamp":1562174437,"path_taken":["M","M","?","M","M","R","E","M","T","R","E","M","?","M","R","BOSS"],"build_version":"2019-07-01","purchased_purges":0,"victory":false,"max_hp_per_floor":[80,80,80,80,80,80,80,80,80,80,80,80,80,80,80,80],"card_choices":[{"not_picked":["Iron Wave","Perfected Strike"],"picked":"Hemokinesis","floor":1},{"not_picked":["Second Wind","Whirlwind"],"picked":"Armaments","floor":2},{"not_picked":["Whirlwind","Twin Strike"],"picked":"Flex","floor":4},{"not_picked":["Reckless Charge","Wild Strike"],"picked":"Brutality","floor":5},{"not_picked":["Clothesline","Perfected Strike"],"picked":"Flex","floor":7},{"not_picked":["Searing Blow","Thunderclap"],"picked":"True Grit","floor":8},{"not_picked":["Fire Breathing+1","Heavy Blade"],"picked":"Battle Trance","floor":11},{"not_picked":["Dual Wield","Shockwave"],"picked":"Seeing Red","floor":12},{"not_picked":["Iron Wave","Uppercut"],"picked":"Shrug It Off","floor":14}],"player_experience":115992,"relics_obtained":[{"floor":7,"key":"Pen Nib"},{"floor":9,"key":"Frozen Egg 2"},{"floor":11,"key":"Smiling Mask"}],"event_choices":[{"damage_healed":0,"gold_gain":0,"player_choice":"Ignored","damage_taken":0,"max_hp_gain":0,"max_hp_loss":0,"event_name":"Liars Game","floor":3,"gold_loss":0},{"cards_removed":["Strike_R"],"damage_healed":0,"gold_gain":0,"player_choice":"Card Removal","damage_taken":0,"max_hp_gain":0,"max_hp_loss":0,"event_name":"The Cleric","floor":13,"gold_loss":50}],"is_beta":false,"boss_relics":[],"items_purged_floors":[],"is_endless":false,"potions_floor_spawned":[2,7,8,11,14],"killed_by":"Slime Boss","ascension_level":3}