{"gold_per_floor":[114,39,52,64,81,81,115,115,115,115,115,115],"floor_reached":12,"playtime":407,"items_purged":["Strike_G"],"score":125,"play_id":"18a13d18-23f3-486d-a17b-72c0c3d57637","local_time":"20181107171200","is_ascension_mode":true,"campfire_choices":[{"data":"Poisoned Stab","floor":6.0,"key":"SMITH"},{"data":"Sucker Punch","floor":8.0,"key":"SMITH"},{"floor":10.0,"key":"REST"}],"neow_cost":"NONE","seed_source_timestamp":361136140597452,"circlet_count":0,"master_deck":["AscendersBane","Defend_G","Defend_G","Defend_G+1","Defend_G","Defend_G","Strike_G","Strike_G","Strike_G","Strike_G","Survivor","Neutralize+1","Footwork","Backflip","Backflip+1","Poisoned Stab+1","Sucker Punch+1"],"special_seed":0,"relics":["Ring of the Snake","War Paint","Potion Belt","Blue Candle"],"potions_floor_usage":[],"damage_taken":[{"damage":7.0,"enemies":"Small Slimes","floor":1.0,"turns":3.0},{"damage":4.0,"enemies":"Jaw Worm","floor":3.0,"turns":6.0},{"damage":0.0,"enemies":"2 Louse","floor":4.0,"turns":3.0},{"damage":2.0,"enemies":"Large Slime","floor":5.0,"turns":11.0},{"damage":34.0,"enemies":"3 Sentries","floor":7.0,"turns":12.0},{"damage":38,"enemies":"Gremlin Nob","floor":12,"turns":4}],"seed_played":"-4470024425794240229","potions_obtained":[{"floor":4.0,"key":"Strength Potion"}],"is_trial":false,"path_per_floor":["M","$","M","M","M","R","E","R","T","R","?","E"],"character_chosen":"THE_SILENT","items_purchased":[],"campfire_rested":1,"item_purchase_floors":[],"current_hp_per_floor":[56,56,52,52,50,50,16,16,16,37,37,0],"gold":115,"neow_bonus":"UPGRADE_CARD","is_prod":false,"is_daily":false,"chose_seed":false,"campfire_upgraded":2,"win_rate":0,"timestamp":1541571120,"path_taken":["M","$","M","M","M","R","E","R","T","R","?","E"],"build_version":"2018-11-05","purchased_purges":1,"victory":false,"max_hp_per_floor":[70,70,70,70,70,70,70,70,70,70,70,70],"card_choices":[{"not_picked":["Backflip","Well Laid Plans"],"picked":"Footwork","floor":1.0},{"not_picked":["Finisher","Prepared"],"picked":"Backflip","floor":3.0},{"not_picked":["Bane","PiercingWail"],"picked":"Backflip","floor":4.0},{"not_picked":["Outmaneuver","Bane"],"picked":"Poisoned Stab","floor":5.0},{"not_picked":["Wraith Form v2","Backflip"],"picked":"Sucker Punch","floor":7.0}],"player_experience":438955,"relics_obtained":[{"floor":7.0,"key":"War Paint"},{"floor":9.0,"key":"Potion Belt"}],"event_choices":[{"damage_healed":0.0,"max_hp_gain":0.0,"max_hp_loss":0.0,"gold_gain":0.0,"event_name":"Dead Adventurer","player_choice":"Searched \u00271\u0027 times","floor":11.0,"gold_loss":0.0,"damage_taken":0.0,"relics_obtained":["Blue Candle"]}],"is_beta":true,"boss_relics":[],"items_purged_floors":[2],"is_endless":false,"potions_floor_spawned":[4],"killed_by":"Gremlin Nob","ascension_level":12}