{"gold_per_floor":[115,115,35,35,185,185,202,234,261,278,278,278,307,317,317,317],"floor_reached":16,"playtime":337,"items_purged":[],"score":266,"play_id":"499c5dde-2725-4992-a00a-a562e138e023","local_time":"20190720124534","is_ascension_mode":true,"campfire_choices":[{"data":"FTL","floor":6.0,"key":"SMITH"},{"data":"FTL","floor":12.0,"key":"SMITH"},{"data":"Glacier","floor":15,"key":"SMITH"}],"neow_cost":"NONE","seed_source_timestamp":882560077226557,"circlet_count":0,"master_deck":["AscendersBane","Strike_B","Strike_B","Strike_B","Defend_B","Defend_B+1","Defend_B","Defend_B","Zap+1","Dualcast","Undo","FTL+1","Doubt","Glacier+1","FTL+1","Leap","Regret","Conserve Battery","Recycle"],"special_seed":0,"relics":["Cracked Core","NeowsBlessing","War Paint","Orichalcum","Oddly Smooth Stone","Lantern","Cables"],"potions_floor_usage":[],"damage_taken":[{"damage":0.0,"enemies":"Jaw Worm","floor":1.0,"turns":1.0},{"damage":0.0,"enemies":"2 Louse","floor":7.0,"turns":1.0},{"damage":0.0,"enemies":"Lagavulin","floor":8.0,"turns":1.0},{"damage":2.0,"enemies":"Small Slimes","floor":10.0,"turns":3.0},{"damage":39.0,"enemies":"Gremlin Nob","floor":13.0,"turns":6.0},{"damage":2.0,"enemies":"3 Louse","floor":14.0,"turns":5.0},{"damage":3,"enemies":"Hexaghost","floor":16,"turns":4}],"seed_played":"3565979402834324057","potions_obtained":[{"floor":1.0,"key":"Poison Potion"},{"floor":13.0,"key":"SpeedPotion"},{"floor":14,"key":"Explosive Potion"}],"is_trial":false,"path_per_floor":["M","?","$","?","?","R","M","E","T","M","?","R","E","M","R","B"],"character_chosen":"DEFECT","items_purchased":["FTL"],"campfire_rested":0,"item_purchase_floors":[3],"current_hp_per_floor":[64,57,57,46,46,46,46,46,46,44,44,44,5,3,3,0],"gold":317,"neow_bonus":"THREE_ENEMY_KILL","is_prod":false,"is_daily":false,"chose_seed":false,"campfire_upgraded":3,"win_rate":0,"timestamp":1563619534,"path_taken":["M","?","$","?","?","R","M","E","T","M","?","R","E","M","R","BOSS"],"build_version":"2019-07-17","purchased_purges":0,"victory":false,"max_hp_per_floor":[71,71,71,71,71,71,71,71,71,71,71,71,71,71,71,71],"card_choices":[{"not_picked":["Consume","Force Field"],"picked":"Undo","floor":1.0},{"not_picked":["Tempest","Compile Driver"],"picked":"Glacier","floor":7.0},{"not_picked":["Loop","Sweeping Beam"],"picked":"FTL","floor":8.0},{"not_picked":["Redo","Ball Lightning"],"picked":"Leap","floor":10.0},{"not_picked":["Seek","Sweeping Beam"],"picked":"Conserve Battery","floor":13.0},{"not_picked":["Compile Driver","Auto Shields"],"picked":"Recycle","floor":14}],"player_experience":631055,"relics_obtained":[{"floor":8.0,"key":"Orichalcum"},{"floor":9.0,"key":"Oddly Smooth Stone"},{"floor":13.0,"key":"Cables"}],"event_choices":[{"cards_removed":["Strike_B"],"damage_healed":0.0,"max_hp_gain":0.0,"max_hp_loss":0.0,"gold_gain":0.0,"event_name":"Golden Wing","player_choice":"Card Removal","floor":2.0,"gold_loss":0.0,"damage_taken":7.0},{"damage_healed":0.0,"max_hp_gain":0.0,"max_hp_loss":0.0,"gold_gain":0.0,"event_name":"Scrap Ooze","player_choice":"Success","floor":4.0,"gold_loss":0.0,"damage_taken":11.0,"relics_obtained":["War Paint"]},{"damage_healed":0.0,"max_hp_gain":0.0,"max_hp_loss":0.0,"gold_gain":150.0,"event_name":"Liars Game","player_choice":"AGREE","floor":5.0,"gold_loss":0.0,"damage_taken":0.0,"cards_obtained":["Doubt"]},{"damage_healed":0.0,"max_hp_gain":0.0,"max_hp_loss":0.0,"gold_gain":0.0,"event_name":"Big Fish","player_choice":"Box","floor":11.0,"gold_loss":0.0,"damage_taken":0.0,"relics_obtained":["Lantern"],"cards_obtained":["Regret"]}],"is_beta":false,"boss_relics":[],"items_purged_floors":[],"is_endless":false,"potions_floor_spawned":[1,13,14],"killed_by":"Hexaghost","ascension_level":20}